4670 6046
250 2311 308 2366 Alia
325 2321 469 2383 praecepta.

538 545 615 619 coa
711 626 718 638 ‚
1043 538 1479 618 connexuimus

535 728 620 791 minit
642 729 749 792 Petrtas
771 725 949 790 Lambecius
971 723 1175 788 Bibliothecae
1200 723 1371 788 Caesareae
1394 727 1414 790 l.
1437 727 1469 792 8.
1492 733 1524 790 ct
1545 725 1697 789 Anastasii
1720 724 1905 804 Sinaitae,de

537 828 643 891 eadem
667 833 853 910 argumento.
898 824 984 888 Unde
1012 825 1042 886 in
1066 822 1239 888 Canonibus
1264 826 1529 907 poenitentialibus
1552 827 1662 900 ratila,
1684 833 1742 887 tam
1765 826 1902 890 Arabicis

536 946 625 1008 quam
648 925 790 1008 Syriacis,
813 925 996 1006 poenitentia
1018 923 1236 1004 praescribitur
1257 925 1404 988 adversus
1428 944 1493 1002 eos,
1521 927 1572 1007 qui
1595 926 1790 988 contrahens
1813 925 1903 989 disci-

536 1027 647 1108 plinam
668 1033 885 1108 peccaverunt,
908 1033 941 1087 ut
962 1025 992 1088 in
1017 1024 1140 1088 Graecis
1163 1031 1195 1086 et
1215 1024 1339 1090 Latinis.

623 1127 689 1188 Pari
711 1127 828 1188 ratione
850 1123 1021 1187 excluditur
1050 1124 1300 1187 ceommunione
1330 1123 1440 1186 Laicus
1471 1131 1501 1186 et
1524 1123 1676 1187 Sacerdos
1708 1143 1725 1185 a
1755 1125 1900 1188 sacrificio

535 1224 719 1288 celebrando
746 1226 796 1306 qui
822 1242 879 1306 per
905 1225 1053 1287 somnium
1080 1222 1249 1285 illusionem
1279 1240 1388 1304 passus
1418 1231 1481 1299 est,
1510 1241 1571 1286 non
1602 1223 1682 1304 quod
1704 1223 1818 1285 idcirco
1848 1225 1902 1286 im-

535 1325 662 1388 mundus
685 1326 740 1403 sit,
763 1332 796 1386 ut
823 1324 952 1387 habetur
982 1325 1010 1385 in
1034 1323 1178 1404 Syrorum
1201 1322 1432 1386 Nomocanone:
1462 1321 1517 1386 sed
1550 1322 1589 1385 ob
1619 1322 1764 1384 honorem
1794 1321 1901 1386 Sacra-

536 1433 718 1487 mentorum:
749 1431 839 1504 atque
868 1424 908 1485 ita
937 1421 1069 1485 lacobus
1099 1422 1283 1486 Edessenus.
1328 1423 1473 1484 Permittit
1501 1429 1600 1484 tamen
1629 1421 1797 1503 Liturgiam
1821 1423 1901 1485 cele-

536 1526 626 1586 brare
648 1521 774 1585 Michael
797 1522 945 1585 Malichae
966 1522 1146 1603 Episcopus,
1170 1522 1199 1581 si
1218 1523 1317 1584 andus
1340 1523 1419 1584 alins
1431 1521 1587 1584 Sacerdos
1607 1530 1762 1596 occurrat,
1784 1524 1836 1602 pai
1856 1516 1906 1584 die

534 1622 614 1701 festo
637 1629 691 1683 ant
713 1621 863 1684 dominico
885 1624 968 1684 cicer
990 1623 1055 1700 nias
1075 1621 1198 1700 capiere
1220 1629 1309 1700 aneta
1319 1642 1332 1694 ;
1356 1621 1551 1700 praecipiens
1579 1627 1677 1682 tamen
1695 1623 1783 1701 prins
1805 1629 1835 1684 et
1853 1622 1901 1682 ln-

536 1723 608 1784 cari
629 1739 749 1800 corpus,
771 1727 802 1781 et
819 1722 889 1800 {ieri
909 1728 1097 1794 metanoeas,
1124 1739 1178 1781 aen
1200 1721 1422 1798 prostrationes
1448 1725 1565 1780 cenmrn
1592 1721 1826 1800 painmanpiram
1853 1725 1903 1782 ant

537 1823 627 1883 ctiam
650 1827 799 1880 accedas
826 1821 855 1880 si
882 1818 1037 1882 Sacerdos
1057 1837 1188 1882 umorem
1207 1838 1268 1882 non
1289 1819 1409 1881 nobem.
1454 1817 1544 1880 Extat
1573 1819 1605 1881 in
1634 1818 1819 1882 Graecorum
1840 1819 1900 1880 Eu-

538 1918 679 2000 cbologio
701 1917 827 1981 cilicium
849 1918 886 1980 ad
908 1919 986 1981 illius
1009 1917 1210 1982 immunditiae
1234 1920 1445 2000 expiationem.
1480 1917 1620 1986 Canones
1643 1927 1803 1999 practerea
1824 1937 1900 2000 poe-

537 2017 719 2095 nitentiales,
742 2016 821 2080 hanc
844 2016 1031 2099 disciplinam
1053 2017 1238 2080 confirmant.
1289 2018 1490 2080 Menstruatas
1513 2034 1635 2098 quoque
1657 2017 1811 2096 mulieres,
1835 2027 1900 2081 eta

536 2125 625 2198 partu
646 2123 787 2178 recentes
811 2136 828 2178 a
852 2117 1060 2182 communione
1083 2115 1261 2178 excludunt:
1285 2123 1374 2197 atque
1397 2116 1436 2178 de
1452 2133 1537 2178 earc
1551 2123 1655 2180 extant
1668 2116 1899 2180 Constitutioncs

538 2217 615 2280 dnae
639 2214 745 2279 Severi
766 2214 947 2279 Antiocheni
970 2224 1001 2278 et
1021 2216 1127 2278 Jacobi
1148 2216 1308 2294 Edessam,
1330 2217 1361 2277 in
1384 2214 1528 2296 Syrorum
1551 2215 1777 2281 Nomocanone.

625 2313 745 2377 Gabriel
768 2314 788 2376 l.
810 2314 919 2376 'larich
942 2315 971 2376 in
995 2315 1069 2391 suis,
1092 2322 1173 2378 velat
1195 2335 1233 2376 ne
1254 2334 1380 2395 cesperc
1401 2315 1550 2393 ejasdiei,
1572 2317 1624 2395 qni
1644 2313 1803 2397 Litnnrpiac
1824 2317 1900 2378 celc-

537 2417 707 2480 brationem
728 2414 887 2489 antecedit,
909 2414 1064 2476 Sacerdos
1085 2415 1171 2476 bibat
1190 2415 1334 2494 moran
1352 2414 1452 2489 udnnn
1474 2431 1533 2495 pua
1554 2416 1668 2476 natan
1688 2424 1781 2494 caput
1798 2417 1899 2495 possit.

535 2516 574 2579 Et
596 2521 667 2596 post
690 2505 876 2577 Sacramenti
898 2514 1127 2594 perceptionem
1150 2513 1241 2576 multa
1262 2512 1403 2594 prohibet
1427 2512 1588 2575 Orientalis
1610 2512 1779 2594 disciplina.
1810 2514 1901 2578 Jaco-

536 2614 593 2676 bus
614 2611 800 2676 Edessenus.
833 2610 901 2673 Non
923 2620 1041 2692 oportet
1062 2613 1190 2693 ationem
1209 2621 1280 2692 post
1300 2614 1518 2692 acceptionem
1539 2611 1813 2690 Sacramentontm,
1835 2614 1900 2676 bol·

535 2731 624 2775 nenne
646 2711 743 2785 adire,
766 2710 877 2784 ἱαυανί,
899 2718 953 2773 aut
981 2720 1073 2789 capnt
1098 2712 1227 2787 rudere,
1254 2730 1315 2773 non
1336 2713 1417 2793 quod
1437 2711 1512 2774 illud
1532 2714 1573 2773 sit
1590 2721 1749 2791 peccatura
1770 2713 1899 2788 mortale,

537 2809 592 2872 sed
609 2816 736 2889 propter
758 2809 936 2870 scandalum
954 2809 1086 2888 fidetium
1108 2817 1138 2870 et
1158 2811 1302 2872 tanmem
1322 2811 1600 2874 Sacramentomm.
1651 2812 1684 2873 ln
1711 2812 1901 2886 Quaestioni-

536 2909 593 2970 bus
617 2927 657 2970 ex
680 2906 814 2970 doctrina
836 2908 964 2970 Patrum.
1006 2907 1131 2970 Licetne
1152 2910 1197 2971 idi
1217 2912 1367 2972 enicem
1388 2918 1473 2972 secta
1493 2919 1548 2986 eat,
1571 2919 1625 2973 aut
1644 2913 1697 2992 qui
1716 2914 1796 2974 rasit
1816 2919 1903 2994 capnt

537 3027 632 3086 mnan,
655 3009 761 3070 cedern
783 3008 833 3070 die
855 3009 1086 3070 communicare.
1131 3008 1352 3089 Respondetur.
1396 3009 1484 3072 Licet
1511 3012 1542 3071 ei
1562 3013 1794 3086 communicare,
1816 3010 1900 3072 modo

536 3106 613 3168 haec
635 3113 705 3168 ante
725 3106 951 3168 Eucharisticm
971 3114 1100 3168 martana
1119 3107 1250 3186 fecerit;
1282 3117 1389 3188 postea
1410 3129 1471 3171 nen
1493 3110 1570 3172 licet.
1615 3109 1727 3171 Eadem
1756 3109 1900 3172 sentemia

536 3203 591 3266 fuit
613 3205 765 3269 Theodori
785 3204 971 3269 balsamonis
999 3207 1029 3268 in
1059 3206 1224 3287 Responsis
1254 3207 1291 3270 ad
1322 3207 1464 3282 Quaesita
1491 3210 1580 3272 Marci
1611 3208 1824 3283 Alexandrini,
1853 3199 1899 3269 ubi

536 3302 613 3366 haec
633 3304 701 3367 lieri
723 3304 856 3388 legitime
877 3323 971 3386 posse
992 3313 1095 3388 negat,
1118 3325 1186 3369 mm
1208 3325 1244 3368 ec
1266 3308 1326 3383 die,
1347 3309 1452 3388 inquit,
1473 3309 1594 3387 manas
1609 3307 1674 3369 Dea
1696 3325 1790 3388 apere
1810 3325 1899 3386 apor-

536 3410 607 3480 teat,
631 3403 669 3466 ob
690 3405 844 3467 Dmnbrici
863 3407 1004 3485 corporis
1025 3407 1253 3485 menapum,
1274 3425 1418 3469 rtaneero
1440 3408 1528 3486 aqna
1547 3406 1657 3485 socen,
1679 3415 1734 3468 ont
1754 3407 1899 3480 deliciari,

534 3501 584 3562 ccl
604 3504 735 3565 secanae
756 3522 852 3566 cenae
871 3506 903 3566 in
926 3504 1053 3584 almam
1081 3505 1156 3566 mali
1183 3507 1346 3567 deminae
1371 3508 1484 3568 aenne.
1529 3503 1583 3568 llis
1611 3505 1788 3568 testimoniis
1817 3505 1897 3584 plura

535 3600 659 3684 adjungi
681 3608 822 3683 possunt,
852 3602 907 3665 sed
929 3621 979 3666 res
1009 3604 1050 3666 ita
1080 3611 1164 3666 certa
1194 3611 1258 3682 est,
1292 3604 1489 3686 omnibusque
1518 3603 1663 3668 Ecclesiis
1691 3607 1898 3687 cujuscumque

534 3698 666 3784 linguae,
691 3709 723 3764 ut
745 3702 836 3764 etiam
857 3701 982 3765 Graecis
1005 3721 1044 3764 ex
1065 3721 1123 3764 usu
1145 3703 1319 3783 quotidiano
1349 3704 1519 3783 notissima,
1557 3712 1589 3766 ut
1619 3704 1727 3768 diutius
1755 3703 1898 3766 hnmorari

537 3800 568 3862 in
590 3819 627 3862 ea
649 3801 829 3883 exponenda
852 3819 981 3864 necesse
1004 3819 1064 3864 non
1087 3803 1135 3864 sit.

242 3891 524 3949 amentatumeurane
623 3899 769 3982 Superest
790 3908 823 3963 ut
845 3900 883 3963 de
906 3918 978 3966 cura
1001 3919 1088 3982 mom
1111 3902 1246 3965 adhiberi
1267 3902 1456 3984 praecipiunt
1478 3902 1648 3967 orientales
1671 3903 1840 3981 Christiani,
1862 3919 1897 3964 na

192 3981 376 4056 'Eucharistia
402 3983 524 4076 profane-
536 3997 723 4062 Eucharistia
745 3999 950 4083 negligentius
972 3999 1129 4078 habeatur,
1151 4021 1190 4064 ne
1213 4001 1342 4080 decidat,
1366 4021 1405 4065 ne
1419 4002 1626 4080 conculcetur,
1649 4020 1688 4064 ne
1714 4002 1895 4084 profanetur,

216 4074 265 4120 tur.

536 4114 635 4178 pauca
657 4099 808 4162 dieantur:
831 4099 906 4161 haec
929 4099 1007 4162 enim
1029 4117 1101 4163 cura
1124 4100 1162 4163 ad
1183 4101 1361 4183 religionem
1384 4102 1525 4166 attidem
1548 4102 1585 4166 de
1609 4103 1804 4168 Sacramenta
1828 4121 1896 4184 per-

536 4197 621 4274 tinet,
644 4217 744 4281 aeque
766 4200 927 4261 communis
951 4198 1036 4261 locus
1059 4199 1090 4261 in
1118 4203 1334 4264 controversiis
1363 4204 1460 4285 magis
1487 4203 1657 4285 exagitatus
1685 4203 1896 4266 al‘rotestan-

536 4295 615 4359 tibus
638 4296 703 4377 init,
726 4315 763 4360 eo
786 4297 994 4377 confidentius,
1018 4316 1077 4380 quo
1099 4300 1228 4382 majores
1256 4300 1314 4363 buc
1343 4319 1441 4382 usque
1475 4302 1598 4364 luerunt
1631 4304 1661 4364 in
1690 4303 1776 4364 istius
1808 4303 1896 4365 disci·
1921 4377 1940 4392 ,

535 4397 635 4477 plinae
658 4397 783 4461 historia
805 4399 962 4476 tenebrae,
986 4416 1060 4480 quas
1089 4398 1313 4463 itinerariorum
1342 4401 1476 4464 Antores
1504 4419 1617 4464 summa
1647 4403 1814 4464 temeritate
1835 4417 1894 4476 stra,

537 4503 688 4559 auxerunt
709 4497 815 4560 anirum
836 4499 867 4560 in
889 4497 1017 4564 modum.
1048 4499 1126 4562 Nihil
1150 4507 1247 4562 tamen
1269 4501 1392 4579 certius,
1415 4518 1503 4582 quam
1525 4500 1606 4582 quod
1629 4504 1708 4565 inter
1729 4499 1895 4564 Orientales

537 4592 724 4661 Christianos
747 4598 814 4662 talis
837 4604 869 4660 et
890 4605 972 4660 tanta
993 4598 1024 4661 in
1047 4599 1211 4662 tractandis
1233 4601 1385 4681 mysteriis
1407 4601 1525 4662 cautela
1548 4600 1739 4678 adhibeatis,
1769 4610 1895 4682 atquae

535 4694 622 4757 nobis
654 4695 816 4762 Catholicis
847 4696 986 4780 objicitur
1008 4705 1147 4780 unquam
1170 4706 1238 4761 neta
1265 4699 1385 4761 noviter
1412 4719 1452 4762 ex
1473 4699 1808 4763 'l'ransubstantiationis
1830 4699 1895 4779 opi-

536 4792 637 4873 nione,
662 4795 770 4878 religio
793 4804 825 4859 et
847 4814 919 4859 cura
942 4798 1023 4859 circa
1045 4815 1149 4862 eoram
1172 4799 1406 4878 venerationem,
1430 4806 1599 4882 metumque
1622 4819 1661 4864 ne
1676 4799 1894 4863 Sacramentum

535 4891 632 4954 minus
656 4893 747 4976 digne
769 4894 925 4975 habeatur,
951 4905 1123 4978 comparata
1153 4917 1219 4960 cum
1247 4915 1283 4960 ea
1305 4915 1395 4980 quam
1416 4897 1459 4961 illi
1481 4897 1677 4963 adhibendam
1700 4899 1894 4980 praecipiunt,

537 4989 609 5054 nihil
632 5009 702 5056 esse
726 4994 872 5060 videatur.
917 4995 1050 5060 Vidimus
1072 4997 1102 5058 in
1123 4996 1219 5062 relato
1243 4997 1390 5062 Gabrielis
1412 4997 1463 5062 filii
1487 4997 1595 5062 Tariclr
1609 5000 1789 5079 testimonio,
1811 5014 1894 5080 quan
