4684 6042
656 653 709 726 44
1161 654 1520 732 nlttnnln

655 843 853 915 memoratio
879 864 966 936 quae
991 839 1091 915 bodie
1116 845 1237 933 agitur,
1263 845 1307 914 sit
1331 843 1413 937 ipsis
1439 851 1594 938 tanquam
1620 866 1733 916 murus
1759 843 1893 936 firmus,
1921 870 2030 944 supe-

655 977 877 1062 ransomnes
905 957 1152 1031 daemoniorum
1179 957 1331 1045 insultas,
1358 968 1392 1030 et
1418 959 1555 1032 consilia
1582 961 1749 1034 bominum
1767 962 2002 1058 improborum.

757 1085 945 1160 Diaconos.
997 1087 1149 1160 Adorate
1174 1087 1283 1158 Deum
1309 1109 1383 1160 curn
1410 1091 1539 1160 timore.

756 1202 941 1275 Sacerdos.
994 1203 1177 1292 Memento,
1200 1204 1355 1291 Domine,
1372 1208 1538 1278 tenuitatis
1556 1228 1665 1296 meae,
1683 1215 1718 1278 et
1732 1210 1890 1281 miseriae
1901 1213 2030 1283 animae

654 1341 763 1407 meae,
791 1328 825 1390 et
849 1319 975 1412 largire
1000 1317 1089 1408 mibi,
1116 1327 1151 1389 ut
1176 1319 1357 1411 intelligam
1385 1331 1529 1414 quantae
1555 1321 1722 1414 dignitatis
1750 1327 1793 1396 sit
1819 1325 1953 1398 adstare
1973 1351 2029 1399 me

656 1433 699 1506 ad
727 1435 830 1506 altare
857 1445 946 1508 tuum
974 1445 1132 1508 sanctum.
1183 1435 1293 1507 Aufer
1325 1457 1427 1508 ame
1463 1441 1574 1509 omnia
1609 1438 1777 1512 desideria
1810 1443 2029 1538 insipientiae,

656 1560 690 1622 et
712 1553 912 1642 juventutis:
952 1575 1062 1646 neque
1096 1550 1160 1623 boc
1191 1551 1268 1622 mibi
1301 1573 1409 1645 grave
1443 1555 1487 1624 sit
1512 1575 1586 1625 cum
1613 1555 1879 1650 respondendum
1906 1562 1969 1630 erit
1994 1563 2028 1630 in

655 1667 710 1738 die
735 1669 791 1739 illo
819 1667 967 1740 terribili.
1019 1667 1143 1739 Libera
1174 1690 1229 1740 me
1261 1673 1362 1740 etiam
1393 1665 1435 1738 ab
1472 1669 1625 1741 omnibus
1651 1673 1898 1767 operationibus
1924 1685 2028 1770 pote-

655 1788 749 1857 statis
776 1782 976 1856 adversarii:
1010 1806 1121 1879 neque
1155 1807 1210 1855 me
1241 1784 1364 1879 perdas
1397 1795 1536 1881 propter
1561 1790 1751 1881 iniquitates
1777 1811 1893 1878 meas,
1919 1813 2029 1886 neque

653 1901 810 1972 irascaris
837 1901 914 1972 mihi
941 1903 1105 1997 usquein
1133 1910 1315 1989 aeternum,
1341 1923 1451 1996 neque
1478 1924 1598 1974 serves
1627 1903 1704 1974 mibi
1735 1902 1822 1975 mala
1847 1918 1942 1994 mea,
1968 1905 2029 1978 scd

651 2016 793 2088 ostende
818 2017 896 2088 mibi
922 2017 1103 2090 bonitatem
1122 2037 1204 2108 erga
1230 2025 1404 2106 metuam,
1431 2028 1466 2088 et
1486 2016 1591 2089 libera
1614 2041 1668 2090 me
1689 2020 1871 2112 indignum,
1899 2043 2026 2093 secun-

651 2133 727 2205 dum
758 2134 995 2206 multitudinem
1028 2133 1281 2207 misericordiae
1317 2144 1395 2204 tuae
1427 2155 1529 2228 super
1561 2157 1626 2205 me.
1684 2137 1778 2207 Touo
1813 2138 2026 2210 deperient

651 2247 846 2321 benedicam
873 2249 931 2322 tihi
957 2273 1091 2347 semper
1117 2249 1269 2322 omnibus
1297 2248 1414 2322 diebus
1441 2253 1532 2322 vitae
1558 2272 1664 2321 meae.

751 2382 894 2455 Domine
922 2387 1092 2456 miserere.
1145 2381 1326 2474 Memento,
1352 2383 1508 2472 Domine,
1535 2405 1715 2456 consessus
1737 2383 1831 2475 hujus
1859 2386 2025 2460 sacerdo-

647 2497 723 2570 talis
751 2503 856 2572 sancti
882 2503 940 2590 tui,
968 2510 1002 2571 ct
1028 2503 1135 2572 omnis
1162 2497 1296 2571 Ordinis
1323 2499 1540 2572 sacerdotalis
1568 2498 1765 2572 Orthodoxi.

750 2631 939 2714 Diaconos.
993 2633 1095 2705 Orate
1122 2654 1184 2729 pro
1217 2632 1281 2705 bac
1307 2642 1422 2706 sancta
1454 2637 1720 2726 congregatione
1747 2633 1959 2728 sacerdotali,
1988 2647 2024 2710 et

647 2769 710 2844 pro
738 2753 827 2820 omni
855 2749 980 2822 Ordine
1006 2747 1217 2821 sacerdotum
1246 2748 1529 2840 Ortbodoxorum,
1555 2761 1591 2820 nt
1617 2750 1768 2823 Christus
1787 2753 1881 2823 Dens
1907 2763 2024 2826 noster

648 2865 821 2936 confirmet
846 2865 922 2937 illos
948 2869 981 2936 in
1008 2864 1073 2936 lide
1101 2865 1298 2938 Orthodoxa
1325 2887 1431 2962 usque
1458 2866 1500 2937 ad
1527 2876 1712 2938 extremum
1740 2869 1900 2962 spiritum.

750 2997 935 3070 Sacerdos.
988 2996 1165 3071 momnis
1192 2998 1315 3071 ordinis
1342 2999 1560 3072 sacerdotalis
1586 2999 1855 3073 Ortbodonorum
1884 3011 1917 3073 et
1942 3004 2023 3073 uni-

646 3119 739 3186 versi
765 3115 879 3211 populi
906 3119 960 3210 qni
987 3124 1052 3187 stat
1079 3137 1193 3188 coram
1221 3125 1264 3187 te.
1316 3118 1485 3190 Memento
1511 3121 1633 3207 nostri,
1662 3117 1825 3208 Domine,
1861 3117 2023 3206 Domine,

645 3235 679 3303 in
706 3232 934 3305 misericordia
960 3241 994 3304 et
1018 3233 1298 3322 miserationibus,
1324 3243 1358 3304 et
1385 3231 1460 3305 dele
1487 3235 1675 3328 iniquitates
1703 3242 1850 3323 nostras,
1877 3231 2022 3322 obone,

646 3357 775 3421 amator
800 3347 966 3421 bominum
991 3347 1095 3423 Deus.
1146 3346 1231 3421 Esto
1268 3351 1379 3422 socius
1413 3347 1608 3440 nobiscum,
1641 3358 1677 3420 nt
1702 3353 1925 3422 ministremus
1951 3372 2022 3421 no-

645 3467 724 3536 mini
752 3476 808 3538 tuo
837 3455 964 3538 sancto.

746 3601 890 3672 Domine
915 3605 1087 3675 miserere.
1140 3599 1288 3672 Benedic
1314 3599 1635 3692 congregationibus
1663 3603 1799 3673 nostris.

745 3732 933 3806 Diaconos.
988 3735 1091 3808 Orate
1129 3755 1192 3829 pro
1228 3733 1292 3804 bac
1324 3735 1589 3824 congregatione
1621 3742 1736 3806 nostra
1770 3741 1804 3804 et
1835 3754 1896 3828 pro
1932 3737 2022 3806 omni

642 3853 906 3942 congregatione
938 3850 1135 3948 populorum
1171 3849 1466 3939 Orthodoxorum,
1508 3858 1543 3920 ut
1584 3845 1734 3922 Christus
1769 3849 1864 3922 Deus
1903 3860 2020 3922 noster

642 3964 817 4039 benedicat
844 3977 877 4038 et
903 3967 1055 4063 perficiat
1077 3965 1153 4040 illos
1180 3969 1214 4036 in
1240 3989 1326 4062 pace
1353 3976 1387 4037 et
1412 3969 1556 4038 remittat
1580 3963 1679 4037 nobis
1700 3975 1840 4062 peccata
1866 3975 1991 4038 nostra.

745 4099 930 4171 Sacerdos.
984 4098 1115 4173 Cultum
1140 4098 1304 4172 idolorum
1330 4119 1469 4194 prorsus
1497 4121 1544 4170 ex
1569 4097 1691 4171 mundo
1720 4102 1923 4170 extermina:
1950 4121 2014 4170 sa-

641 4227 753 4288 tanam
788 4228 822 4289 et
856 4237 972 4289 omnes
1006 4225 1192 4312 potestates
1225 4219 1297 4308 ejus
1331 4218 1496 4312 pessimas
1529 4222 1667 4286 contere
1702 4223 1736 4286 et
1771 4214 1921 4310 deprime
1953 4215 2014 4287 sub

640 4333 781 4428 pedibus
807 4336 932 4406 nostris
958 4333 1139 4406 velociter:
1174 4332 1332 4407 scandala
1363 4342 1397 4403 et
1430 4353 1544 4404 eorum
1573 4340 1708 4404 autores
1745 4353 1942 4426 compesce,
1981 4339 2017 4402 ut

640 4448 792 4521 finiantur
828 4449 1010 4524 divisiones
1050 4447 1261 4546 perniciosae
1294 4447 1498 4521 haereseon:
1536 4447 1679 4520 bostium
1723 4446 1900 4518 Ecclesiae
1940 4458 2016 4518 tuae

640 4577 788 4657 sanctae,
814 4568 969 4657 Domine,
996 4576 1032 4637 nt
1057 4588 1211 4663 semper,
1241 4569 1286 4637 ita
1314 4569 1413 4638 etiam
1440 4587 1527 4636 nunc
1554 4562 1686 4636 destrue
1714 4560 1904 4658 superbiam
1930 4581 2016 4632 cor-

639 4681 705 4753 dis:
744 4681 801 4754 lac
835 4683 898 4756 illis
932 4693 1043 4778 notam
1077 4683 1241 4756 velociter
1275 4681 1532 4754 imbecillitatem
1572 4701 1683 4752 suam:
1719 4681 1865 4774 reprime
1901 4697 2016 4748 corum

638 4796 809 4887 invidiam,
835 4797 970 4870 fraudes
998 4807 1032 4870 et
1057 4798 1341 4887 machinationes,
1374 4807 1409 4870 et
1440 4797 1621 4870 calumnias
1648 4794 1765 4891 quibus
1801 4817 1866 4867 nos
1900 4795 2014 4888 iunpu-

597 4931 600 4948 ·
641 4924 762 5006 gnant:
790 4936 917 5009 easque
935 4914 1038 4987 redde
1053 4936 1168 4989 omnes
1187 4915 1334 4987 inutiles:
1362 4914 1486 5010 dissipa
1507 4911 1647 4986 consilia
1671 4934 1801 5001 eorum,
1827 4910 1933 5003 Dens,
1961 4913 2016 5006 qui

641 5030 807 5125 dissipasti
834 5031 1008 5103 consilium
1032 5031 1239 5127 Achitopbel.
1278 5031 1431 5124 Exurge,
1457 5030 1600 5103 Domine
1626 5029 1732 5118 Deus,
1759 5036 1792 5098 et
1818 5026 2018 5124 dissipentur

637 5169 757 5220 omnes
784 5150 905 5219 inimici
940 5151 1001 5240 tui,
1037 5159 1071 5219 et
1096 5147 1225 5240 fugiant
1256 5172 1276 5220 a
1302 5148 1389 5220 facie
1416 5157 1470 5220 tua
1498 5169 1615 5220 omnes
1644 5148 1699 5241 qni
1726 5143 1868 5218 oderant
1893 5165 2017 5218 nomen
