4760 6038
670 551 783 630 xcvi
1176 559 1556 637 ntssntnnnto

671 765 787 816 eorum
821 744 972 842 discipuli
1005 767 1081 816 eum
1112 746 1327 834 retinuerint,
1363 763 1461 839 pem
1495 742 1538 816 ab
1571 748 1663 818 inin'o
1696 747 1866 819 institutae
1902 745 2049 820 familiae

670 881 753 932 suae
794 858 1010 934 observatum
1043 858 1213 931 videbant
1273 857 1325 932 Sit
1359 863 1392 930 iu
1423 859 1584 954 Hispania
1610 859 1794 934 Tolotanns
1827 860 1945 956 uliquis
1971 864 2049 936 Ar-

669 975 923 1070 cbiopiscopns,
950 984 1007 1046 aut
1032 978 1131 1045 etiam
1155 974 1274 1066 jubeat
1298 972 1471 1048 Romanus
1498 974 1676 1068 Pontifex,
1711 985 1748 1048 nt
1780 975 1842 1060 vel¹
1863 976 2048 1052 Toletauos

668 1100 824 1180 veteres,
851 1111 937 1185 quos
965 1083 1336 1164 Cardinaliinmeoius
1364 1086 1406 1161 ab
1433 1092 1627 1162 interimet
1655 1089 1824 1163 oblivione
1850 1090 2047 1182 vindicavit,

670 1212 726 1275 unt
759 1206 867 1300 ipsum
900 1205 1088 1277 Romanum
1122 1226 1287 1299 usurpare
1322 1227 1384 1278 eos
1415 1205 1554 1296 jubeat,
1596 1203 1774 1278 tuebuntur
1810 1229 1850 1281 se
1885 1209 2048 1298 maiomm

670 1320 846 1417 exemplo,
873 1330 907 1392 et
933 1322 1143 1415 antiquitate,
1170 1341 1268 1414 qnam
1295 1321 1325 1392 si
1351 1342 1427 1393 cnm
1452 1330 1595 1416 utroque
1622 1322 1727 1395 altero
1762 1325 1827 1392 ritu
1862 1343 2049 1419 compare-

669 1445 743 1530 tur,
767 1458 895 1508 meram
922 1457 1001 1508 esse
1027 1437 1209 1506 novitatem
1243 1436 1382 1529 quisque
1418 1441 1581 1528 agnoscit.
1635 1437 1768 1524 Quanto
1802 1440 1911 1529 magis
1946 1441 2047 1528 igitur

578 1575 582 1587 ¹
670 1551 758 1646 apud
789 1549 940 1624 bomiues
974 1549 1167 1638 illiteratos,
1205 1547 1412 1621 Graecomm
1443 1549 1625 1641 librorum,
1660 1560 1695 1622 et
1727 1555 1891 1644 originum
1918 1551 2048 1624 Eccle-

670 1667 878 1737 siasticarum
903 1667 1187 1760 imperitissimos,
1215 1663 1369 1736 accidere
1396 1668 1519 1761 potuit,
1545 1675 1581 1736 nt
1603 1688 1690 1760 quae
1712 1664 1777 1738 sibi
1790 1670 1905 1759 ignota
1921 1678 2048 1760 essent,

670 1782 700 1852 si
728 1781 769 1852 ab
798 1803 840 1851 ea
867 1780 1062 1871 traditione,
1089 1801 1188 1874 quam
1215 1803 1236 1850 a
1262 1779 1476 1870 BenJamino,
1505 1784 1560 1876 qui
1586 1784 1712 1878 primns
1740 1780 1801 1854 sub
1822 1780 2047 1854 lllubameda-

668 1915 788 1965 nomm
802 1894 990 1990 ¹tyrannide
1016 1917 1074 1968 res
1090 1893 1348 1968 Ecclesiasticus
1376 1895 1558 1990 ordinavit,
1585 1896 1718 1995 paulum
1745 1895 1980 1988 deflecterent,
2005 1921 2046 1971 ea
2146 1965 2150 1976 .

667 2009 851 2100 rejicienda
874 2011 1070 2101 judicarent.

376 2125 434 2186 0¹¹⁰
452 2137 568 2197 temnere
585 2133 655 2186 ittam
770 2127 913 2198 XXXV.
956 2126 1053 2213 Quae
1086 2124 1277 2198 referuntur
1311 2125 1352 2198 ab
1380 2127 1556 2199 Historiois
1597 2126 1658 2200 sub
1687 2126 1844 2200 Gabriele
1874 2125 1942 2200 lilio
1970 2129 2046 2200 'la-

342 2210 653 2272 lactamlniasescribant·

395 2299 457 2351 ilat.
482 2301 554 2355 Patr.
578 2307 652 2360 Ale-n.

338 2401 367 2452 p.
378 2385 440 2439 ⁵02.
453 2388 515 2440 526.

666 2241 749 2332 rich,
777 2245 831 2336 qui
866 2242 1036 2314 ordinatus
1063 2251 1116 2312 est
1142 2264 1194 2313 an.
1233 2242 1264 2313 J.
1293 2239 1331 2314 C.
1358 2240 1548 2315 lthXXXl.
1577 2253 1612 2314 et
1637 2240 1698 2315 sub
1725 2243 1870 2332 loanne,
1898 2248 1955 2339 qni
1982 2265 2046 2316 or-

667 2357 797 2430 dinatus
824 2368 877 2430 est
902 2379 954 2428 an.
981 2352 1184 2430 MCXLVll.
1209 2359 1427 2449 contigerunt.
1463 2358 1539 2430 Jam
1564 2361 1664 2450 igitur
1697 2368 1731 2429 et
1762 2379 1836 2430 vox
1872 2355 2048 2448 ζωοποιὸς

667 2484 702 2546 et
728 2473 833 2546 altera
859 2472 1015 2545 formula:
1040 2476 1129 2566 fecit
1153 2472 1245 2544 illam
1270 2497 1371 2543 cnara
1389 2496 1462 2544 cam
1483 2473 1662 2545 diuinitate
1686 2497 1760 2562 acu,
1788 2476 1822 2544 in
1848 2495 1912 2546 usn
1938 2485 2046 2569 erant,

668 2589 757 2684 quod
790 2592 889 2661 etiam
922 2589 1120 2661 confirmare
1146 2597 1258 2685 potest
1282 2588 1384 2681 Regii
1409 2589 1535 2662 codicis
1564 2591 1737 2678 autoritas,
1764 2611 1840 2660 nam
1868 2599 1926 2661 aut
1952 2593 2044 2662 anti-

667 2709 764 2800 quior
791 2716 854 2795 est,
881 2714 938 2775 aut
964 2727 1004 2777 ea
1031 2707 1163 2775 circiter
1189 2712 1300 2776 aetate
1328 2708 1479 2800 scriptus.
1506 2705 1643 2776 Addunt
1658 2712 1848 2800 praeterea,
1873 2715 2046 2801 receptam

666 2821 772 2895 luisse
798 2823 833 2891 iu
859 2820 994 2893 codices
1022 2841 1138 2892 omnes
1165 2818 1339 2891 formulam
1367 2820 1617 2911 Confessionis,
1644 2822 1690 2890 ita
1717 2829 1934 2913 conceptam:
1960 2821 2045 2894 Mo-

665 2935 792 3009 nachos
819 2946 930 3008 tamen
956 2937 997 3006 l).
1025 2936 1163 3007 lllacarii
1190 2937 1223 3005 in
1251 2957 1311 3006 sna
1326 2935 1565 3009 consuetudine
1591 2934 1727 3008 relictos
1753 2933 1869 3007 finisse.
1899 2934 2044 3008 Codices

665 3053 808 3126 vidimus
834 3055 970 3124 istarum
995 3050 1221 3143 Liturgiarum
1247 3050 1381 3142 multos,
1403 3052 1533 3143 Regios
1561 3053 1717 3146 quinque,
1730 3051 1942 3146 Vaticanum,
1954 3049 2043 3123 Flo-

665 3172 841 3259 rentinum,
869 3166 1110 3259 Colbertinum,
1137 3170 1193 3262 qni
1220 3166 1282 3238 init
1308 3176 1407 3238 antea
1433 3167 1477 3238 V.
1509 3167 1547 3241 C.
1583 3165 1714 3239 Claudii
1746 3164 1877 3263 Hardy,
1909 3177 2044 3264 praeter

666 3307 742 3356 eum
775 3306 873 3379 quem
904 3282 1065 3355 babemus
1100 3305 1169 3356 non
1203 3282 1303 3355 valde
1339 3286 1519 3376 antiquum,
1555 3280 1616 3357 sed
1649 3282 1878 3354 emendatum:
1913 3285 1948 3354 in
1979 3281 2043 3355 illis

666 3398 819 3472 omnibus
845 3399 935 3472 nulla
969 3403 1060 3472 circa
1089 3397 1346 3474 Confessionem
1382 3397 1561 3472 diversitas
1598 3407 1666 3470 est:
1694 3420 1836 3492 cumque
1865 3420 1911 3470 ex
1936 3408 2043 3470 vetu-

665 3515 823 3590 stioribus
850 3516 1007 3610 descripti
1033 3517 1111 3605 sint,
1138 3511 1302 3609 perillus
1328 3513 1538 3606 regredimur
1564 3513 1606 3584 ad
1633 3516 1820 3603 anteriora,
1848 3521 1882 3584 et
1909 3511 2043 3588 Graeco

665 3631 774 3703 codici
809 3630 962 3726 aequalia
994 3639 1157 3726 tempora,
1191 3627 1250 3701 vel
1277 3632 1377 3701 etiam
1411 3632 1595 3724 superiora.
1648 3627 1729 3702 Inde
1762 3638 1856 3702 certo
1890 3627 2043 3701 concludi

664 3769 767 3843 posse
794 3750 1033 3836 existimamus,
1061 3744 1240 3834 Graecam,
1267 3766 1366 3839 quam
1393 3743 1514 3818 Codex
1539 3745 1669 3837 Regius
1695 3742 1843 3817 Arabico
1869 3746 2042 3842 interpre-

664 3873 767 3935 tatam
794 3865 950 3954 continet,
978 3870 1076 3934 vetus
1103 3870 1137 3932 et
1162 3863 1369 3954 primaevum
1396 3859 1570 3952 Liturgiae
1587 3859 1840 3931 Alexandrinae
1867 3861 2041 3955 exemplar

664 4001 755 4065 esse,
791 3977 880 4072 qnod
912 3987 1023 4048 tamen
1058 3999 1078 4046 a
1115 3973 1376 4071 lilonophpsitis,
1405 3975 1535 4049 sedeo
1564 3974 1638 4048 solo
1667 3997 1765 4070 quem
1793 3974 2040 4067 designavimus

662 4094 740 4167 loco
766 4092 1011 4189 interpolatum,
1038 4093 1211 4186 pristinam
1237 4095 1271 4163 in
1296 4092 1432 4186 reliquis
1459 4091 1599 4163 formam
1623 4093 1823 4164 servaverit.
1857 4090 1944 4162 Nam
1965 4095 2041 4186 quia

662 4213 744 4305 ipsis
780 4206 895 4281 verbis
931 4208 1095 4280 sonantia
1129 4207 1372 4279 accommodari
1399 4207 1587 4280 orthodoxa
1612 4216 1744 4303 potest,
1778 4210 1807 4279 si
1843 4205 1885 4277 de
1917 4211 2041 4280 unitate

663 4347 831 4423 personae
864 4328 1065 4419 accipiatur,
1101 4341 1170 4394 non
1204 4322 1328 4395 idcirco
1362 4323 1418 4394 illa
1443 4321 1537 4396 velut
1572 4325 1747 4417 antiquitus
1773 4322 1946 4414 Liturgiae
1981 4327 2039 4395 in-

664 4453 754 4517 serta
783 4440 883 4513 debet
909 4441 1101 4513 existimari.
1158 4438 1232 4512 Nec
1257 4438 1475 4511 laborandum
1501 4447 1555 4510 cst
1579 4441 1732 4528 inaniter,
1759 4447 1795 4509 ut
1821 4435 1911 4508 illam
1939 4435 2038 4510 Cou-

663 4558 821 4631 fessionis
854 4555 1046 4645 formulam,
1081 4565 1118 4627 nt
1151 4557 1186 4626 in
1222 4554 1349 4628 Codice
1376 4553 1510 4626 Graeco
1536 4553 1670 4647 legitur,
1703 4557 1853 4650 primitus
1881 4556 2038 4648 scriptam

662 4673 769 4745 luisse
803 4669 950 4767 probare
985 4681 1186 4764 satagamus.
1240 4671 1318 4744 Non
1353 4668 1484 4742 larebat
1517 4669 1551 4740 id
1590 4673 1810 4764 antiquiorum
1852 4678 2037 4764 temporum

664 4787 872 4883 simplicitas,
899 4789 932 4859 in
959 4787 1077 4882 quibus
1104 4786 1183 4858 nihil
1215 4784 1302 4857 aliud
1330 4785 1393 4857 dici
1420 4785 1552 4860 solebat
1578 4808 1598 4857 a
1625 4784 1823 4876 Sacerdote,
1850 4787 1914 4856 nisi
1943 4784 2037 4854 Cor-

660 4927 727 4996 poa
762 4901 910 4974 Cbriati:
958 4910 992 4974 et
1030 4900 1296 4998 respondebatur
1335 4903 1455 4974 Amen.
1519 4901 1587 4974 lllis
1629 4911 1738 4974 tamen
1777 4900 1894 4974 verbis
1933 4898 2037 4974 tribus

665 5018 873 5092 Christianos
905 5028 1057 5109 veteres,
1090 5017 1246 5114 quidquid
1276 5017 1395 5090 fusiori
1427 5019 1579 5091 oratioue
1612 5017 1691 5091 alibi
1722 5018 1907 5113 explicatur
1932 5015 2036 5088 intol-
