4680 6044
783 625 835 700 AD
855 622 1062 699 LITURGIAM
1079 617 1272 697 COPTICAii
1286 619 1316 696 S.
1331 619 1476 696 BASILII.
1721 619 1818 699 ,187

446 805 564 869 nominc
588 806 757 890 Origenes,
788 807 870 887 quod
899 809 1040 887 antiquos
1068 805 1105 866 de
1133 803 1254 866 Christo
1282 805 1466 884 Prophetios
1495 806 1710 878 eaocuooerit;
1741 804 1822 884 quod

447 905 565 966 tandem
586 905 630 965 ud
650 904 789 966 ludaeos
810 923 843 965 se
865 905 1068 978 transtulerit,
1092 911 1252 982 postquam
1281 903 1321 965 ob
1343 902 1496 982 Episcopo
1526 923 1581 965 suo
1610 905 1820 965 excommuni-

447 1011 532 1064 colus
554 1010 615 1077 est,
638 1002 767 1065 studium
791 1003 857 1082 ejus
882 1001 919 1063 ad
943 1001 1116 1063 discendam
1138 1001 1317 1062 Hebraicam
1347 1000 1497 1082 linguam,
1522 1018 1539 1062 a
1562 1019 1623 1081 quo
1653 1001 1727 1062 satis
1751 1001 1820 1063 lau-

447 1097 509 1160 dari
531 1118 591 1163 non
614 1111 750 1184 poterat,
775 1110 914 1180 tanquam
939 1101 1120 1181 apostasiam
1144 1099 1324 1160 calumniati.
1689 1151 1695 1156 .

531 1201 640 1263 versio
663 1200 793 1264 Arabica
818 1217 896 1280 quac
919 1199 950 1260 in
973 1199 1111 1262 omnibus
1134 1197 1228 1260 ferme
1252 1196 1406 1260 codicibus
1430 1198 1569 1279 adjuncta
1592 1196 1755 1278 reperitur,
1780 1198 1818 1260 ad
1848 1197 1889 1252 De
1898 1199 2060 1252 versionibus
2073 1198 2142 1252 Ara·

448 1297 602 1379 Copticum
625 1299 704 1362 lacta
728 1298 811 1362 credi
835 1305 956 1380 potest,
979 1315 1046 1360 curn
1070 1296 1216 1359 Graecam
1239 1305 1461 1377 repraesentet,
1483 1314 1542 1378 qua
1570 1297 1687 1360 ratione
1711 1285 1904 1359 metiorbicie·
1937 1309 1941 1316 '

448 1405 493 1460 est
515 1399 580 1460 aliis
604 1400 841 1480 quibuscumque
864 1397 1024 1474 Arabicis,
1048 1415 1172 1477 quarum
1202 1414 1316 1459 summa
1346 1396 1506 1458 diversitas
1537 1404 1593 1460 est.
1645 1395 1720 1457 Nam
1751 1413 1818 1457 curn

447 1495 535 1558 mxdta
558 1499 744 1578 exemplaria
765 1499 844 1560 inter
867 1513 901 1558 sa
924 1503 1150 1575 comparantur,
1175 1495 1271 1575 major
1294 1497 1414 1557 omnino
1439 1493 1536 1558 adhuc
1563 1493 1818 1557 iliaanimadver-

446 1595 534 1673 titur,
568 1613 657 1674 quarn
685 1596 788 1657 statuit
820 1594 869 1655 vir
899 1592 1092 1655 Clarissimus
1118 1592 1286 1654 Edwardus
1315 1592 1500 1671 PocockiuS,
1531 1602 1561 1658 et
1590 1611 1658 1656 eum
1694 1598 1817 1653 secutus
1868 1611 1931 1662 rom.
1954 1611 1995 1664 vr,

446 1691 570 1754 Baianus
581 1693 741 1756 Waitonus
754 1692 860 1755 Editor
873 1691 1036 1754 Bibliorum
1052 1688 1306 1772 Polyglottorur'm
1330 1699 1362 1754 et
1383 1693 1540 1774 utriusque
1552 1673 1817 1756 observationibu's

445 1791 551 1854 multas
574 1791 741 1874 adjungere
765 1808 893 1853 necesse
916 1790 990 1868 erit,
1013 1798 1172 1870 antequam
1195 1788 1311 1851 iliarum
1333 1789 1532 1852 Arabicarum
1547 1793 1721 1854 versionum
1742 1807 1817 1851 vera

448 1889 556 1953 Critice
579 1892 678 1972 possit
701 1890 823 1952 institui.
869 1889 988 1970 Quippe
1013 1907 1117 1952 ornnes
1140 1889 1248 1968 quibus
1271 1887 1357 1970 Syri,
1379 1890 1554 1969 Jacobitae,
1577 1890 1753 1966 Melcbitae,
1784 1895 1815 1949 et

446 1989 617 2052 Nestoriani
639 1997 774 2066 utuntur,
797 1991 968 2051 versionem
981 1989 1187 2051 continentex
1200 1988 1524 2070 Syriacaexpressam‚
1547 2008 1625 2070 quae
1644 1988 1815 2052 Hebraeum

447 2088 601 2170 exemplar
622 2090 772 2169 sequitur,
797 2095 919 2168 etpost
942 2089 1093 2164 Graecas,
1117 2089 1247 2151 omnium
1270 2087 1390 2150 videtur
1403 2088 1618 2169 antiquissima.
1662 2087 1727 2150 Etsi
1740 2103 1816 2148 vcro

447 2187 532 2250 aliam
555 2189 623 2269 Syri
646 2187 756 2249 babent
779 2185 944 2249 secundum
968 2187 1104 2249 Graecos
1127 2185 1267 2265 codices,
1297 2189 1362 2269 ejus
1391 2195 1490 2249 tamen
1513 2204 1611 2267 neque
1641 2186 1672 2248 in
1700 2185 1818 2248 Officiis

446 2285 684 2364 Ecclesiasticis,
707 2303 806 2366 neque
828 2287 907 2348 inter
930 2285 1107 2367 'theologos
1136 2303 1209 2348 usus
1239 2293 1303 2360 est,
1339 2287 1397 2347 nisi
1427 2303 1494 2346 curn
1524 2287 1691 2365 scripturas
1721 2285 1820 2346 inter-

446 2384 611 2465 pretando,
634 2384 762 2446 diversis
785 2383 964 2447 lectionibus
987 2403 1058 2447 suas
1081 2386 1289 2465 expositiones
1311 2385 1470 2446 illustrant.
1515 2384 1583 2447 Alia
1606 2391 1653 2446 εει
1675 2383 1818 2461 Arabica,
1906 2441 1913 2449 .

447 2480 523 2545 iacta
544 2489 578 2543 ut
601 2482 719 2558 dicitur,
742 2470 923 2557 condrada
946 2482 982 2560 0,
1006 2492 1112 2546 autore
1136 2483 1269 2546 Haretho
1290 2484 1352 2546 iiiia
1365 2483 1480 2558 Senan;
1503 2483 1582 2545 inter
1596 2483 1682 2564 cujus
1698 2481 1819 2544 diversa

445 2580 631 2660 exemplaria
653 2588 734 2642 tanta
757 2588 804 2642 est
826 2590 945 2662 tamque
968 2583 1094 2663 insignis
1118 2581 1342 2662 dissimilitud0,
1372 2591 1405 2644 ut
1427 2581 1581 2646 conciliari
1603 2599 1664 2643 non
1690 2581 1819 2661 possint.

446 2677 531 2742 lstins
554 2680 704 2742 versionis
727 2697 799 2742 usus
821 2696 883 2741 non
906 2679 983 2768 adeo
1008 2681 1171 2743 communis
1195 2691 1257 2759 est,
1280 2681 1336 2744 sed
1359 2681 1465 2743 haeret
1487 2679 1518 2742 in
1540 2679 1716 2761 quibusdam
1739 2678 1819 2740 Mel-

447 2777 590 2839 chitarum
613 2795 669 2840 seu
698 2775 882 2840 Graecorum
911 2777 1156 2841 Orthodoxorum
1185 2778 1349 2864 Ecclesiis,
1383 2779 1434 2842 ubi
1469 2778 1587 2844 Graece
1616 2796 1703 2841 sacra
1731 2775 1819 2838 irunt:

446 2883 543 2940 ιιιιιιειι
566 2884 708 2957 quantum
730 2875 856 2956 adipisci
878 2878 1046 2957 potuimus,
1071 2877 1190 2958 publice
1213 2878 1293 2941 inter
1316 2877 1423 2941 Officia
1446 2897 1508 2942 non
1522 2878 1649 2962 legitur,
1672 2875 1728 2940 sed
1750 2883 1821 2937 tan-

448 2984 507 3039 tum
543 2975 682 3057 privatim
712 2975 749 3038 ab
785 2975 844 3038 iilis
879 2975 1075 3055 Christianis,
1104 2978 1155 3057 qui
1185 2976 1323 3040 Graecae
1353 2977 1476 3062 linguae
1509 2978 1624 3061 ignari,
1658 2975 1821 3038 Arabicam

447 3073 638 3137 vernaculam
660 3074 781 3140 babent.
814 3075 858 3138 Ea
879 3094 955 3139 vero
979 3093 1067 3157 quam
1090 3074 1230 3157 Coptitae
1252 3085 1398 3158 usurpant
1419 3077 1526 3140 melius
1549 3075 1669 3139 omnino
1691 3093 1822 3157 reprae-

447 3180 545 3236 sentat
568 3171 711 3236 Codicem
734 3171 900 3252 Graecum,
923 3173 995 3236 licet
1017 3181 1178 3236 occurrant
1200 3193 1262 3238 non
1285 3194 1398 3257 pauca,
1422 3177 1452 3238 in
1483 3175 1590 3256 quibus
1619 3191 1719 3254 neque
1748 3173 1821 3236 satis

448 3271 592 3353 Copticae
616 3272 749 3335 versioni
773 3271 995 3351 cumGraeca,
1018 3290 1118 3353 neque
1141 3272 1291 3336 Arabicae
1312 3291 1379 3336 cum
1402 3283 1529 3355 utraque
1544 3274 1714 3336 conveniat.
1760 3271 1821 3335 Sed

446 3368 522 3432 baec
545 3371 616 3433 vitia
643 3389 705 3433 non
727 3379 787 3433 tarn
809 3373 839 3433 in
863 3379 986 3435 autores
1008 3372 1199 3450 versionum,
1224 3391 1312 3454 quam
1336 3375 1367 3436 in
1390 3373 1531 3435 librarios
1553 3372 1718 3452 rejicienda
1740 3379 1820 3450 sunt,

448 3468 555 3554 quibus
578 3471 608 3530 in
630 3468 755 3532 Oriente
778 3469 923 3533 familiare
946 3477 993 3532 εει
1015 3471 1170 3533 immutare
1200 3470 1314 3552 absque
1338 3473 1454 3534 ratione
1483 3479 1513 3534 ει
1541 3471 1654 3554 judicio
1678 3468 1821 3552 quidquid

448 3566 640 3644 describunt,
662 3569 688 3630 si
711 3565 791 3632 torte
814 3570 844 3630 in
867 3569 933 3632 aliis
956 3569 1180 3650 exemplaribus
1203 3569 1303 3651 aliqua
1331 3577 1472 3634 occurrat
1501 3571 1575 3650 ipsis
1604 3569 1713 3648 lectio,
1743 3585 1821 3647 quae

447 3665 554 3730 melior
576 3685 645 3730 esse
664 3667 825 3749 judicetur.
872 3669 936 3730 Nec
959 3677 1058 3730 tamen
1081 3668 1324 3731 dissimulandum
1351 3669 1514 3732 Arabicam
1544 3669 1717 3749 scripturae
1746 3685 1822 3728 ver-

448 3766 564 3828 sionem
587 3783 665 3844 quae
689 3769 823 3828 occurrit
845 3769 875 3830 in
900 3767 1019 3848 optimis
1043 3775 1073 3830 ει
1096 3767 1225 3848 antiquis
1256 3768 1425 3846 codicibus,
1455 3769 1553 3830 videri
1581 3767 1690 3828 iactam
1720 3764 1820 3844 potius

448 3881 487 3924 ex
511 3861 646 3942 Graeca,
675 3882 763 3945 quam
786 3885 826 3928 ex
856 3865 997 3945 Coptica:
1032 3866 1087 3928 sed
1113 3874 1242 3948 utraque
1266 3887 1306 3929 ex
1328 3865 1446 3930 Graeco
1476 3865 1643 3946 exemplari
1674 3879 1822 3944 expressa

449 3968 505 4025 est.
550 3959 661 4024 Οιιιιιεε
686 3982 780 4044 porro
804 3966 964 4028 versiones
990 3965 1138 4030 Arabicae
1162 3984 1320 4029 commune
1343 3965 1414 4028 nibil
1437 3965 1550 4030 habent
1579 3982 1646 4027 cum
1676 3982 1712 4027 ea
1743 3981 1821 4044 quae

449 4061 575 4138 primum
604 4060 742 4126 Lutetiae
770 4064 802 4125 in
831 4063 934 4126 Bibliis
964 4064 1162 4146 Polyglottis,
1197 4073 1258 4128 tum
1286 4067 1316 4126 in
1338 4064 1579 4128 Londinensibus
1602 4063 1682 4127 edita
1706 4071 1767 4126 est:
1791 4069 1822 4124 et

450 4158 530 4238 quod
553 4160 649 4242 magis
670 4162 793 4241 mirum,
816 4163 896 4226 nulla
921 4165 1019 4226 estin
1043 4164 1169 4227 Oriente
1192 4165 1348 4245 Ecclesia,
1373 4181 1450 4245 quae
1472 4182 1556 4227 suam
1573 4163 1730 4236 intalibus
1754 4160 1823 4224 edi-

449 4257 580 4320 tionibus
603 4259 775 4321 versionem
798 4261 959 4333 Arabicam
990 4271 1146 4346 agnoscat.
1190 4262 1309 4345 Quippe
1340 4262 1389 4326 illa
1418 4260 1613 4326 Pentateuchi
1643 4260 1823 4342 interpolata

451 4365 497 4418 εει
519 4375 560 4418 ex
588 4374 624 4418 aa
651 4374 739 4437 quam
769 4359 864 4422 Rabbi
895 4359 1002 4424 Saadia
1032 4363 1133 4437 Gaon,
1164 4363 1335 4444 Aegyptius
1364 4363 1550 4440 Flumensis,
1582 4362 1613 4422 in
1640 4359 1824 4422 ludaeorum

450 4457 578 4537 gratiam
601 4455 716 4519 iecerat
739 4477 779 4520 cx
802 4459 909 4522 codice
932 4458 1093 4525 Hebraico.
1139 4460 1182 4523 Ea
1214 4463 1335 4542 saepius
1366 4459 1518 4542 descripta
1545 4467 1577 4523 et
1603 4459 1784 4540 interpolata
1807 4477 1824 4520 a

347 4566 359 4575 ·
452 4549 628 4614 Christianis
651 4555 791 4636 adoptata
814 4566 880 4637 est,
903 4577 964 4623 non
987 4560 1107 4640 quidem
1130 4569 1163 4623 ut
1186 4579 1226 4623 ex
1248 4578 1284 4622 ea
1307 4559 1456 4623 lectiones
1471 4561 1509 4622 -in
1530 4559 1678 4622 Ecclesiis
1700 4557 1807 4620 tierent
1815 4578 1824 4632 ;

340 4725 343 4736 .
450 4649 506 4712 sed
535 4658 568 4713 ut
601 4654 741 4731 privatim
773 4657 998 4722 describeretur
1032 4667 1063 4722 et
1090 4659 1263 4744 legeretur,
1287 4666 1318 4721 ει
1347 4659 1436 4722 talem
1459 4657 1597 4722 codicem
1626 4657 1748 4718 s'ecutus
1779 4663 1825 4719 εει

452 4747 575 4811 Gabriel
598 4750 713 4816 Sionita
735 4757 894 4834 Maronita,
918 4759 968 4839 qui
991 4758 1144 4822 Parisinae
1169 4759 1309 4822 editionis
1333 4775 1459 4840 praeses
1481 4756 1546 4822 init.
1591 4755 1665 4818 Eam
1688 4755 1825 4818 nonnulii

452 4846 630 4912 emendasse
653 4859 684 4912 ot
706 4853 860 4916 meliorem
884 4855 988 4919 iacere
1011 4858 1110 4920 conati
1134 4866 1204 4919 sunt
1226 4877 1267 4920 ex
1289 4858 1516 4939 comparatione
1539 4857 1653 4938 aliquot
1683 4854 1826 4944 diverso-

451 4963 516 5008 rum
554 4949 773 5029 exemplarium
808 4973 886 5034 quae
928 4954 1102 5018 differentes
1141 4955 1207 5019 illas
1239 4957 1399 5020 versiones
1436 4957 1643 5032 continerent,
1683 4953 1720 5016 de
1757 4955 1827 5034 qui-

450 5042 507 5107 bus
530 5045 642 5110 dictum
663 5067 735 5112 mox
758 5069 775 5114 a
797 5053 884 5116 nobis
914 5062 970 5118 est.
1014 5055 1105 5116 Extat
1135 5054 1229 5134 ipsius
1260 5055 1429 5119 collationis
1463 5057 1617 5138 specimen
1653 5055 1684 5116 in
1714 5052 1827 5115 Codice

417 5159 421 5168 '
503 5182 620 5227 nnat
1568 5173 1619 5247 ιο
