4680 6044
583 611 589 622 ·
641 596 718 670 212
1128 535 1539 673 'connexuimus

643 781 823 863 tandemque
857 779 1009 846 Sacerdos
1047 780 1228 862 pronunciat
1258 779 1332 842 haec
1361 797 1449 842 sacra
1483 781 1586 843 verba.
1630 779 1695 843 lloc
1725 788 1772 842 eat
1799 781 1878 842 enim
1908 800 2021 860 corpur

642 900 755 956 merem,
778 881 859 960 quod
874 899 936 961 pro
957 879 1044 942 cobis
1063 879 1220 958 [scopitur
1242 886 1271 939 et
1288 898 1349 958 pro
1371 879 1472 940 multis
1493 879 1586 940 datur
1607 881 1639 940 r'n
1668 881 1877 941 remissionem
1903 898 2020 960 pecco-

623 973 751 1055 'torum
774 981 831 1043 hoo
849 980 946 1058 facite
967 981 999 1040 in
1020 997 1119 1039 meam
1142 979 1464 1060 commemorationem.
1496 977 1613 1039 Graeca
1628 978 1722 1040 lllarci
1741 973 1845 1039 Τοῦτο
1864 964 1926 1064 γάρ
1948 971 2019 1042 ἐστι

643 1067 682 1140 τό
705 1065 804 1156 σῶμά
824 1098 889 1156 μου
911 1067 950 1139 τὸ
973 1066 1057 1162 ὑπὲρ
1082 1064 1172 1154 ὑμῶν
1195 1062 1358 1152 admiremur
1380 1071 1435 1138 καὶ
1458 1063 1687 1153 διαδιδὸμενον
1709 1067 1757 1148 εἷς
1772 1065 1892 1162 ἄφεσιν
1910 1066 2020 1162 ‹spop-
2124 1157 2131 1164 ἢ

642 1173 728 1240 rema.
772 1176 838 1240 Hoc
859 1186 905 1239 cst
927 1179 1005 1238 enim
1028 1194 1140 1256 corpus
1161 1194 1276 1251 mcum,
1305 1174 1385 1255 qrtod
1404 1194 1464 1254 pro
1493 1175 1582 1238 cobis
1608 1175 1782 1255 hormino,
1813 1183 1842 1236 et
1870 1177 1962 1238 datur
1988 1178 2019 1236 ἐπ

643 1279 850 1338 remissionem
875 1283 1081 1355 peccatorum.
1127 1273 1202 1336 lllud
1232 1275 1326 1348 enim,
1355 1280 1387 1335 ul
1417 1272 1573 1336 iornrulam
1603 1292 1659 1355 per
1688 1281 1792 1355 partes
1822 1274 2019 1354 explicemus,

644 1395 705 1438 non
728 1376 819 1438 habet
841 1374 978 1458 liturgia
1001 1393 1079 1456 quae
1103 1372 1294 1456 subjungitur
1313 1371 1508 1436 Clementinis
1521 1371 1810 1451 constitutionibus:
1829 1371 2018 1453 nonlacobi,

645 1493 706 1537 non
740 1474 842 1536 Basilii
871 1481 930 1536 tam
958 1473 1110 1557 vulgaris,
1145 1489 1232 1553 quam
1263 1470 1480 1536 Alexandrina.
1526 1471 1586 1535 Sed
1620 1469 1748 1554 Coptica
1781 1490 1887 1535 vocem
1923 1473 2019 1553 ipsam

644 1575 791 1637 Graecam
812 1572 918 1652 habet,
943 1591 1021 1654 quae
1043 1573 1073 1633 in
1095 1571 1174 1634 illam
1199 1571 1324 1634 alteram
1342 1570 1475 1652 linguam
1499 1570 1640 1653 migravit
1661 1560 1802 1657 tltoiyolp
1819 1557 2018 1650 πεπάσωμαε

644 1674 731 1755 Syri,
755 1691 882 1754 quorum
911 1673 1054 1752 primaria
1083 1670 1219 1751 Liturgia
1242 1689 1282 1733 ex
1310 1669 1417 1732 Jacobi
1446 1670 1564 1732 Graeca
1593 1687 1741 1750 expressa
1775 1679 1839 1750 est,
1866 1660 1930 1757 γάρ
1959 1687 2019 1735 non

643 1773 771 1849 habent,
808 1774 866 1834 etsi
895 1773 926 1833 in
956 1769 1033 1851 Syra
1061 1787 1122 1832 non
1155 1770 1252 1831 minus
1288 1788 1376 1851 quam
1410 1771 1441 1831 in
1474 1768 1665 1852 Aegyptiace
1696 1769 1799 1851 lingua
1833 1776 2016 1850 usurpatum

644 1873 758 1934 Verum
780 1871 811 1932 in
834 1869 970 1934 omnibus
994 1869 1205 1948 manuscriptis
1228 1876 1317 1950 atque
1340 1870 1419 1932 inter
1449 1869 1534 1944 alios,
1563 1869 1794 1933 membranaceo
1817 1886 1876 1931 uno
1899 1875 2018 1930 vetusto
2099 1867 2104 1876 “

646 1970 843 2044 Colbertino‚
866 1969 992 2051 legitur:
1015 1968 1080 2030 Hoc
1103 1976 1150 2030 est
1170 1987 1282 2048 eorpus
1304 1988 1400 2030 mcum
1421 1969 1503 2049 quod
1521 1988 1580 2048 pro
1602 1967 1690 2030 vobis
1704 1976 1733 2030 et
1745 1968 1915 2048 monendis
1924 1957 2031 2045 [roo-⁸

642 2071 725 2150 pitur
745 2077 775 2130 et
796 2070 888 2130 datur
909 2070 941 2130 in
963 2069 1169 2130 resmissionem
1186 2075 1383 2149 peccatorum
1406 2076 1435 2128 et
1455 2069 1549 2128 citam
1571 2075 1735 2132 artemam.
1781 2067 1824 2128 lta
1847 2084 1967 2148 quoque
1990 2069 2020 2128 in

585 2219 591 2230 .
646 2168 787 2250 Gregorii
810 2148 946 2252 Liturgr‘a
971 2165 1114 2248 Coptica,
1137 2166 1168 2227 in
1189 2165 1377 2245 Aethiopicis
1401 2173 1432 2227 et
1453 2167 1484 2226 in
1507 2163 1606 2226 multis
1629 2164 1774 2245 Syriacis.
1818 2165 1934 2246 Nempe
1960 2164 2018 2226 illis

644 2267 748 2330 verbis
778 2264 885 2328 fractio
901 2267 1038 2346 corporis
1052 2264 1163 2327 Christi
1178 2265 1209 2328 in
1230 2265 1430 2340 Eucharistia,
1452 2263 1630 2326 fractionem
1645 2267 1720 2345 ejus,
1744 2263 2018 2344 lacerationemquc

644 2367 675 2428 in
698 2367 841 2446 passione
865 2363 1031 2447 significat,
1056 2383 1134 2446 quae
1158 2381 1213 2445 per
1235 2365 1322 2445 panis
1344 2362 1543 2426 Eucharistici
1567 2363 1745 2426 divisionem
1761 2371 2017 2443 repraesentatur.

645 2463 731 2528 Unde
753 2480 815 2526 non
841 2463 937 2528 solum
967 2481 1029 2526 vox
1061 2449 1223 2542 κλώμενον
1256 2463 1404 2539 occurrit,
1434 2461 1487 2526 sed
1517 2467 1547 2524 ct
1575 2461 1631 2524 alia
1662 2447 1906 2546 θρυπτόμενον,
1941 2479 2018 2543 quae

645 2573 803 2645 utrumque
826 2580 948 2625 sensum
971 2562 1189 2643 complectitur.

733 2663 844 2725 Omnes
867 2679 971 2742 porro,
995 2679 1070 2741 quas
1093 2679 1224 2742 unquam
1246 2660 1352 2722 videre
1374 2658 1468 2737 licuit,
1491 2658 1658 2743 liturgiae,
1691 2675 1881 2739 quacumque
1903 2658 2017 2742 lingua,

646 2761 771 2824 formam
794 2761 957 2823 verborum
981 2758 1092 2822 Christi
1115 2779 1152 2822 eo
1176 2759 1271 2822 lerme
1294 2758 1393 2838 modo,
1418 2777 1479 2840 quo
1501 2758 1577 2820 hacc
1595 2758 1755 2834 Basiliam,
1779 2756 1938 2818 exhibent:
1959 2775 2018 2819 ne-

647 2879 706 2942 que
728 2859 787 2928 ulla
811 2858 987 2940 simpliciter
1009 2859 1143 2920 Latinam
1165 2859 1270 2937 refert,
1294 2859 1351 2920 nisi
1375 2859 1565 2922 recentiores
1589 2865 1621 2921 et
1643 2849 1835 2920 reformatae.
1863 2855 1921 2928 Qui
1943 2875 2018 2918 vero
2059 2846 2066 2856 ’

648 2959 808 3040 aliquando
832 2959 1078 3021 existimaverunt
1099 2958 1266 3039 perieulum
1290 2958 1411 3039 aliquod
1433 2958 1463 3020 in
1487 2957 1616 3020 diversis
1639 2956 1676 3018 ab
1708 2976 1743 3019 ea
1774 2953 1908 3018 formulis
1938 2955 2019 3018 deli-

646 3069 778 3140 tescere‚
802 3058 991 3138 dubitarique
1014 3075 1106 3138 posse
1129 3057 1167 3120 de
1190 3057 1351 3121 verborum
1376 3057 1486 3121 Christi
1510 3057 1664 3135 ellicacia,
1697 3057 1723 3118 si
1754 3055 1825 3136 quid
1855 3054 2018 3118 adderetur

647 3160 697 3223 vel
719 3159 916 3236 minueretur,
938 3164 1029 3238 atque
1053 3174 1090 3218 ea
1112 3159 1228 3220 ratione
1252 3156 1363 3220 formas
1393 3156 1548 3220 mutandas
1576 3162 1778 3232 censuerunt,
1807 3153 1946 3217 lecerunt
1975 3151 2017 3232 id,

647 3266 789 3340 quantum
812 3257 991 3339 perspicere
1015 3256 1182 3337 potuimus,
1212 3257 1333 3338 privato
1356 3255 1471 3338 judicio
1498 3275 1572 3335 suo,
1604 3272 1665 3320 non
1687 3254 1820 3338 legitima
1842 3253 2017 3316 Pontificum

645 3359 817 3423 autoritate.
864 3355 938 3428 Quis
969 3358 1047 3419 enim
1076 3375 1205 3437 unquam
1228 3357 1373 3420 dubitavit
1402 3357 1441 3419 da
1464 3355 1600 3418 efficacia
1629 3362 1661 3418 et
1689 3356 1863 3438 integritate
1891 3349 2016 3428 formae,

645 3476 731 3540 quam
754 3457 910 3538 Liturgiae
932 3456 1045 3534 Basilii,
1071 3456 1341 3538 Chrysostomique
1365 3458 1535 3532 continent,
1564 3473 1715 3536 quamque
1737 3452 1894 3516 Ecclesiae
1917 3450 2016 3512 Grae-

645 3575 699 3620 cae
722 3573 828 3619 omnes
850 3573 907 3637 per
929 3555 1020 3617 multa
1044 3555 1176 3634 saecula,
1200 3574 1267 3618 cum
1280 3555 1474 3619 Orientalium
1499 3562 1529 3618 et
1543 3553 1778 3617 occidentalium
1802 3568 1914 3613 summa
1938 3566 2017 3610 con-

646 3656 750 3720 cordia
773 3655 867 3735 foret,
904 3655 941 3718 ad
972 3655 1078 3718 altaria
1107 3664 1348 3737 usurpaverunt,
1379 3673 1446 3719 cum
1469 3655 1590 3738 vigeret
1617 3655 1696 3716 inter
1723 3667 1827 3714 omnes
1851 3650 2016 3712 arctissima

618 3757 820 3820 communio.

355 3874 394 3928 ne
412 3877 531 3943 adunam
550 3877 630 3929 Amen
731 3856 786 3918 Est
817 3863 915 3918 autem
944 3855 1043 3936 aliqua
1071 3855 1152 3916 circa
1181 3854 1261 3917 illam
1291 3853 1534 3917 acclamationem
1563 3851 1668 3934 populi
1690 3851 1720 3912 in
1741 3849 1903 3913 Codicihus
1926 3844 2016 3908 diffe-

322 3963 630 4034 orbitussignibcmione.
643 3956 757 4021 rentia:
782 3953 910 4018 Codices
934 3955 1013 4016 enim
1037 3955 1150 4034 antiqui
1172 3954 1267 4016 Amen
1288 3953 1418 4032 habent,
1441 3953 1513 4014 nihil
1537 3959 1715 4033 practerea;
1737 3957 1770 4012 ut
1793 3951 1881 4010 etiam
1903 3961 2016 4008 recen-

646 4059 739 4120 tiores
762 4071 823 4117 non
846 4054 944 4134 pauci.
988 4052 1103 4136 Regius
1127 4054 1177 4133 qui
1207 4073 1274 4115 cum
1305 4052 1503 4116 caeremoniis
1532 4051 1670 4114 omnibus
1705 4049 1928 4112 accuratissime
1957 4043 2015 4106 de-

645 4153 776 4235 scriptus
807 4159 868 4231 est,
897 4152 988 4214 habet
1018 4152 1095 4214 baec
1122 4151 1232 4215 verba:
1256 4152 1321 4214 Hoc
1350 4171 1422 4213 nere
1451 4153 1496 4213 ito
1518 4157 1572 4214 est.
1618 4149 1703 4222 Quae
1725 4151 1840 4229 pariter
1861 4142 2015 4210 recitanda

643 4252 902 4337 praescribuntur,
925 4258 995 4332 post
1017 4250 1120 4313 calicis
1142 4249 1394 4314 benedictionem.
1416 4249 1490 4314 lnde
1520 4250 1658 4330 quaestio
1680 4249 1815 4312 nascitur
1838 4245 1876 4308 de
1897 4244 2015 4308 illorum

644 4371 748 4432 sensu,
775 4353 826 4434 qui
850 4350 961 4432 duplex
976 4369 1046 4413 esse
1061 4357 1172 4431 potest.
1202 4349 1318 4412 Primus
1333 4357 1366 4412 ut
1384 4350 1422 4411 ad
1444 4349 1598 4411 historiam
1620 4347 1813 4411 institutionis
1836 4341 2016 4406 sacramenti
2051 4397 2057 4402 .

644 4452 835 4531 reserantur,
871 4450 908 4513 dc
939 4467 998 4531 qua
1021 4448 1221 4532 particulatim
1250 4467 1307 4530 per
1328 4449 1429 4511 Amen.
1446 4449 1692 4529 pronunciatum,
1716 4452 1866 4508 testentur
1888 4441 2015 4504 credere

645 4571 680 4615 se
703 4551 856 4632 Coptitae‚
880 4549 958 4614 lacta
981 4567 1051 4613 esse
1075 4567 1092 4610 a
1115 4547 1236 4612 Christo
1258 4548 1373 4628 omnia,
1405 4565 1482 4630 quae
1507 4546 1658 4611 Sacerdos
1680 4545 1840 4618 recitavit;
1863 4548 1951 4622 atque
1975 4541 2015 4602 ita

646 4669 818 4733 agnoscere
840 4669 893 4729 se,
923 4648 1074 4713 Christum
1101 4666 1209 4729 panem
1239 4648 1415 4728 accepisse,
1445 4645 1655 4720 benedixisse,
1679 4643 1826 4727 tragisse,
1850 4647 1880 4704 et
1903 4653 2015 4716 corpus

645 4769 730 4815 suum
753 4749 876 4828 lenisse,
900 4747 1116 4830 Apostolisque
1138 4749 1201 4810 suis
1224 4745 1413 4810 distribuisse
1435 4743 1581 4809 dicendo:
1610 4744 1677 4806 Idoe
1706 4750 1752 4804 ost
1778 4758 1888 4820 corpus
1909 4753 2014 4798 maron.

647 4847 691 4911 lta
713 4849 789 4912 haec
811 4848 907 4912 verba
930 4848 1093 4929 explicavit
1115 4853 1204 4910 autor
1226 4847 1370 4909 scientiae
1393 4844 1638 4908 Ecclesiasticac.
1663 4841 1753 4902 Dicet
1769 4838 1913 4920 popalus,
1936 4833 2016 4897 Cre-

645 4949 752 5025 dimus,
775 4947 954 5011 conhtemur
976 4955 1007 5008 et
1029 4945 1194 5009 laudamus.
1239 4945 1323 5007 idern
1350 4950 1397 5006 est
1421 4962 1461 5006 oc
1487 4945 1517 5005 si
1537 4943 1704 5018 diceretur,
1732 4939 1903 5018 firmissime
1927 4939 2016 4994 tene-

643 5065 720 5124 mus,
742 5050 818 5110 cern
838 5065 941 5110 mamus
962 5054 992 5109 ct
1011 5038 1191 5126 cmrfilcomr'
1194 5044 1339 5126 quidquid
1354 5045 1444 5107 modo
1463 5043 1581 5117 dr'aisti,
1603 5060 1622 5103 o
1644 5038 1806 5112 soccatos,
1828 5035 1867 5096 de
1887 5031 2018 5094 historio
