4686 6060
615 531 756 660 'sao
1065 585 1665 670 narnrnrnnonn

676 772 902 846 Patriarcham
934 776 1070 870 proprie
1102 779 1288 870 pertinent,
1324 783 1358 846 et
1390 798 1475 871 quae
1508 776 1604 852 aliter
1636 801 1734 874 quarn
1768 774 1908 876 Coptice
1945 783 2047 857 scribi

678 910 746 960 non
773 889 889 961 solent.
917 888 1018 962 Tales
1045 900 1141 962 erant
1167 891 1246 964 olim
1270 889 1445 986 Epistulae
1476 891 1675 986 Pascbelcs,
1707 919 1790 992 quas
1815 898 2046 974 Heortasticas

678 1015 815 1096 vocant,
842 1009 904 1078 etsi
923 1005 1029 1093 simul,
1056 1005 1160 1079 veluti
1178 1010 1212 1078 in
1235 1006 1307 1079 ahis
1323 1007 1486 1098 omnihus,
1506 1009 1744 1104 adjungeretm
1762 1011 1910 1090 Arabica
1929 1025 2045 1088 trans-

677 1122 768 1195 latio.
814 1120 939 1194 Verum
967 1124 1022 1214 qui
1049 1120 1091 1193 ab
1118 1122 1214 1195 Actis
1242 1133 1275 1194 et
1308 1123 1455 1218 epistolis
1482 1125 1695 1200 Patriarcbae
1722 1139 1833 1218 erant,
1868 1152 1927 1204 eas
1954 1135 2044 1205 scri-

676 1239 811 1330 bebant,
838 1249 871 1312 et
896 1237 1087 1339 Retriarcha
1114 1237 1356 1313 subscribebat.

408 1369 563 1425 nonnemo
596 1371 665 1426 vitae
781 1355 853 1428 LX.
871 1351 984 1426 .Nona
1020 1354 1182 1443 conditio,
1228 1378 1326 1450 quam
1361 1365 1396 1426 ut
1431 1357 1656 1428 necessarlum
1689 1355 1793 1432 refert
1825 1357 2045 1452 Ebnassalus,

375 1458 507 1524 ΨΜ·
677 1482 750 1546 erat
774 1469 981 1544 MonastIcae
1006 1470 1064 1542 vel
1089 1469 1355 1543 Anacboreticae
1381 1476 1492 1562 vitae,
1524 1476 1676 1568 aprima
1698 1479 1872 1567 juventute
1905 1477 2044 1572 proies-

676 1594 737 1664 sio.
782 1586 836 1661 Ah
864 1591 955 1660 initio
982 1585 1060 1658 nihil
1086 1585 1153 1658 tale
1179 1587 1389 1680 exigebatur.
1429 1586 1642 1662 Andronicus
1667 1590 1840 1666 XXXVII
1867 1594 1923 1686 qui
1948 1595 2044 1668 Ren-
2103 1615 2107 1625 “

672 1707 842 1800 jeminum,
869 1703 929 1776 sub
957 1727 1023 1798 quo
1050 1700 1280 1775 Muhsmedani
1303 1703 1497 1798 Aegyptum
1519 1705 1723 1794 invaserunt,
1749 1712 1946 1802 praecessit,
1973 1723 2044 1784 erat

674 1821 844 1894 Diaconos
870 1818 1045 1892 Ecclesiae
1072 1818 1180 1891 dIctae
1206 1819 1397 1914 Ampelion,
1423 1823 1458 1891 in
1484 1818 1568 1892 urhe
1593 1819 1832 1895 Alexandrina.
1884 1825 2044 1917 Agathou

674 1938 869 2031 Benjamino
905 1936 1084 2023 sullectus,
1123 1934 1291 2026 Ioannes,
1330 1936 1444 2023 Isaac,
1484 1936 1633 2009 loannes
1665 1936 1815 2012 XLVIII.
1875 1937 2043 2037 Ephracm

674 2053 777 2126 LXII.
804 2051 985 2125 Zacharias
1011 2050 1130 2124 LXIV.
1185 2050 1321 2124 Gabriel
1346 2052 1385 2124 F.
1412 2051 1533 2124 Taricb
1559 2051 1663 2126 LXX.
1691 2052 1825 2130 Marcus
1852 2055 1890 2128 F.
1911 2055 2043 2130 Zaraac

675 2168 824 2242 LXXIII.
865 2168 1014 2242 loannes
1049 2171 1122 2260 ejus
1154 2189 1345 2256 successor,
1387 2165 1542 2242 Monachi
1575 2191 1642 2240 non
1675 2167 1825 2260 luerunt,
1868 2181 2043 2270 antequam

676 2285 914 2392 ordinarentur.
974 2283 1107 2380 Reliqui
1138 2285 1243 2356 ferme
1279 2305 1394 2357 ornnes
1430 2306 1476 2356 ex
1511 2283 1635 2356 Ordine
1668 2284 1855 2360 Monastico
1894 2291 2041 2376 assumti,

675 2403 874 2499 praesertim
907 2423 992 2474 vero
1028 2423 1074 2472 ex
1108 2399 1239 2474 famoso
1274 2399 1479 2474 hIonasterio
1514 2400 1550 2472 S.
1582 2399 1739 2491 Meceni,
1781 2401 1886 2477 Vallis
1921 2400 2041 2492 Habib,

676 2527 841 2613 quaeest
869 2519 1001 2611 antiqua
1028 2515 1140 2588 Scete.
1169 2514 1252 2589 Cum
1279 2537 1363 2588 vero
1385 2519 1456 2608 jem
1483 2538 1502 2586 a
1528 2515 1636 2588 multis
1663 2515 1806 2618 saeculis
1834 2516 2040 2591 consuetudo

673 2633 870 2721 invaluerit,
896 2641 932 2702 ut
958 2632 1021 2705 soli
1047 2631 1212 2724 Religiosi
1238 2631 1280 2703 ad
1297 2629 1556 2704 Putriarcbatum
1577 2631 1801 2721 assumantur,
1828 2633 1904 2706 inde
1917 2633 2040 2706 lactum

674 2760 788 2822 estut
813 2753 847 2821 in
872 2747 1015 2820 formula
1042 2750 1247 2820 instrumenti
1272 2745 1314 2819 de
1339 2745 1428 2820 lacta
1452 2751 1534 2821 novi
1559 2747 1774 2821 Patriarcbae
1807 2750 1971 2823 electione
2006 2760 2041 2822 et

674 2868 949 2956 consecratione,
975 2863 1116 2958 legatur.
1168 2864 1261 2936 Mitti
1291 2867 1395 2957 ipitnr
1428 2866 1636 2938 decrevimus
1668 2864 1715 2936 od
1745 2865 1884 2938 deserto
1917 2874 2040 2940 sancto

675 2981 806 3070 Sectis,
834 3003 922 3076 quoe
944 2981 1095 3052 suntad
1119 2979 1267 3072 Moptem
1293 2980 1432 3052 Nitriae
1464 3035 1472 3052 .
1506 3035 1515 3054 .
1550 3035 1558 3053 .
1597 2987 1632 3052 et
1664 2985 1888 3054 convertimus
1921 2983 2039 3055 ocutos

674 3105 810 3172 nostros
835 3101 871 3169 in
896 3097 974 3168 Deo
1001 3097 1153 3168 devotum
1180 3103 1215 3166 et
1234 3099 1421 3190 piissimum
1445 3097 1666 3186 Monachum,
1692 3095 1900 3168 habitantem
1918 3102 1954 3170 in
1974 3121 2038 3172 ce-

675 3216 764 3287 lebri
788 3217 909 3288 meu
933 3236 993 3286 seu
1019 3214 1231 3310 Monosterio
1257 3211 1294 3284 S.
1321 3213 1441 3284 Putris
1466 3216 1576 3284 noshi
1601 3213 1753 3284 Maeonii
1779 3215 1815 3284 in
1840 3213 1953 3302 Sceti,
1980 3215 2039 3286 nbi

675 3333 836 3404 edocatus
861 3339 913 3403 est
938 3355 961 3402 o
982 3333 1137 3425 poenitio
1162 3352 1243 3416 suo,
1275 3327 1335 3398 sub
1367 3328 1549 3422 disciplina
1579 3335 1773 3400 summorum
1799 3329 1942 3400 Petrum
1976 3340 2037 3404 etc.

673 3449 792 3544 Neque
818 3446 884 3520 ulla
912 3445 1092 3518 differentia
1119 3455 1191 3517 erat
1217 3447 1303 3516 inter
1329 3467 1389 3518 eos
1423 3446 1478 3540 qui
1509 3447 1543 3516 in
1570 3439 1744 3518 coenobio
1777 3447 1952 3536 vixerant,
1982 3458 2039 3518 aut

674 3568 818 3660 eosqui
843 3567 878 3636 in
905 3561 1006 3638 Celhs
1031 3564 1168 3634 remotis
1204 3583 1223 3631 a
1256 3557 1456 3656 rehqnorum
1489 3560 1730 3634 Monachorum
1761 3564 1949 3652 consortio,
1982 3567 2037 3658 qui

672 3684 809 3780 proprie
839 3677 1074 3752 Anacboretae
1109 3685 1223 3776 crant,
1257 3687 1292 3748 et
1325 3700 1409 3772 quos
1443 3677 1554 3749 llobis
1585 3676 1733 3752 Arabica
1766 3687 1908 3768 vocant3
1942 3683 2037 3774 qrrasi

671 3796 832 3870 reclusos.
883 3794 970 3867 Eam
995 3816 1117 3867 vocem
1142 3815 1208 3865 non
1235 3775 1467 3884 intellectam,¹
1489 3791 1664 3890 aliquando
1697 3796 1732 3866 in
1757 3793 1894 3867 historia
1926 3793 2038 3868 Sars·-
2171 3787 2177 3794 ’

672 3913 790 3985 canica
814 3934 991 4008 perperam
1017 3913 1173 4006 exposuit
1197 3907 1383 4006 Erpenius,
1418 3912 1624 3984 existimans
1646 3909 1835 4003 significare
1868 3913 2037 4004 captivum

599 4019 602 4030 ’
672 4032 729 4125 qui
756 4031 884 4100 carceri
909 4029 1114 4123 mancipatus
1140 4025 1257 4098 iuerat.
1309 4024 1469 4100 Rationes
1496 4038 1605 4099 autem
1631 4048 1691 4097 cur
1711 4023 1868 4098 Monachi
1893 4030 2036 4122 pohssi-

673 4167 760 4216 mum
787 4144 1008 4237 eligerentur,
1035 4141 1156 4214 multae
1182 4141 1374 4236 etquidem
1398 4145 1620 4234 gravissimae
1646 4141 1787 4214 luerunt
1839 4139 1925 4214 Nam
1959 4167 2035 4218 cum

672 4263 838 4354 virginem
865 4258 945 4353 eligi
971 4269 1160 4356 oporteret,
1189 4279 1334 4334 necesse
1360 4268 1433 4331 erat
1462 4269 1499 4331 nt
1528 4262 1558 4334 is
1589 4271 1785 4354 caperetur,
1816 4280 1914 4352 quem
1948 4283 2035 4356 pro-

672 4378 777 4453 fessio
805 4364 964 4451 casdtatis
990 4399 1011 4448 a
1037 4379 1141 4474 prima
1167 4378 1326 4472 pucritia,
1358 4375 1456 4464 talem
1488 4397 1567 4450 csse
1602 4372 1778 4448 suadebat:
1813 4382 1879 4446 tum
1906 4376 1938 4446 in
1965 4377 2035 4448 vita

673 4495 822 4569 solitaria
853 4497 961 4588 major
995 4495 1128 4566 omnino
1162 4515 1259 4589 quam
1293 4495 1327 4563 in
1360 4491 1496 4564 saeculo
1531 4513 1609 4564 esse
1640 4488 1817 4561 vtdebatur
1851 4491 2034 4562 sanctitatis

673 4613 803 4706 opinio,
830 4619 864 4682 et
890 4631 910 4681 a
937 4611 1024 4683 curis
1051 4608 1176 4682 saeculi
1201 4607 1339 4680 hberior
1364 4611 1508 4696 animus3
1542 4619 1609 4680 tum
1644 4605 1731 4702 qnod
1762 4608 1867 4698 ignoti
1898 4605 2034 4696 mundo,

635 4731 780 4820 ‚magis
807 4731 874 4822 apti
906 4726 949 4799 ad
977 4729 1193 4801 ministerium
1220 4722 1445 4797 Patriarchale
1477 4723 1685 4812 viderentur,
1717 4723 1914 4818 praesertim
1947 4743 2032 4794 vero

671 4841 830 4915 carebant
855 4846 970 4916 amicis
996 4842 1060 4916 illis
1086 4853 1121 4914 et
1144 4844 1294 4938 patronIs
1321 4864 1368 4913 ex
1394 4839 1469 4912 aula
1487 4840 1697 4914 Snltanorum
1724 4847 1757 4911 et
1770 4835 2032 4927 Praefectomm,

670 4979 807 5053 quorum
832 4957 1034 5032 larniliacitas
1061 4981 1164 5054 saepe
1190 4981 1312 5052 magno
1336 4955 1564 5030 Ecclesiamm
1590 4955 1678 5030 malo
1705 4953 1868 5038 vertebat
1912 4955 2032 5025 Acce*

670 5074 771 5147 debat
795 5075 894 5147 etiam
921 5078 1054 5171 opinio,
1082 5074 1170 5171 quod
1195 5077 1229 5146 in
1255 5073 1468 5148 hlouusteriis
1495 5073 1661 5147 doctiores
1690 5094 1785 5167 quam
1812 5073 1846 5141 in
1873 5067 2032 5142 Clerico-
