4670 6046
721 641 797 714 280
902 639 1195 718 COMMENTARIUS
1225 643 1277 718 AD
1301 640 1507 717 LITURGIAll
1531 639 1938 719 contionaturum

720 825 918 890 traditionem.
964 825 1070 904 Neque
1093 844 1130 888 ea
1152 826 1240 889 modo
1264 835 1311 888 est
1333 823 1569 889 Christianorum
1591 827 1704 907 opinio,
1728 826 1781 890 sed
1805 827 1863 907 ipsi
1880 826 2088 892 biubamedani

720 943 786 987 earn
808 943 875 988 cunr
897 924 1047 988 nonnullis
1071 925 1135 987 aliis
1158 933 1366 1000 servaverunt,
1387 931 1420 986 ut
1448 943 1488 987 ex
1521 926 1619 989 inultis
1642 934 1791 1005 autorum,
1822 926 1874 1007 qui
1902 925 2087 992 Alooranum

718 1025 909 1104 interpretati
931 1031 1001 1087 sunt
1022 1024 1109 1103 locis,
1133 1025 1255 1104 probari
1283 1031 1393 1105 potest.
1443 1024 1609 1107 Praecipue
1640 1027 1678 1088 de
1708 1027 1765 1088 illis
1794 1027 1894 1106 agitur
1923 1028 1953 1088 10
1981 1027 2087 1090 Surata

720 1123 758 1186 de
782 1123 897 1205 spoliis,
925 1124 977 1186 ubi
1006 1123 1122 1186 Hucein
1155 1124 1270 1200 Vabetz
1300 1123 1523 1188 Commentator
1553 1125 1644 1188 Persa
1670 1125 1821 1204 famosus,
1849 1143 1939 1188 unum
1968 1125 2088 1188 cuilibet

718 1220 869 1304 Angelum
893 1222 1049 1285 custodem
1071 1224 1254 1305 assignatum
1277 1225 1327 1302 ait,
1350 1241 1418 1286 cum
1448 1224 1512 1286 aliis
1542 1226 1784 1307 quatuordecim,
1815 1243 1941 1305 quorum
1969 1232 2087 1307 septem

720 1321 959 1402 misericordiae,
981 1329 1098 1402 sepiem
1119 1320 1301 1405 infligendae
1323 1339 1442 1403 poenae
1465 1340 1567 1384 curam
1589 1323 1709 1387 habent.

1141 1666 1693 1716 *m—

883 2033 965 2152 IN
1015 2033 1465 2152 tildaotltl
1517 2033 1916 2154 contidla

1184 2273 1361 2352 SANCTI
1396 2271 1620 2352 GREGORII

1186 2533 1192 2543 ,
1304 2471 1507 2556 11111111.

817 2686 908 2780 Quart
938 2697 977 2762 de
1005 2701 1092 2763 istius
1123 2708 1154 2763 et
1187 2700 1310 2763 aliarum
1331 2699 1533 2782 liturgiarum
1561 2697 1756 2762 Orientalium
1784 2698 1878 2762 titulis
1908 2698 1990 2763 diota
2018 2711 2091 2766 sunt

717 2801 748 2862 in
770 2799 990 2866 Dissertatione
1013 2801 1168 2878 Generali;
1198 2811 1229 2866 et
1256 2804 1287 2865 in
1310 2821 1346 2865 ea
1376 2821 1453 2885 quae
1478 2801 1620 2884 Copticas
1642 2804 1766 2884 proprie
1789 2809 1918 2884 spectat,
1941 2813 2089 2886 repetere

715 2915 845 2963 neccsse
867 2919 928 2964 non
951 2909 1008 2965 est.
1051 2901 1127 2965 lllud
1141 2910 1253 2966 tantum
1266 2903 1425 2966 observari
1447 2901 1538 2965 debet
1556 2903 1705 2965 communi
1723 2899 1907 2983 Coptitartun
1927 2905 2091 2969 traditione

715 2999 795 3062 illam
817 3001 980 3064 secundam
1002 3001 1169 3085 Liturgiam
1191 3001 1322 3064 adscribi
1352 3001 1503 3086 Gregorio
1528 3000 1685 3083 Tbeologo
1714 3002 1744 3062 in
1766 3001 1965 3085 Aegyptiacis
1989 3005 2092 3068 omni-

714 3098 772 3162 bus
795 3099 955 3164 Codicibus
978 3108 1011 3164 et
1033 3102 1122 3164 etiam
1144 3102 1174 3162 in
1197 3101 1315 3165 Graeco
1338 3100 1543 3164 Bibliothecae
1565 3101 1680 3185 Regiae
1687 3121 1697 3176 ;
1729 3108 1819 3182 atque
1847 3101 1937 3164 etiam
1970 3120 2008 3165 00
2031 3120 2093 3165 no-

715 3199 795 3260 mine
816 3201 972 3264 recenseri
994 3221 1011 3263 a
1035 3200 1214 3283 Theologis,
1245 3208 1276 3263 et
1303 3200 1421 3264 llituum
1444 3201 1676 3280 interpretibus,
1705 3209 1738 3263 ut
1760 3202 1791 3264 in
1814 3199 2090 3265 Constitutionibus

716 3296 875 3378 Synodicis
905 3299 1053 3363 Gabrielis
1083 3300 1134 3362 lilii
1164 3299 1255 3364 Tarik
1284 3300 1373 3363 Lxx.
1404 3300 1595 3362 Patriarcbae
1624 3299 1841 3379 Alexandrini,
1877 3300 2005 3364 articulo
2037 3301 2091 3364 26.

714 3396 858 3460 Abuseba
880 3399 910 3460 in
933 3398 1064 3463 scientia
1091 3398 1306 3462 Ecclesiastico
1334 3415 1399 3478 cap.
1430 3398 1482 3463 85.
1512 3398 1706 3479 Abulbircat,
1746 3417 1812 3479 cap.
1841 3397 1894 3464 29.
1920 3399 2091 3464 Ebnassalo

718 3496 915 3561 Collectionis
939 3497 1102 3562 Canonum.
1126 3516 1193 3579 cap.
1218 3496 1267 3560 12.
1292 3505 1323 3560 01
1345 3497 1420 3560 aliis.
1739 3518 1744 3527 ¹

1284 3759 1412 3830 'Oratio
1439 3759 1516 3830 0011.

812 3967 890 4051 Τοῦ
911 3976 1203 4069 καταπετάσματος
1224 3991 1255 4051 10
1278 3988 1395 4052 Graeca
1418 3997 1448 4052 et
1470 3991 1501 4051 10
1524 3990 1588 4052 01110
1611 3990 1772 4072 liturgiis:
1802 3997 1911 4072 nempe
1935 3990 2090 4072 quianon

718 4089 755 4151 ad
778 4091 875 4170 ipsum
898 4089 1010 4167 altare,
1032 4089 1087 4152 scd
1109 4088 1296 4152 solummodo
1319 4089 1349 4151 in
1371 4091 1553 4168 sanctuario,
1577 4109 1632 4152 seu
1653 4090 1774 4153 Bemate
1798 4089 1906 4153 dicitur
1930 4091 2008 4154 intra
2031 4111 2091 4156 ve-

716 4188 788 4267 lum,
811 4207 871 4270 quo
894 4189 1058 4252 secundum
1080 4190 1168 4251 ritum
1191 4189 1355 4267 Graecum,
1380 4194 1411 4250 et
1434 4187 1618 4252 Orientalem
1641 4189 1872 4253 circumdantur.
1917 4190 1951 4252 10
1975 4191 2090 4256 Codice

717 4287 835 4353 Graeco
857 4289 992 4370 ejusdem
1013 4287 1185 4372 liturgiae,
1209 4290 1438 4369 praemittuntur
1463 4289 1616 4352 orationes
1649 4289 1773 4371 aliquot
1791 4308 1869 4370 quae
1900 4290 1930 4352 in
1954 4288 2090 4373 Copticis

716 4388 941 4471 exemplaribus
964 4406 1024 4451 non
1047 4396 1221 4465 occurrunt,
1244 4388 1313 4469 quia
1336 4405 1371 4449 re
1393 4405 1468 4450 vera
1490 4387 1527 4450 ad
1550 4389 1635 4450 istam
1658 4407 1718 4451 non
1734 4390 1898 4470 pertinent,
1921 4389 1977 4452 sed
2000 4406 2091 4452 com-

715 4489 812 4550 munis
834 4487 919 4551 officii
942 4495 1042 4568 partes
1065 4494 1134 4550 sunt
1156 4497 1208 4551 ant
1228 4486 1368 4550 dicuntur
1390 4487 1428 4548 ad
1450 4486 1572 4548 libitum.
1616 4487 1713 4550 Prima
1735 4488 1849 4571 absque
1873 4487 1969 4567 titulo,
1994 4507 2091 4570 prae-

714 4587 866 4668 paratoria
891 4594 952 4664 est,
984 4587 1158 4651 Sacerdotis
1185 4586 1390 4668 indignitatem
1413 4604 1497 4672 suam
1519 4587 1704 4666 profitentis,
1727 4587 1920 4670 divinumque
1944 4586 2089 4650 auxilium

714 4686 904 4767 postulantis,
920 4686 956 4748 ad
971 4687 1122 4769 inculpate
1136 4685 1348 4749 celebrandurn
1363 4688 1548 4767 mysterium.
1572 4684 1709 4749 Secunda
1721 4687 1848 4751 dicenda
1860 4687 2090 4769 praescribitur,

715 4791 880 4866 postquam
898 4793 1108 4867 praeparatum
1131 4785 1221 4849 100111
1242 4786 1354 4864 011010,
1388 4787 1484 4867 qualis
1516 4805 1552 4849 ea
1583 4793 1630 4848 est
1653 4803 1739 4867 quam
1762 4786 1864 4850 Basilii
1886 4786 2011 4868 Coptica
2033 4805 2090 4849 re-

716 4893 899 4966 praesentat,
923 4885 1117 4968 ejusdemque
1148 4888 1326 4951 sententiae.
1373 4885 1473 4949 Tertia
1498 4903 1575 4968 quae
1598 4883 1636 4948 01
1658 4884 1856 4970 Evangelium
1879 4886 2007 4950 dicenda
2030 4893 2088 4962 est,

716 5000 772 5045 suo
795 4983 864 5046 loco
887 5002 948 5048 non
970 4993 1017 5048 est
1039 4987 1150 5067 posita,
1180 4985 1236 5048 sed
1266 4985 1433 5048 adhibenda
1456 4986 1493 5048 ad
1516 4984 1680 5068 Liturgiam
1703 4986 1810 5060 istam,
1834 4983 1953 5065 quando
1975 4983 2089 5066 legitur

426 5089 472 5143 btt.
491 5091 593 5161 11101).
611 5091 655 5144 50.
716 5081 902 5164 Euangeliou
924 5083 1023 5146 lectio.
1068 5085 1112 5147 Ea
1140 5103 1218 5167 quae
1250 5084 1360 5148 dicitur
1387 5082 1446 5149 τοῦ
1477 5071 1788 5165 καταπετάσματος,
1813 5083 1917 5147 eadem
1940 5090 1987 5146 est
2009 5100 2088 5163 quae
