4670 6046
698 615 776 691 234
1183 615 1606 697 COMMENTARIUS

698 799 893 879 Abulhircat,
928 799 1113 864 Ebnassalus
1148 803 1178 864 in
1209 801 1349 882 Epitome¹
1379 801 1552 882 Canonum,
1589 803 1711 868 Gabriel
1749 803 1940 882 Patriarcba,
1973 806 2070 871 Autor

700 899 851 962 Scientiae
872 899 1126 978 Ecclesiasticae,
1149 908 1179 962 et
1202 899 1261 964 alii.
1283 901 1330 964 De
1354 901 1487 982 Syriacis
1509 901 1731 982 Jacobivamm,
1754 902 1901 966 Barsafibi
1914 921 2068 969 commen-

699 999 776 1059 tario
799 998 836 1060 ad
857 999 1044 1080 Liturgiam,
1068 997 1281 1082 Abulfaragius
1305 1000 1335 1062 in
1357 999 1587 1077 Nomocanonc;
1616 1011 1678 1064 tuni
1701 1004 1802 1065 variae
1826 1003 2001 1087 Liturgiae,
2029 1025 2068 1068 ex

699 1097 808 1177 quibus
831 1097 906 1160 ordo
928 1096 1146 1177 Diptychorum
1168 1098 1353 1180 intelligitur.

406 1189 543 1289 'biptycha
569 1193 685 1246 Aleran-
786 1197 898 1258 Verum
921 1195 998 1259 ordo
1021 1196 1088 1275 illc,
1113 1204 1144 1259 et
1166 1199 1345 1278 quicumque
1368 1198 1398 1259 in
1420 1197 1504 1261 libris
1528 1197 1761 1280 praescribitur,
1791 1217 1851 1262 non
1881 1201 1981 1263 omnia
2008 1213 2067 1259 ao-

373 1273 454 1330 ω*
698 1297 777 1358 mina
807 1295 998 1373 continebat,
1027 1313 1110 1376 quae
1140 1296 1319 1377 pracsertim
1348 1298 1408 1360 ritu
1439 1299 1630 1379 Aegyptiaco
1668 1300 1894 1361 commemorari
1922 1297 2066 1362 solebant.

697 1394 744 1457 Ac
767 1393 805 1457 de
827 1396 905 1456 vivis
928 1393 1048 1474 quidem
1070 1403 1140 1475 post
1167 1413 1275 1458 nomen
1304 1395 1495 1460 Patriarcbae
1520 1396 1737 1474 Alexandrini,
1768 1397 1819 1478 qui
1847 1397 1971 1460 vivebat
1997 1404 2067 1458 tunc

696 1494 861 1574 temporis,
883 1491 1090 1555 nominabatur
1113 1510 1233 1574 quoque
1255 1495 1427 1557 Patriarcha
1450 1495 1657 1559 Antiocheuus
1679 1496 1900 1571 Jacobitarum,
1923 1496 2013 1578 idque
2027 1513 2066 1556 ex

697 1593 817 1673 antiqua
840 1589 1075 1668 consuetudine,
1099 1611 1138 1654 ex
1161 1610 1220 1674 quo
1243 1594 1375 1656 Severus
1397 1590 1600 1656 Jacobitarum
1632 1612 1704 1675 spes
1734 1595 1845 1672 altera,
1876 1596 1927 1676 qui
1956 1593 2066 1656 Antio-

698 1691 823 1754 chenam
846 1689 948 1753 sedem
972 1698 1191 1770 occupaverat,
1215 1693 1410 1755 arctissimam
1434 1710 1501 1753 cum
1520 1693 1662 1754 Dioscori
1683 1692 1911 1756 successoribus
1933 1694 2066 1756 societa-

697 1797 757 1851 tem
780 1797 810 1851 et
834 1790 1070 1851 communionem
1094 1788 1205 1852 babuit.
1255 1789 1424 1872 Interrupta
1453 1790 1643 1871 postmodum
1672 1790 1852 1871 aliquamdiu
1881 1808 2064 1854 commemo-

696 1889 774 1952 ratio
797 1888 1051 1950 Antiocbenorum
1081 1887 1111 1948 in
1133 1888 1290 1969 Diptychis
1323 1887 1399 1965 fuit,
1428 1890 1497 1969 quia
1527 1890 1605 1952 inter
1634 1889 1736 1951 turbas
1766 1886 1928 1970 bellorum,
1959 1889 2063 1971 quibus

697 1987 807 2050 Oriens
830 1985 970 2064 ardebat,
993 1986 1081 2048 desiit
1103 1989 1261 2068 utriusque
1282 1986 1438 2050 Ecclesiae
1461 2005 1517 2069 per
1540 1987 1642 2048 literas
1666 1988 1886 2053 commercium.
1918 1987 1978 2051 Sed
1994 1987 2063 2050 illud

622 2153 626 2160 ,
696 2093 873 2150 renovatum
901 2093 962 2156 cst;
991 2091 1082 2166 atque
1110 2084 1298 2167 postmodum
1327 2085 1515 2148 consuetudo
1546 2085 1614 2162 fuit,
1641 2094 1674 2147 ut
1702 2085 1820 2149 illorum
1848 2087 1878 2146 in
1907 2085 2062 2166 Diptpcbis

696 2187 816 2248 nomina
838 2185 1049 2258 recitarentun
1071 2184 1269 2262 interrivos,
1293 2185 1358 2266 ejus
1381 2186 1431 2265 qui
1454 2192 1524 2246 tuuc
1548 2183 1727 2248 Cathedram
1748 2183 1920 2258 obtinebat3
1943 2191 1975 2246 et
1988 2187 2063 2247 inter

695 2293 848 2362 mortuos,
878 2283 1049 2346 decessoris
1079 2283 1154 2364 ejus.
1211 2284 1323 2344 Verum
1354 2290 1425 2345 tunc
1455 2283 1615 2363 incipiebat
1645 2286 1788 2346 memoria
1818 2282 1951 2346 ‘viventis
1984 2282 2062 2360 lieri,

696 2383 817 2465 quando
845 2380 1059 2444 Alexandriam
1087 2389 1291 2463 pervenerant
1320 2381 1443 2459 literae,
1479 2396 1554 2461 quas
1590 2383 1689 2444 statim
1726 2382 1764 2444 ab
1792 2380 1982 2444 ordinatione
2009 2399 2062 2443 sua

696 2483 832 2548 scribere
856 2479 974 2542 solebat
996 2497 1063 2542 cum
1086 2478 1287 2543 Confessione
1317 2479 1400 2557 fidei,
1430 2497 1508 2560 quae
1539 2481 1607 2559 quia
1638 2501 1678 2544 ex
1708 2479 1831 2562 Synodo
1861 2480 2062 2557 mittebantur,

694 2582 866 2664 synodicae
888 2580 1125 2662 appellabantur.
1170 2579 1245 2641 Nam
1268 2579 1367 2642 donec
1388 2578 1465 2640 tales
1487 2579 1593 2641 literae
1616 2586 1759 2662 receptae
1782 2579 1924 2655 fuissent,
1954 2579 2063 2642 deces-

695 2683 774 2744 soris
797 2696 922 2756 nomen,
946 2679 1032 2759 quasi
1054 2679 1202 2756 viventis,
1233 2678 1436 2754 recitabatur,
1468 2678 1525 2740 etsi
1556 2679 1595 2740 de
1623 2678 1689 2761 ejus
1719 2677 1801 2741 obitu
1832 2685 2002 2752 constaret,
2032 2685 2063 2738 ut

694 2783 725 2842 in
747 2778 952 2843 Alexandrina
976 2779 1101 2840 historia
1124 2795 1184 2839 non
1207 2778 1301 2840 semel
1324 2775 1434 2839 factum
1458 2775 1695 2840 observavimus.
1734 2777 1843 2839 Postea
1860 2793 1970 2840 nomen
1989 2793 2062 2857 pro·

695 2882 776 2942 xime
799 2877 933 2940 defuncti
955 2877 1145 2939 Patriarcbae
1168 2875 1325 2958 Diptychis
1348 2875 1549 2940 inserebatur.
1594 2877 1710 2939 Nullius
1733 2895 1773 2938 ex
1796 2875 1862 2938 aliis
1884 2875 2061 2938 Patriarchis

696 2977 837 3041 memoria
859 2975 965 3039 fiebat:
989 2994 1049 3038 non
1072 2974 1412 3056 constantinopolitani,
1434 2991 1495 3036 non
1517 2973 1659 3054 Romani,
1690 2976 1825 3056 quamvis
1854 2974 1892 3038 de
1919 2974 2061 3056 dignitate

695 3079 760 3155 ejus
783 3076 863 3138 inter
885 3094 990 3138 omnes
1013 3082 1182 3153 constaret,
1206 3080 1409 3136 attestantur
1440 3071 1593 3135 Canonum
1624 3073 1830 3153 Collectores,
1861 3075 1911 3155 qui
1940 3075 2061 3154 primam

694 3173 737 3236 ilb
758 3174 857 3238 locum
891 3174 1071 3252 attribuunt,
1101 3172 1141 3236 ob
1171 3171 1275 3235 sedem
1303 3171 1383 3233 Petri
1413 3173 1556 3252 principis
1587 3173 1812 3254 Apostolorum.
1857 3171 1917 3236 Sed
1938 3180 2062 3254 propter
2121 3205 2133 3219 ·

694 3273 901 3337 defensionem
924 3273 1049 3337 Consilii
1072 3272 1345 3348 calchedonensis,
1368 3270 1513 3333 haeretici
1535 3271 1720 3336 habebantur
1742 3273 1892 3335 Romanus
1921 3279 1952 3334 et
1978 3271 2061 3335 Con-

693 3374 992 3455 stantinopolitanus3
1015 3381 1106 3454 atque
1127 3371 1240 3434 idcirco
1262 3369 1344 3431 nulla
1366 3388 1471 3432 eorum
1492 3373 1634 3435 memoria
1651 3372 1751 3435 fiebat.
1791 3370 1967 3434 Antiochiae
1983 3389 2061 3452 quo-

694 3492 753 3554 que
776 3473 855 3535 inter
875 3471 1044 3549 Jacobitas,
1075 3469 1253 3552 parimodo
1283 3468 1474 3534 referebatur
1495 3471 1525 3532 in
1553 3471 1703 3553 Diptycha
1732 3489 1841 3534 nomen
1868 3469 2060 3533 Alexandrini

691 3571 882 3635 Patriarcbae
905 3573 1050 3647 viventis,
1073 3578 1104 3632 et
1127 3570 1191 3651 ejus
1215 3568 1401 3648 decessoris,
1430 3571 1527 3633 statim
1550 3578 1640 3652 atque
1670 3572 1776 3634 literae
1800 3569 1967 3652 synodicae
1996 3568 2060 3650 ejus

692 3679 835 3753 receptae
850 3669 977 3735 fuerant.
1023 3669 1055 3730 ln
1078 3677 1263 3732 mortuorum
1286 3669 1568 3733 commemoratione
1589 3669 1807 3732 recensebatur
1819 3686 1940 3750 quoque
1954 3683 2060 3730 nornen

688 3769 884 3832 Patriarcbae
906 3769 1104 3832 Alexandrini
1126 3785 1225 3848 nuper
1247 3765 1397 3847 defuncti,
1431 3776 1464 3831 ut
1493 3769 1591 3832 multis
1622 3768 1764 3831 historiae
1792 3768 1938 3848 exemplis
1966 3768 2060 3830 mani-

691 3869 802 3932 festum
825 3877 887 3932 est:
910 3876 1000 3948 atque
1023 3887 1041 3930 e
1064 3865 1172 3929 tabulis
1196 3863 1398 3956 eximebatur,
1421 3875 1492 3949 post
1514 3867 1702 3930 successoris
1725 3866 1846 3930 obitum.
1884 3864 1927 3928 lta
1941 3883 2059 3947 quoquc

692 3967 912 4032 observabatur
934 3969 964 4029 in
986 3966 1125 4029 Ecclesia
1146 3964 1341 4046 Aethiopica,
1366 3985 1442 4046 quae
1464 3966 1688 4031 Alexandrinae
1710 3967 1739 4028 in
1764 3965 1899 4028 omnibus
1927 3967 2060 4050 subjecta

692 4075 767 4130 crat.
810 4067 842 4129 ln
865 4066 1044 4147 Aethiopica
1066 4065 1202 4147 liturgia
1223 4065 1482 4147 Metropolitarum
1503 4067 1661 4148 plurimum
1675 4066 1795 4128 nomina
1810 4066 1987 4128 successive
2008 4083 2061 4127 re-

692 4165 876 4243 citabantur,
899 4173 931 4228 ut
952 4171 1036 4246 patet
1058 4183 1099 4227 ex
1123 4163 1246 4226 Canone
1270 4163 1420 4228 Generali.
1465 4165 1545 4228 ldern
1575 4182 1696 4246 quoquc
1727 4163 1836 4226 facturn
1864 4165 1894 4226 in
1924 4163 2060 4228 Ecclesia

691 4265 873 4342 Nestoriani,
898 4262 986 4326 docet
1008 4279 1064 4325 uos
1087 4264 1222 4344 ipsorum
1244 4262 1386 4327 historiae
1401 4267 1533 4346 scriptor
1543 4264 1634 4326 blaris
1648 4262 1816 4326 Salomonis
1838 4261 1927 4340 filius,
1951 4263 2003 4343 qui
2024 4261 2061 4323 de

691 4363 809 4426 duobus
839 4361 1171 4440 Pseudo-Catholicis,
1205 4369 1289 4425 notat
1320 4381 1423 4425 eoram
1455 4365 1578 4425 aomina
1607 4362 1683 4424 libro
1718 4363 1800 4422 citae
1826 4362 1976 4440 inscripta
2001 4379 2061 4422 non

688 4463 804 4542 faisse,
834 4462 892 4524 hoc
927 4469 973 4523 est
997 4459 1173 4543 Diptycbis,
1211 4481 1247 4523 eo
1272 4463 1353 4542 qaod
1381 4471 1487 4524 canoa
1520 4463 1600 4542 iopes
1628 4459 1862 4522 Ecclesiasticus
1888 4459 2061 4539 dipnitateat

690 4569 922 4642 animaverant.
967 4560 1068 4641 Atque
1091 4560 1166 4623 haec
1189 4561 1227 4623 de
1241 4560 1473 4637 Ecclesiasticis,
1496 4562 1576 4624 circa
1599 4577 1725 4642 quorum
1748 4558 2059 4621 commemorationem

690 4662 793 4723 similis
816 4669 883 4724 erat
904 4661 1016 4740 ubique
1037 4658 1132 4723 ferme
1154 4658 1319 4740 disciplina.

400 4771 499 4846 uagam
517 4779 676 4832 memoriam
754 4760 801 4823 De
823 4759 957 4840 Regibus
981 4767 1144 4822 occurrunt
1166 4758 1311 4839 quaedam
1334 4767 1438 4822 notatu
1467 4761 1575 4844 digna,
1604 4767 1726 4841 praeter
1756 4773 1894 4837 eaquae
1921 4757 2060 4836 superius

366 4857 509 4931 btpvychis.
690 4859 927 4921 observavimus.
973 4859 1051 4920 Nam
1074 4859 1105 4919 in
1127 4857 1305 4938 quibusdam
1326 4856 1489 4941 Liturgiis‚
1511 4868 1544 4921 ut
1566 4857 1762 4932 Nestoriana,
1790 4863 1894 4917 oratur
1913 4872 1974 4932 pro
1995 4855 2060 4916 fte-

687 4956 777 5036 qibas
796 4957 955 5038 fidelibta5
978 4963 1011 5020 ut
1033 4958 1063 5018 in
1085 4957 1260 5020 Jacobiticis
1283 4957 1442 5023 nonnullis.
1487 4958 1531 5022 Ea
1554 4959 1717 5020 occasione
1738 4953 1933 5037 reprehendit
1947 4953 2059 5017 barsa-
2151 4970 2156 4984 ·

688 5055 741 5118 libi
763 5055 793 5117 in
817 5054 1038 5119 Commentario
1061 5072 1118 5118 suo
1140 5055 1285 5138 quosdam
1308 5057 1421 5120 saeculi
1443 5059 1490 5122 sui
1512 5057 1665 5136 homines,
1689 5056 1741 5137 qui
1763 5052 1975 5118 existimabant
1997 5052 2059 5116 tol·
