4686 6060
747 551 1283 632 ALEXANDRINO.
1622 551 1696 626 431

332 744 450 834 viginti
476 741 575 816 duos:
602 741 772 812 Bodboeo
798 740 1016 838 quadraginta
1043 750 1132 818 tres,
1161 750 1195 814 et
1221 744 1293 833 ejus
1309 738 1406 813 vallis
1427 739 1543 812 decem
1570 749 1604 811 et
1629 761 1700 812 no-

331 880 426 932 vem:
453 857 592 929 Obareis
607 880 747 932 novem:
774 856 951 928 Berebout
976 866 1071 930 octo:
1098 857 1260 930 Horbata
1273 861 1450 950 sexaginta
1470 856 1568 928 duos:
1596 857 1700 928 Kor-

333 981 410 1047 raca
435 977 553 1066 viginti
580 974 677 1047 duos:
704 975 806 1046 Merit
836 982 870 1044 et
895 972 1095 1046 Mebidaacb
1129 973 1345 1070 quadraginta
1378 995 1520 1046 novem:
1553 971 1700 1042 Aeltnoo

333 1101 367 1164 et
391 1089 544 1180 Reebid,
570 1093 645 1163 sive
671 1092 819 1164 Roeetto
845 1088 1095 1185 septemdecim:
1129 1088 1336 1164 Alexandria
1362 1089 1544 1161 Maraeotis
1580 1097 1614 1158 et
1638 1089 1700 1159 vi-

333 1209 428 1279 cinae
454 1217 582 1296 terrae,
609 1229 682 1278 curn
709 1206 822 1278 Lnbia
849 1215 883 1276 et
908 1207 1092 1295 Maeotia,
1118 1217 1250 1278 centum
1275 1208 1573 1301 vigintiquatuor:
1601 1214 1700 1298 atque

332 1325 366 1393 in
393 1333 463 1398 toto
496 1323 552 1396 illo
586 1332 693 1395 tractu
723 1322 980 1396 numerabantur
1005 1326 1083 1419 pagi
1110 1324 1256 1413 majores
1284 1322 1515 1418 quadringenti
1550 1319 1700 1415 qnadra-

335 1440 427 1530 ginta
452 1461 585 1512 novem.
638 1437 763 1512 Omnes
787 1460 889 1535 porro
912 1438 985 1512 illas
1012 1437 1113 1512 urbes
1140 1448 1174 1509 et
1209 1460 1295 1533 quae
1322 1437 1363 1509 ad
1390 1460 1503 1510 earum
1522 1439 1634 1508 -siium
1668 1447 1702 1510 et

333 1557 495 1646 originem
520 1558 685 1651 pertinent
711 1555 895 1651 explicare,
922 1554 1057 1628 alterius
1090 1558 1203 1651 operis
1229 1553 1332 1626 ioret:
1360 1551 1573 1645 subjiciemus
1599 1553 1700 1627 modo
1772 1647 1775 1660 ἱ

331 1667 524 1744 breviorem
560 1694 606 1742 ex
631 1670 875 1744 El-Kossabio
912 1676 1079 1761 notitiam,
1112 1695 1210 1767 quam
1243 1673 1340 1743 etiam
1373 1667 1477 1741 refert
1507 1667 1700 1759 MakriziuS,

330 1789 365 1858 in
400 1811 466 1882 qua
497 1809 563 1861 uno
599 1792 694 1882 quasi
720 1797 903 1883 conspectu
929 1792 1109 1883 praecipua
1135 1786 1262 1860 urbium
1291 1798 1325 1858 et
1357 1789 1531 1878 regionum
1566 1790 1701 1857 nomina

331 1902 530 1976 reierrmtur.

424 2019 617 2092 ortxvlfl.
659 2020 691 2092 Is
725 2022 920 2117 Aegyptum
959 2017 1073 2091 dividit
1107 2019 1247 2092 aliorum
1282 2028 1432 2091 automm
1460 2017 1632 2113 exemplo,
1665 2021 1699 2090 in
1783 2035 1807 2086 'a
1841 2033 1929 2092 ivirio.

178 2211 179 2216 ,
331 2139 555 2234 superiorem,
582 2159 643 2210 seu
668 2134 786 2228 Sabid,
814 2146 848 2207 et
872 2134 1075 2208 inferiorem.
1127 2137 1165 2209 ln
1190 2134 1313 2208 Sahide
1346 2157 1424 2209 esse
1461 2139 1506 2206 ait
1539 2138 1698 2226 regiones

330 2256 449 2347 viginti
477 2263 570 2339 octo,
598 2256 751 2347 quesita
778 2262 941 2324 recenset.
993 2252 1106 2325 Fium:
1133 2251 1230 2325 Meni
1254 2273 1315 2325 seu
1335 2251 1513 2352 Memphis:
1541 2249 1698 2326 Wissim:

332 2367 510 2458 Charkiet,
538 2371 611 2442 sive
639 2367 832 2441 Orientalis:
858 2367 981 2454 Dalas,
1009 2379 1043 2440 et
1055 2367 1191 2457 Abusir,
1218 2372 1293 2441 sive
1319 2368 1500 2444 Busiridis:
1525 2366 1698 2458 Ahnascb,

330 2485 410 2572 Krs,
434 2484 583 2557 Behnsu:
611 2483 745 2578 Talrhg,
774 2482 1034 2557 Gn-Chenuaa:
1070 2485 1183 2558 Botrit:
1220 2483 1442 2558 Asobmonin:
1476 2507 1549 2556 cum
1583 2483 1700 2558 Ahsna

291 2607 297 2639 ⁸
332 2605 497 2698 superiori
524 2611 558 2673 et
583 2600 748 2674 inferiori:
781 2601 875 2674 Kous
910 2624 971 2674 seu
997 2600 1123 2674 Kassa:
1152 2602 1307 2674 Ossiout:
1335 2597 1523 2673 Kahcowa:
1549 2599 1699 2674 Echmim

332 2728 365 2790 et
391 2718 500 2792 Eldir:
527 2717 618 2790 Heu:
645 2711 818 2804 Dender'a,
845 2717 939 2805 Kett,
964 2717 1093 2791 Absor:
1120 2719 1233 2808 Asna,
1259 2717 1413 2806 A'rment,
1441 2719 1596 2791 Ascuan:
1625 2727 1702 2790 suut

331 2844 454 2908 tantrun
481 2836 597 2926 viginti
624 2845 751 2930 septem
777 2833 865 2906 unde
892 2835 1032 2931 aliquam
1060 2845 1191 2931 oportet
1218 2833 1359 2908 divisam
1385 2835 1418 2904 in
1445 2833 1528 2908 dous
1550 2833 1700 2927 intelligi,

331 2954 395 3026 nisi
421 2949 526 3024 subsit
552 2971 648 3023 error
674 2948 791 3045 aliquis
817 2954 852 3020 in
878 2951 1005 3023 codice.

435 3066 604 3141 Inferioris
629 3068 780 3163 Aegypti
805 3071 964 3158 regiones
990 3075 1148 3140 numerat¹
1166 3069 1444 3163 vigintiquinque:
1473 3072 1534 3139 etsi
1553 3068 1619 3158 alii,
1641 3070 1699 3138 in-

332 3187 421 3281 quit,
446 3181 559 3278 plures
585 3193 776 3270 numerent,
801 3205 922 3280 nempe
950 3186 1081 3275 triginta
1108 3193 1185 3255 tres.
1221 3183 1358 3256 Litteris
1386 3205 1445 3254 seu
1465 3181 1555 3254 Orac
1573 3183 1700 3255 Orien-

331 3301 423 3374 talis:
451 3298 588 3372 Athrib:
614 3297 833 3385 Eincbemes,
860 3303 934 3371 sive
960 3297 1159 3395 Heliopolis:
1184 3300 1288 3371 Atnu'
1307 3308 1341 3370 et
1372 3296 1495 3370 Nema:
1529 3298 1631 3400 Basta
1666 3309 1701 3372 et

332 3415 492 3490 Tarabia:
530 3412 681 3486 Farbeit:
722 3415 868 3502 blissan:
902 3413 1040 3487 Farma:
1073 3413 1212 3489 Arisch:
1247 3412 1557 3488 Beten-el-cberif:
1592 3415 1699 3490 Rana:

329 3531 472 3604 Abusir:
508 3529 676 3604 Semnoud
711 3541 744 3602 et
775 3531 903 3604 Bousa:
939 3533 1059 3604 Ausiet
1090 3542 1124 3602 et
1154 3530 1339 3603 Bacboum:
1374 3529 1542 3604 Dakahla:
1577 3531 1699 3605 Tanis:

294 3697 295 3700 =
330 3647 501 3735 Damiata,
529 3645 845 3734 cessariensis:
872 3647 1046 3736 Wahada,
1073 3648 1162 3720 Tua:
1189 3647 1322 3734 Menai,
1354 3647 1459 3719 Saca:
1492 3646 1607 3720 Benda
1632 3647 1698 3720 tat-

330 3765 533 3858 AmraJoun:
560 3762 682 3834 Moira:
709 3763 829 3837 Deisa:
857 3763 1004 3837 Seroud:
1032 3765 1095 3838 Sa:
1124 3762 1312 3836 Chabascb:
1339 3761 1513 3852 Badkoun,
1541 3775 1574 3836 et
1600 3763 1698 3838 vallis

331 3880 421 3969 ejus:
455 3876 565 3967 Elhis,
600 3875 773 3969 Characlr,
809 3879 975 3970 Harbata,
1014 3881 1168 3954 Kastata:
1207 3879 1344 3968 Mesila,
1385 3888 1419 3952 et
1449 3879 1698 3954 Elmelridaseh:

330 3993 464 4068 Achra:
499 3993 644 4074 Behira:
678 3993 846 4068 Rechida:
891 3995 1115 4085 Alexandria,
1150 3996 1331 4071 Mareotis:
1367 3994 1492 4068 Lubia:
1527 3995 1698 4070 Marakia:

329 4107 387 4182 Ex
413 4111 553 4200 regione
578 4109 742 4199 Australi,
774 4110 885 4206 Regio
911 4111 1035 4185 Montis
1066 4113 1177 4186 Sinai:
1212 4110 1361 4200 Pharan,
1396 4111 1513 4200 Raba,
1546 4111 1698 4204 Kolzum,

330 4225 424 4314 Aila,
451 4225 607 4318 bledein,
634 4238 668 4300 et
694 4229 857 4325 quaedam
884 4229 970 4302 aliae
997 4230 1039 4302 ud
1065 4229 1225 4304 Arabiam
1252 4233 1360 4325 potius
1388 4252 1485 4324 quam
1511 4230 1554 4302 ad
1569 4230 1697 4327 Aegy-
1804 4295 1807 4302 λ

330 4351 420 4436 ptum
447 4347 661 4439 pertinentes.

434 4460 508 4531 Huc
533 4482 639 4556 usque
664 4463 793 4536 urbium
821 4473 856 4534 et
880 4465 1054 4555 regionum
1081 4461 1142 4536 sub
1169 4462 1232 4534 illis
1259 4462 1573 4559 comprehensarum
1593 4461 1699 4536 Noti-

330 4576 409 4646 tiam
436 4575 708 4672 qualemcumque
735 4577 883 4650 dedimus
911 4601 957 4650 ex
984 4577 1205 4651 Orientalibus
1233 4576 1448 4676 Geographis.
1501 4577 1585 4649 Eam
1611 4600 1696 4651 vero

330 4689 513 4784 perfectam
540 4692 623 4766 dare
648 4716 715 4767 non
741 4714 935 4791 possemus,
962 4698 1105 4784 etiamsi,
1133 4704 1167 4766 ut
1193 4699 1225 4768 in
1253 4696 1457 4790 quibusdam,
1484 4703 1698 4790 suppeterent

331 4829 558 4906 quaecumque
584 4809 626 4880 ad
653 4833 727 4883 eam
747 4808 971 4884 illustrandam
993 4814 1185 4884 necessaria
1204 4822 1290 4902 sunt,
1316 4815 1379 4887 nisi
1399 4811 1574 4910 prolixiori
1594 4835 1695 4884 com-

329 4927 513 5016 mentario,
541 4947 636 5021 quem
665 4947 732 4997 nou
758 4934 927 5018 pateretur
952 4929 1087 4999 instituti
1114 4930 1226 5023 operis
1240 4931 1347 5002 ratio.
1393 4928 1495 5022 Igitur
1522 4925 1695 5002 observa-
