4760 6038
735 559 834 634 LXX
1226 563 1601 642 DlSSllRTATIO

736 749 917 822 mutitudini
942 773 1010 823 non
1036 749 1173 842 sufficit,
1199 772 1319 847 nempe
1344 761 1380 822 ut
1405 773 1514 824 novus
1541 750 1716 842 allcratur,
1748 761 1974 847 resonatque
1991 752 2100 826 Mini-

736 875 806 936 ster
832 863 978 938 Canonis
1003 877 1147 963 partem,
1179 869 1212 939 in
1245 889 1309 962 qua
1342 865 1448 940 verba
1482 867 1605 941 Christi
1629 871 1852 941 continentur:
1887 889 1951 964 qua
1984 867 2027 942 dc
2058 893 2101 942 re

734 1001 850 1074 parum
877 981 1007 1054 solliciti
1033 981 1129 1054 luere
1154 987 1324 1078 puriores,
1349 991 1385 1054 ut
1411 982 1475 1054 dici
1500 983 1636 1074 volunt,
1670 983 1885 1076 Evangelici,
1923 1006 1988 1056 nec
2021 984 2100 1057 for-

733 1101 834 1169 tassis
861 1101 1033 1170 immerito.
1087 1097 1152 1170 Ubi
1179 1102 1264 1170 enirn
1291 1103 1501 1172 consecratio
1528 1099 1763 1172 elementorum
1782 1099 1872 1172 nulla
1891 1104 2097 1195 supponitur,

733 1211 779 1284 ibi
805 1213 926 1286 inutilis
954 1225 1006 1286 est
1033 1238 1204 1287 sacromm
1230 1213 1409 1288 verborum
1435 1219 1677 1311 pronuntiatio,
1705 1215 1761 1287 vel
1781 1217 1950 1311 repetitio;
1977 1218 2099 1312 quippe

734 1332 762 1402 si
788 1329 865 1402 nibil
891 1331 1050 1420 efficiunt,
1077 1332 1259 1427 repetenda
1285 1353 1353 1403 uon
1378 1331 1550 1422 videntur,
1582 1335 1648 1403 imo
1681 1353 1745 1403 nec
1779 1334 1812 1404 in
1840 1329 1977 1404 Conone
2009 1354 2099 1427 pro-

732 1446 918 1518 nuntianda.
972 1447 1056 1519 Sunt
1083 1448 1169 1520 aliae
1195 1446 1348 1520 nunninae
1373 1450 1407 1518 in
1434 1448 1497 1520 illis
1525 1448 1667 1538 Olliciis,
1694 1450 1892 1543 praesertim
1918 1449 2097 1541 inAngli-

733 1565 844 1653 canis,
886 1571 922 1633 ut
955 1585 1041 1658 quae
1072 1562 1289 1637 Eucharistici
1328 1566 1423 1659 panis
1456 1564 1643 1636 munditiem
1679 1573 1849 1660 spectant,
1891 1562 2095 1658 probibitio-

732 1701 809 1750 nem
835 1701 878 1750 ne
903 1678 1063 1774 reliquiae
1090 1702 1175 1776 quae
1208 1679 1284 1752 data
1311 1685 1541 1754 communione
1567 1679 1802 1775 superfuerint,
1828 1683 1862 1752 in
1889 1701 2097 1754 communem

732 1817 827 1867 usum
860 1805 1088 1890 asportantur,
1128 1796 1188 1868 sed
1230 1799 1263 1867 in
1310 1799 1384 1890 ipsa
1420 1819 1534 1868 mensa
1574 1795 1630 1868 ubi
1667 1795 1782 1870 Coena
1818 1794 1987 1870 celebrata
2023 1807 2098 1886 est,

732 1935 753 1982 a
792 1909 1019 1983 sacerdotibus
1059 1923 1094 1984 et
1131 1911 1289 1984 Diaconis
1329 1923 1525 1984 reverenter
1563 1921 1746 1985 sumantur:
1789 1911 1850 1984 sed
1890 1910 1945 1984 illa
1985 1935 2096 2008 prae-

731 2029 827 2122 cipue
863 2050 947 2123 quae
979 2051 1122 2120 genuum
1156 2027 1336 2100 flexionem
1377 2026 1689 2101 communicantibus
1728 2030 1886 2123 imperat,
1927 2028 2096 2132 monendo

731 2152 863 2233 tamen,
895 2165 939 2215 ne
972 2147 1141 2239 quisquam
1177 2142 1260 2216 banc
1294 2142 1450 2234 honoris,
1482 2144 1525 2216 ad
1555 2143 1733 2216 recolenda
1766 2153 1863 2236 grato
1896 2146 2004 2215 animo
2030 2143 2097 2216 Dei

731 2257 892 2332 beneficia
923 2259 1215 2352 significationem,
1250 2258 1290 2330 ad
1327 2259 1553 2333 adorationem
1587 2260 1720 2333 referat.
1772 2258 1816 2331 Et
1849 2263 1978 2332 moneri
2012 2283 2098 2334 sane

731 2375 918 2471 oportebat:
946 2379 1017 2472 quis
1045 2380 1131 2448 enirn
1156 2375 1411 2473 procumbentes
1438 2399 1549 2449 coram
1575 2376 1782 2449 Eucharistia
1815 2399 1890 2448 eam
1915 2397 1983 2448 non
2004 2375 2097 2450 ado-

730 2513 806 2563 rare
834 2491 1085 2566 existimasset?
1113 2489 1195 2564 Corn
1221 2495 1320 2586 igitur
1345 2495 1379 2563 in
1404 2496 1612 2588 paucissimis
1648 2492 1711 2565 illis
1739 2490 1854 2566 ritibus
1882 2495 1937 2586 qui
1968 2494 2098 2587 primae

728 2607 987 2680 Reformationis
1021 2608 1184 2680 dammam
1217 2609 1418 2701 effugerunt,
1461 2612 1653 2682 necessaria
1685 2608 1785 2680 fuerit
1817 2607 1975 2700 alicujus,
2009 2631 2097 2704 quae

731 2723 947 2813 servabatur,
975 2724 1167 2820 disciplinae
1192 2729 1427 2821 praescriptio,
1455 2729 1540 2798 inter
1564 2735 1700 2796 veteres
1723 2723 1951 2814 Christianos,
1979 2723 2095 2800 Grae-

729 2863 788 2914 cos
816 2851 849 2913 et
876 2840 1062 2914 Orientales
1089 2863 1225 2930 omnes,
1262 2844 1317 2936 qui
1350 2864 1422 2912 cum
1458 2863 1580 2933 magno
1617 2842 1899 2912 caeremoniarum
1931 2850 2094 2936 apparatu

728 2955 911 3049 Littrrgiam
947 2956 1137 3047 celebrant,
1173 2956 1294 3053 aliquid
1329 2960 1417 3028 circa
1451 2957 1523 3030 illas
1556 2955 1660 3030 bisse
1692 2955 1961 3046 determinatum,
1994 2967 2028 3028 et
2059 2959 2093 3030 in

729 3071 899 3145 codicibus
925 3072 1170 3146 Ecclesiasticis
1196 3079 1437 3171 praescrIptum
1463 3071 1613 3145 dubitare
1639 3095 1737 3145 nemo
1751 3082 1880 3167 potest:
1907 3075 1936 3146 ei
1957 3069 2093 3164 dubitet,

713 3188 818 3261 ‚unde
845 3189 941 3264 dubia
967 3189 1112 3285 probare
1139 3211 1199 3262 sua
1224 3193 1330 3286 possit
1355 3189 1441 3262 haud
1466 3188 1564 3261 facile
1589 3191 1745 3285 reperiet.

409 3309 719 3383 secunuumuoopunam
835 3306 938 3398 Igitur
964 3329 1052 3402 quae
1078 3309 1112 3378 in
1139 3305 1318 3380 Codicibus
1346 3305 1503 3396 Graecis,
1530 3305 1699 3402 Syriacis,
1726 3303 1873 3401 Copticis
1901 3313 1934 3376 et
1956 3305 2093 3378 abarum

406 3393 648 3550 fflfflcssz
656 3403 718 3542 ἓξ,
729 3421 914 3514 linguarum
948 3425 1110 3518 reperitur
1145 3423 1332 3519 disciplina,
1369 3422 1498 3494 frivolis
1532 3421 1714 3494 rationibus
1748 3443 1828 3516 quas
1862 3421 2093 3494 Protestantes

406 3566 489 3623 teter.
730 3539 772 3610 ad
799 3561 870 3610 eam
898 3538 1149 3611 convellendam
1177 3538 1409 3628 adhibuerunt,
1435 3538 1558 3611 bunion
1585 3547 1654 3627 est,
1681 3546 1716 3609 et
1741 3535 1919 3610 secundum
1937 3536 2025 3609 illum
2048 3535 2093 3608 de

728 3653 905 3728 Orientalis
930 3653 1104 3727 Ecclesiae
1130 3653 1194 3728 lide
1217 3655 1373 3748 judicium
1399 3653 1605 3728 deridebat
1637 3652 1735 3726 Nulla
1761 3675 1845 3726 sane
1871 3652 1956 3726 illius
1984 3651 2092 3728 disci-

725 3771 835 3866 plinae
852 3792 931 3865 pars
952 3781 1023 3863 est,
1050 3793 1135 3866 quae
1158 3771 1407 3863 Berengariana
1432 3783 1599 3867 tempora,
1627 3778 1661 3842 et
1681 3768 1784 3842 falsas
1802 3791 1919 3842 omnes
1932 3765 2090 3864 Epochus

725 3889 911 3960 mutationis
936 3887 1031 3977 lidei,
1058 3909 1139 3982 quas
1166 3887 1358 3961 Albertinus
1385 3888 1611 3980 excogitavit,
1643 3906 1711 3958 non
1745 3894 1948 3958 antevertat:
1981 3905 2091 3979 prae-

725 4004 837 4075 sertim
870 4006 904 4074 in
929 4002 992 4075 illis
1017 4001 1133 4075 ritibus
1161 4006 1216 4098 qui
1241 4006 1377 4096 majoris
1402 4005 1558 4075 momenti
1584 4012 1670 4080 sunt.
1722 3999 1809 4074 Nam
1839 4003 1872 4072 in
1900 3999 1973 4073 aliis
2000 4019 2090 4094 quae

724 4121 952 4191 caeremonias
980 4117 1071 4191 solas
1098 4128 1267 4214 spectant,
1294 4123 1324 4192 si
1350 4143 1436 4216 quae
1462 4120 1643 4192 dillerentia
1670 4127 1737 4212 est,
1763 4139 1880 4214 parum
1907 4114 2028 4192 refert:
2053 4117 2089 4186 in

723 4234 858 4330 reliquis
884 4233 1032 4330 perfecta
1061 4244 1113 4307 est
1138 4235 1333 4326 similitudo,
1359 4238 1541 4308 orationum
1568 4246 1604 4307 et
1628 4237 1757 4308 rituum.
1809 4233 1886 4308 Non
1913 4234 2088 4327 accepisse

724 4372 808 4425 vero
829 4351 1003 4447 quidquam
1022 4349 1084 4422 hoc
1099 4353 1132 4421 in
1148 4373 1273 4443 genere
1299 4351 1486 4425 Orientales
1509 4350 1551 4423 ab
1575 4349 1860 4440 occidentalibus,
1888 4371 1963 4422 cum
1986 4347 2088 4420 multa

724 4468 965 4557 demonstrant,
993 4478 1059 4539 tum
1085 4465 1163 4538 illud
1188 4471 1357 4558 maxime,
1385 4466 1473 4563 quod
1498 4467 1654 4540 nonnulla
1680 4466 1790 4539 Latini
1812 4487 1934 4540 severe
1953 4465 2088 4538 nimium

723 4588 917 4679 exagitasse
944 4582 1249 4680 deprehenduntur,
1273 4593 1309 4655 ut
1334 4587 1597 4658 communionem
1623 4586 1789 4654 intinctam
1814 4579 2027 4669 Hutnbertus,
2052 4585 2091 4650 et

722 4705 803 4773 ritus
830 4700 914 4773 alios
940 4699 1134 4791 nonnullos,
1159 4701 1353 4796 plerumque
1378 4703 1545 4774 innoxios.
1575 4698 1646 4774 Eos
1662 4701 1773 4793 itaque
1788 4722 1808 4770 a
1821 4697 1948 4770 Latinis
1962 4693 2086 4768 Graeci

639 4849 642 4856 ·
722 4820 876 4914 accipere
908 4837 974 4887 non
1008 4823 1201 4911 potuerunt:
1236 4817 1336 4890 multo
1369 4819 1476 4914 minus
1507 4815 1695 4889 Nestoriani
1736 4825 1770 4888 et
1799 4811 1991 4903 Jacobitae,
2029 4810 2087 4905 qui

721 4933 840 5005 nullam
868 4954 942 5002 cum
969 4929 1127 5024 Graecis,
1153 4957 1174 5005 a
1201 4932 1423 5007 Conciliomm
1448 4932 1607 5030 Ephesini
1632 4941 1667 5004 et
1683 4929 1966 5038 Calchedoneneis
1992 4939 2087 5002 tem-
2129 4943 2134 4950 '

720 5071 804 5147 pore
830 5051 1091 5122 communionem
1116 5048 1321 5144 babuerunt,
1346 5053 1478 5124 minime
1505 5052 1649 5124 omnium
1674 5073 1695 5122 a
1720 5049 1857 5122 Latinis.
