4760 6038
729 423 1420 504 stnottnnttttonlt
1715 423 1766 500 29

492 613 657 706 Popntm.
711 612 817 709 Kyrio
843 613 982 686 eleison.
1035 611 1179 684 Domine
1205 611 1377 684 miserere.

489 729 676 802 Sacerdos.
728 729 781 800 Tu
807 727 952 802 Domine
979 729 1176 800 convertisti
1201 725 1280 798 mihi
1293 747 1438 823 poenam
1453 729 1487 798 in
1503 726 1663 816 salutem:
1690 729 1766 799 sic·

387 855 422 918 ut
447 855 566 941 pastor
590 844 701 918 bonns
736 855 902 916 errantem
930 843 1070 916 sollicite
1104 844 1319 938 quaesivisti:
1352 851 1509 936 tanquam
1534 851 1632 937 pater
1662 863 1767 916 verus

386 957 549 1034 laborasti
579 981 710 1032 meonm
746 961 802 1053 qui
828 958 1033 1030 cecideram:
1071 955 1215 1050 alligasti
1245 979 1300 1029 me
1334 956 1485 1030 omnibus
1516 957 1766 1030 medicamentis

387 1074 651 1149 vivificantibus:
678 1084 714 1146 tu
738 1076 857 1148 misisti
886 1072 1008 1145 adme
1034 1071 1235 1167 Prophetas:
1261 1083 1400 1169 propter
1425 1095 1479 1144 me
1496 1073 1671 1163 infirmum,
1698 1073 1765 1145 de-

285 1178 291 1192 '
389 1188 464 1262 disti
496 1189 574 1262 mihi
594 1189 683 1282 legis
710 1189 882 1262 auxilium:
910 1198 945 1259 tu
972 1187 1208 1261 administrasti
1234 1188 1311 1260 mihi
1327 1188 1479 1278 salntem,
1507 1197 1541 1258 at
1564 1210 1631 1280 ego
1647 1197 1766 1262 trans-

388 1326 526 1398 gressus
554 1326 627 1379 sum
652 1305 765 1397 legem
800 1313 908 1393 tuam,
944 1325 1032 1398 quae
1065 1312 1118 1378 est
1149 1302 1260 1376 lumen
1294 1327 1430 1394 venum,
1464 1303 1553 1398 quod
1585 1302 1767 1376 accendisti

389 1420 574 1495 errantibus
602 1431 637 1493 et
662 1417 904 1511 ignorantibus.

489 1536 652 1629 Populus.
703 1534 849 1606 Domine
874 1535 1047 1606 miserere.

490 1651 677 1722 Sacerdos.
731 1648 784 1720 'lu
811 1653 866 1744 qui
893 1670 932 1724 es
959 1652 1200 1746 sempitemns,
1252 1651 1375 1722 venisti
1402 1649 1445 1722 ad
1470 1671 1535 1724 nos
1561 1671 1663 1747 snper
1690 1660 1767 1723 ter-

389 1788 480 1860 ram,
507 1765 709 1840 descendisti
734 1768 767 1836 in
795 1774 926 1836 ntorum
951 1764 1116 1856 Virginis,
1142 1763 1237 1836 Dens
1264 1766 1584 1861 incircumscriptus,
1609 1787 1677 1837 non
1703 1787 1767 1838 ra-

389 1885 500 1977 pinam
525 1880 704 1956 arbitratus
732 1902 770 1954 es
797 1901 876 1953 esse
903 1879 1077 1975 aequalem
1103 1879 1200 1968 Deo,
1234 1880 1295 1951 sed
1326 1878 1505 1952 humiliasti
1539 1882 1699 1975 teipsum,
1734 1891 1768 1953 et

391 2001 549 2092 accepisti
575 1995 717 2070 lormam
745 1998 856 2084 servi,
882 1993 1152 2090 benedixistiqne
1178 2005 1331 2067 naturam
1355 2016 1466 2067 meam
1482 2000 1515 2067 in
1530 2005 1580 2066 te:
1595 1994 1768 2092 perfecisti

391 2110 499 2204 legem
527 2124 618 2186 tuam
643 2134 707 2208 pro
733 2133 806 2200 me,
832 2109 1005 2184 ostendisti
1032 2109 1109 2182 mihi
1130 2113 1292 2182 rationem
1310 2110 1511 2202 resurgendi
1525 2121 1604 2206 post
1621 2110 1768 2207 lapsum:

392 2227 541 2301 liberasti
572 2248 634 2302 eos
669 2230 725 2322 qui
761 2225 849 2322 apud
874 2225 1001 2300 inferos
1032 2226 1278 2299 detinebantur:
1312 2225 1470 2300 sustulisti
1504 2224 1770 2298 maledictionem

395 2341 497 2434 legis:
525 2342 720 2416 destituisti
745 2351 919 2438 peccattnn
945 2345 981 2413 in
1007 2364 1123 2414 earne:
1150 2340 1325 2414 ostendisti
1344 2341 1421 2412 mihi
1437 2345 1619 2437 potentiam
1638 2345 1770 2438 imperii

396 2461 457 2529 tui:
485 2457 604 2532 dedisti
630 2459 741 2531 visnm
768 2461 896 2530 caecis:
925 2460 1079 2530 excitasti
1104 2465 1255 2548 mortuos
1282 2456 1325 2528 de
1351 2455 1529 2551 sepulcr-is:
1561 2459 1770 2532 resuscitasti

394 2581 544 2644 naturam
570 2570 696 2645 vorbo:
723 2570 943 2644 manifestasti
967 2571 1046 2644 mihi
1065 2571 1344 2668 dispensationem
1364 2571 1560 2644 clementiae
1581 2583 1680 2662 tnae3
1707 2582 1768 2645 to-

393 2685 508 2760 lerasti
542 2689 677 2779 injurias
717 2690 921 2782 iniquorum:
954 2686 1137 2782 praebuisti
1171 2699 1303 2780 tergtnn
1336 2687 1555 2779 verberibus,
1595 2696 1630 2758 et
1661 2707 1768 2780 genas

392 2812 464 2876 tnas
490 2801 747 2898 percussoribus
773 2803 972 2897 permisisti3
998 2815 1137 2899 propter
1161 2826 1217 2876 me
1242 2802 1396 2892 Domine,
1424 2825 1492 2877 non
1508 2806 1660 2876 avertisti
1686 2804 1770 2876 vul-

394 2926 458 2989 tum
485 2928 576 2989 tuum
603 2917 645 2990 ab
672 2920 853 3010 ignominia
880 2927 1059 3013 sputorum.

496 3033 659 3126 Populus.
711 3033 856 3104 Domine
882 3036 1054 3105 miserere.

495 3147 681 3220 Sacerdos.
738 3151 866 3224 Venisti
905 3147 948 3219 ad
982 3151 1185 3223 occisionem
1220 3160 1376 3245 tanquam
1416 3169 1541 3242 agnus,
1583 3170 1690 3244 usque
1729 3147 1772 3220 ad

395 3285 541 3335 crucem:
569 3264 803 3337 demonstrasti
829 3263 1082 3336 sollicitudinem
1108 3275 1197 3338 tuam
1223 3289 1307 3359 erga
1335 3289 1402 3338 me:
1431 3265 1582 3340 occidisti
1597 3273 1774 3361 peccatum

394 3400 501 3451 meum
526 3401 590 3474 per
616 3377 819 3472 sepulturam
845 3388 951 3451 tuam:
979 3377 1122 3453 elevasti
1147 3384 1309 3476 primitias
1335 3403 1430 3454 meas
1452 3380 1618 3476 usquead
1639 3379 1772 3454 coelos:

395 3493 610 3567 manifestasti
635 3493 713 3565 mibi
731 3494 910 3567 adventum
937 3504 1027 3567 tuum
1053 3495 1209 3586 futurum,
1235 3501 1270 3568 in
1297 3507 1541 3592 proventurus
1559 3517 1597 3568 es
1621 3493 1773 3588 judicare

394 3611 492 3682 vivos
520 3620 555 3682 et
579 3618 748 3698 momnos,
774 3619 810 3681 nt
835 3609 958 3682 reddas
984 3613 1161 3706 unicuique
1189 3611 1370 3684 secundum
1398 3633 1503 3706 opera
1530 3633 1602 3684 sua.

496 3725 659 3818 Populos.
712 3725 902 3798 Secundum
927 3725 1187 3799 miscricordiam
1214 3736 1324 3818 tuam,
1350 3726 1461 3816 Dens,
1488 3736 1551 3798 otc.

497 3839 681 3913 Sacerdos.
736 3839 848 3913 Ollero
869 3839 939 3933 tibi,
954 3842 1111 3931 Domine,
1129 3843 1284 3938 symbola
1298 3843 1504 3916 liberationis
1527 3863 1642 3913 meae:
1659 3841 1772 3915 scribo

395 3977 500 4048 opera
526 3977 603 4027 mea
629 3955 808 4030 secundum
835 3955 942 4038 verba
970 3965 1039 4028 tua:
1073 3957 1125 4029 Tu
1155 3981 1194 4032 es
1225 3961 1279 4053 qui
1313 3957 1432 4034 dedisti
1463 3959 1540 4030 mihi
1571 3956 1637 4030 boc
1671 3962 1774 4031 mini-

396 4074 530 4142 sterium
556 4071 689 4167 plenum
716 4074 895 4166 mysterio:
923 4071 1109 4168 dedistique
1134 4073 1212 4146 mibi
1238 4075 1525 4170 participationem
1543 4078 1697 4170 corporis
1724 4075 1771 4146 tui

397 4187 546 4281 inpane
573 4189 722 4259 etvino.

413 4297 414 4302 ’
498 4301 659 4396 Poprdus.
712 4300 898 4375 Credimus.

499 4415 683 4490 Sacerdos.
737 4417 825 4490 Nam
859 4439 901 4490 ea
931 4426 1032 4491 nocte
1058 4421 1092 4490 in
1126 4443 1189 4514 qua
1222 4420 1307 4494 tradi
1341 4421 1498 4515 voluisti,
1531 4423 1704 4499 voluntate
1740 4434 1775 4498 et

393 4541 561 4626 potestate
588 4541 644 4604 tua
671 4534 763 4624 sola,
797 4537 955 4631 accepisti
992 4557 1114 4630 panem
1145 4537 1179 4606 in
1212 4559 1329 4610 manns
1364 4547 1438 4613 tuas
1471 4550 1622 4631 sanctas,
1658 4562 1773 4636 puras,

392 4647 643 4740 immaculatas,
669 4646 788 4722 beatas
816 4659 850 4721 et
874 4649 1093 4723 vivificantes.

501 4763 665 4858 Populos.
719 4765 893 4842 Credimus
920 4769 966 4838 ita
993 4788 1081 4842 esse.

1822 4320 1998 4391 Πιστεύομεν.
