<?xml version="1.0" encoding="UTF-8"?>
<!DOCTYPE html PUBLIC "-//W3C//DTD XHTML 1.0 Transitional//EN"
    "http://www.w3.org/TR/xhtml1/DTD/xhtml1-transitional.dtd">
<html xmlns="http://www.w3.org/1999/xhtml" xml:lang="en" lang="en">
 <head>
  <title>
</title>
<meta http-equiv="Content-Type" content="text/html;charset=utf-8" />
  <meta name='ocr-system' content='tesseract 3.04.00' />
  <meta name='ocr-capabilities' content='ocr_page ocr_carea ocr_par ocr_line ocrx_word'/>
</head>
<body>
  <div class='ocr_page' id='page_1' title='image "./liturgiarumorie03renagoog_0015.png"; bbox 0 0 4778 6034; ppageno 0'>
   <div class='ocr_carea' id='block_1_1' title="bbox 268 1265 579 1406">
    <p class='ocr_par' dir='ltr' id='par_1_1' title="bbox 268 1265 579 1406">
     <span class='ocr_line' id='line_1_1' title="bbox 322 1265 579 1319; baseline -0.012 -2"><span class='ocrx_word' id='word_1_1' title='bbox 322 1266 415 1319; x_wconf 79' lang='lat' dir='ltr'>llultos</span> <span class='ocrx_word' id='word_1_2' title='bbox 438 1265 579 1318; x_wconf 76' lang='lat' dir='ltr'><strong>retardavit</strong></span> 
     </span>
     <span class='ocr_line' id='line_1_2' title="bbox 268 1351 521 1406; baseline 0 -2"><span class='ocrx_word' id='word_1_3' title='bbox 268 1351 380 1406; x_wconf 77' lang='lat' dir='ltr'>Critices</span> <span class='ocrx_word' id='word_1_4' title='bbox 398 1351 521 1404; x_wconf 82' lang='lat' dir='ltr'>delectus.</span> 
     </span>
    </p>
   </div>
   <div class='ocr_carea' id='block_1_2' title="bbox 1118 648 1432 725">
    <p class='ocr_par' dir='ltr' id='par_1_2' title="bbox 1118 648 1432 725">
     <span class='ocr_line' id='line_1_3' title="bbox 1118 648 1432 725; baseline -0.003 -1"><span class='ocrx_word' id='word_1_5' title='bbox 1118 648 1432 725; x_wconf 81' lang='lat' dir='ltr'><strong>PRAEFATIO.</strong></span> 
     </span>
    </p>
   </div>
   <div class='ocr_carea' id='block_1_3' title="bbox 590 835 1957 2152">
    <p class='ocr_par' dir='ltr' id='par_1_3' title="bbox 590 835 1957 1212">
     <span class='ocr_line' id='line_1_4' title="bbox 592 835 1957 942; baseline 0.001 -25"><span class='ocrx_word' id='word_1_6' title='bbox 592 835 842 918; x_wconf 90' lang='lat' dir='ltr'>Genebrardus</span> <span class='ocrx_word' id='word_1_7' title='bbox 888 843 954 920; x_wconf 85' lang='lat' dir='ltr'>etsi</span> <span class='ocrx_word' id='word_1_8' title='bbox 996 840 1195 942; x_wconf 81' lang='lat' dir='ltr'>linguarum</span> <span class='ocrx_word' id='word_1_9' title='bbox 1233 837 1484 941; x_wconf 71' lang='lat' dir='ltr'>Orientalium,</span> <span class='ocrx_word' id='word_1_10' title='bbox 1525 837 1722 917; x_wconf 91' lang='lat' dir='ltr'>Hebraicae</span> <span class='ocrx_word' id='word_1_11' title='bbox 1759 842 1796 917; x_wconf 89' lang='lat' dir='ltr'>in</span> <span class='ocrx_word' id='word_1_12' title='bbox 1836 841 1957 942; x_wconf 89' lang='lat' dir='ltr'>primis</span> 
     </span>
     <span class='ocr_line' id='line_1_5' title="bbox 590 971 1957 1078; baseline 0 -28"><span class='ocrx_word' id='word_1_13' title='bbox 590 979 737 1077; x_wconf 78' lang='lat' dir='ltr'>peritus⁷</span> <span class='ocrx_word' id='word_1_14' title='bbox 764 973 888 1053; x_wconf 85' lang='lat' dir='ltr'>Ollicia</span> <span class='ocrx_word' id='word_1_15' title='bbox 914 998 1014 1053; x_wconf 88' lang='lat' dir='ltr'>sacra</span> <span class='ocrx_word' id='word_1_16' title='bbox 1044 971 1273 1051; x_wconf 81' lang='lat' dir='ltr'>Orientalium</span> <span class='ocrx_word' id='word_1_17' title='bbox 1300 973 1394 1050; x_wconf 90' lang='lat' dir='ltr'>nulla</span> <span class='ocrx_word' id='word_1_18' title='bbox 1424 972 1581 1051; x_wconf 90' lang='lat' dir='ltr'>viderat:</span> <span class='ocrx_word' id='word_1_19' title='bbox 1613 974 1738 1078; x_wconf 85' lang='lat' dir='ltr'>reliqui</span> <span class='ocrx_word' id='word_1_20' title='bbox 1766 998 1813 1050; x_wconf 95' lang='lat' dir='ltr'>ne</span> <span class='ocrx_word' id='word_1_21' title='bbox 1836 976 1957 1052; x_wconf 94' lang='lat' dir='ltr'>nomi-</span> 
     </span>
     <span class='ocr_line' id='line_1_6' title="bbox 590 1107 1068 1212; baseline -0.004 -25"><span class='ocrx_word' id='word_1_22' title='bbox 590 1113 665 1187; x_wconf 92' lang='lat' dir='ltr'>nari</span> <span class='ocrx_word' id='word_1_23' title='bbox 703 1107 847 1212; x_wconf 91' lang='lat' dir='ltr'>quidem</span> <span class='ocrx_word' id='word_1_24' title='bbox 878 1119 1068 1186; x_wconf 88' lang='lat' dir='ltr'>merentur.</span> 
     </span>
    </p>

    <p class='ocr_par' dir='ltr' id='par_1_4' title="bbox 590 1238 1957 2152">
     <span class='ocr_line' id='line_1_7' title="bbox 712 1238 1957 1345; baseline 0.002 -27"><span class='ocrx_word' id='word_1_25' title='bbox 712 1241 844 1345; x_wconf 86' lang='lat' dir='ltr'>lllagno</span> <span class='ocrx_word' id='word_1_26' title='bbox 876 1245 992 1343; x_wconf 71' lang='lat' dir='ltr'>etiam,</span> <span class='ocrx_word' id='word_1_27' title='bbox 1023 1238 1186 1343; x_wconf 92' lang='lat' dir='ltr'>nequid</span> <span class='ocrx_word' id='word_1_28' title='bbox 1222 1240 1370 1344; x_wconf 90' lang='lat' dir='ltr'>alicujus</span> <span class='ocrx_word' id='word_1_29' title='bbox 1399 1240 1552 1320; x_wconf 90' lang='lat' dir='ltr'>utilitatis</span> <span class='ocrx_word' id='word_1_30' title='bbox 1585 1240 1652 1319; x_wconf 90' lang='lat' dir='ltr'>hac</span> <span class='ocrx_word' id='word_1_31' title='bbox 1685 1244 1720 1319; x_wconf 92' lang='lat' dir='ltr'>in</span> <span class='ocrx_word' id='word_1_32' title='bbox 1752 1244 1957 1320; x_wconf 70' lang='lat' dir='ltr'>tractatione</span> 
     </span>
     <span class='ocr_line' id='line_1_8' title="bbox 590 1371 1956 1480; baseline 0 -27"><span class='ocrx_word' id='word_1_33' title='bbox 590 1387 822 1480; x_wconf 72' lang='lat' dir='ltr'>praestarent,</span> <span class='ocrx_word' id='word_1_34' title='bbox 856 1375 922 1453; x_wconf 91' lang='lat' dir='ltr'>illis</span> <span class='ocrx_word' id='word_1_35' title='bbox 955 1373 1205 1478; x_wconf 89' lang='lat' dir='ltr'>impedimento</span> <span class='ocrx_word' id='word_1_36' title='bbox 1238 1374 1302 1452; x_wconf 89' lang='lat' dir='ltr'>luit</span> <span class='ocrx_word' id='word_1_37' title='bbox 1333 1371 1483 1453; x_wconf 83' lang='lat' dir='ltr'>Oritices</span> <span class='ocrx_word' id='word_1_38' title='bbox 1521 1379 1747 1454; x_wconf 82' lang='lat' dir='ltr'>accuratioris</span> <span class='ocrx_word' id='word_1_39' title='bbox 1782 1374 1956 1477; x_wconf 73' lang='lat' dir='ltr'>delectus,</span> 
     </span>
     <span class='ocr_line' id='line_1_9' title="bbox 592 1505 1957 1613; baseline -0.002 -25"><span class='ocrx_word' id='word_1_40' title='bbox 592 1535 673 1588; x_wconf 86' lang='lat' dir='ltr'>cunr</span> <span class='ocrx_word' id='word_1_41' title='bbox 710 1508 757 1586; x_wconf 91' lang='lat' dir='ltr'>illi</span> <span class='ocrx_word' id='word_1_42' title='bbox 788 1509 880 1611; x_wconf 71' lang='lat' dir='ltr'>duo,</span> <span class='ocrx_word' id='word_1_43' title='bbox 916 1507 1000 1586; x_wconf 92' lang='lat' dir='ltr'>dum</span> <span class='ocrx_word' id='word_1_44' title='bbox 1036 1508 1230 1611; x_wconf 87' lang='lat' dir='ltr'>Liturgiam</span> <span class='ocrx_word' id='word_1_45' title='bbox 1270 1505 1514 1610; x_wconf 86' lang='lat' dir='ltr'>Apostolicam</span> <span class='ocrx_word' id='word_1_46' title='bbox 1552 1509 1743 1613; x_wconf 84' lang='lat' dir='ltr'>designare</span> <span class='ocrx_word' id='word_1_47' title='bbox 1781 1521 1957 1612; x_wconf 66' lang='lat' dir='ltr'>satagunt</span> 
     </span>
     <span class='ocr_line' id='line_1_10' title="bbox 592 1639 1957 1745; baseline 0 -24"><span class='ocrx_word' id='word_1_48' title='bbox 592 1645 688 1722; x_wconf 87' lang='lat' dir='ltr'>lalsis</span> <span class='ocrx_word' id='word_1_49' title='bbox 715 1655 877 1721; x_wconf 89' lang='lat' dir='ltr'>vetemm</span> <span class='ocrx_word' id='word_1_50' title='bbox 899 1640 1161 1721; x_wconf 84' lang='lat' dir='ltr'>Pontificiarum</span> <span class='ocrx_word' id='word_1_51' title='bbox 1184 1640 1423 1745; x_wconf 87' lang='lat' dir='ltr'>Epistularum</span> <span class='ocrx_word' id='word_1_52' title='bbox 1449 1642 1622 1745; x_wconf 71' lang='lat' dir='ltr'>Dionysii,</span> <span class='ocrx_word' id='word_1_53' title='bbox 1645 1639 1838 1721; x_wconf 81' lang='lat' dir='ltr'>Clementis</span> <span class='ocrx_word' id='word_1_54' title='bbox 1865 1644 1957 1721; x_wconf 93' lang='lat' dir='ltr'>alio-</span> 
     </span>
     <span class='ocr_line' id='line_1_11' title="bbox 592 1777 1956 1883; baseline -0.001 -26"><span class='ocrx_word' id='word_1_55' title='bbox 592 1803 746 1883; x_wconf 88' lang='lat' dir='ltr'>rumque</span> <span class='ocrx_word' id='word_1_56' title='bbox 776 1777 939 1857; x_wconf 88' lang='lat' dir='ltr'>similium</span> <span class='ocrx_word' id='word_1_57' title='bbox 966 1780 1178 1880; x_wconf 89' lang='lat' dir='ltr'>scriptomm</span> <span class='ocrx_word' id='word_1_58' title='bbox 1209 1779 1428 1878; x_wconf 65' lang='lat' dir='ltr'>testimoniis,</span> <span class='ocrx_word' id='word_1_59' title='bbox 1462 1780 1577 1855; x_wconf 89' lang='lat' dir='ltr'>omnia</span> <span class='ocrx_word' id='word_1_60' title='bbox 1607 1801 1671 1856; x_wconf 90' lang='lat' dir='ltr'>sua</span> <span class='ocrx_word' id='word_1_61' title='bbox 1702 1780 1830 1880; x_wconf 91' lang='lat' dir='ltr'>scripta</span> <span class='ocrx_word' id='word_1_62' title='bbox 1862 1803 1956 1856; x_wconf 91' lang='lat' dir='ltr'>one-</span> 
     </span>
     <span class='ocr_line' id='line_1_12' title="bbox 591 1909 1957 2016; baseline 0 -26"><span class='ocrx_word' id='word_1_63' title='bbox 591 1916 766 1991; x_wconf 87' lang='lat' dir='ltr'>raverint:</span> <span class='ocrx_word' id='word_1_64' title='bbox 800 1915 951 1990; x_wconf 89' lang='lat' dir='ltr'>certiora</span> <span class='ocrx_word' id='word_1_65' title='bbox 979 1923 1038 1990; x_wconf 92' lang='lat' dir='ltr'>aut</span> <span class='ocrx_word' id='word_1_66' title='bbox 1056 1913 1312 2014; x_wconf 67' lang='lat' dir='ltr'>ignoraverint,</span> <span class='ocrx_word' id='word_1_67' title='bbox 1338 1923 1397 1990; x_wconf 87' lang='lat' dir='ltr'>aut</span> <span class='ocrx_word' id='word_1_68' title='bbox 1416 1910 1650 2014; x_wconf 84' lang='lat' dir='ltr'>neglexerint</span> <span class='ocrx_word' id='word_1_69' title='bbox 1682 1909 1758 1989; x_wconf 87' lang='lat' dir='ltr'>Sed</span> <span class='ocrx_word' id='word_1_70' title='bbox 1784 1935 1903 2016; x_wconf 89' lang='lat' dir='ltr'>neque</span> <span class='ocrx_word' id='word_1_71' title='bbox 1927 1916 1957 1991; x_wconf 94' lang='lat' dir='ltr'>is</span> 
     </span>
     <span class='ocr_line' id='line_1_13' title="bbox 591 2043 1957 2152; baseline -0.001 -28"><span class='ocrx_word' id='word_1_72' title='bbox 591 2049 651 2152; x_wconf 94' lang='lat' dir='ltr'>qui</span> <span class='ocrx_word' id='word_1_73' title='bbox 670 2049 804 2149; x_wconf 89' lang='lat' dir='ltr'>primus</span> <span class='ocrx_word' id='word_1_74' title='bbox 822 2043 966 2125; x_wconf 87' lang='lat' dir='ltr'>Graecis</span> <span class='ocrx_word' id='word_1_75' title='bbox 985 2044 1109 2124; x_wconf 90' lang='lat' dir='ltr'>ritihus</span> <span class='ocrx_word' id='word_1_76' title='bbox 1129 2044 1345 2148; x_wconf 81' lang='lat' dir='ltr'>explicandis</span> <span class='ocrx_word' id='word_1_77' title='bbox 1375 2044 1585 2123; x_wconf 84' lang='lat' dir='ltr'>laudabilem</span> <span class='ocrx_word' id='word_1_78' title='bbox 1606 2070 1694 2148; x_wconf 88' lang='lat' dir='ltr'>pme</span> <span class='ocrx_word' id='word_1_79' title='bbox 1715 2046 1859 2150; x_wconf 89' lang='lat' dir='ltr'>reliquis</span> <span class='ocrx_word' id='word_1_80' title='bbox 1886 2048 1957 2123; x_wconf 93' lang='lat' dir='ltr'>im-</span> 
     </span>
    </p>
   </div>
   <div class='ocr_carea' id='block_1_4' title="bbox 531 2175 1958 2283">
    <p class='ocr_par' dir='ltr' id='par_1_5' title="bbox 531 2175 1958 2283">
     <span class='ocr_line' id='line_1_14' title="bbox 531 2175 1958 2283; baseline 0.001 -28"><span class='ocrx_word' id='word_1_81' title='bbox 531 2217 536 2224; x_wconf 90' lang='lat'><em>·</em></span> <span class='ocrx_word' id='word_1_82' title='bbox 590 2177 713 2282; x_wconf 90' lang='lat' dir='ltr'>pendit</span> <span class='ocrx_word' id='word_1_83' title='bbox 733 2204 880 2283; x_wconf 88' lang='lat' dir='ltr'>operam</span> <span class='ocrx_word' id='word_1_84' title='bbox 902 2177 1060 2258; x_wconf 81' lang='lat' dir='ltr'>lacobus</span> <span class='ocrx_word' id='word_1_85' title='bbox 1084 2175 1234 2258; x_wconf 86' lang='lat' dir='ltr'>Goan‘us</span> <span class='ocrx_word' id='word_1_86' title='bbox 1258 2204 1304 2257; x_wconf 85' lang='lat' dir='ltr'>ex</span> <span class='ocrx_word' id='word_1_87' title='bbox 1324 2178 1555 2258; x_wconf 89' lang='lat' dir='ltr'>Dominicana</span> <span class='ocrx_word' id='word_1_88' title='bbox 1587 2179 1725 2282; x_wconf 71' lang='lat' dir='ltr'>familia,</span> <span class='ocrx_word' id='word_1_89' title='bbox 1756 2204 1801 2258; x_wconf 90' lang='lat' dir='ltr'>eo</span> <span class='ocrx_word' id='word_1_90' title='bbox 1835 2204 1958 2257; x_wconf 89' lang='lat' dir='ltr'>errore</span> 
     </span>
    </p>
   </div>
   <div class='ocr_carea' id='block_1_5' title="bbox 272 3276 578 3434">
    <p class='ocr_par' dir='ltr' id='par_1_6' title="bbox 272 3276 578 3434">
     <span class='ocr_line' id='line_1_15' title="bbox 298 3276 578 3346; baseline 0.014 -18"><span class='ocrx_word' id='word_1_91' title='bbox 298 3276 330 3328; x_wconf 90' lang='lat' dir='ltr'>Ut</span> <span class='ocrx_word' id='word_1_92' title='bbox 339 3279 414 3330; x_wconf 87' lang='lat' dir='ltr'>etiam</span> <span class='ocrx_word' id='word_1_93' title='bbox 429 3277 578 3346; x_wconf 82' lang='lat' dir='ltr'>disciplinae</span> 
     </span>
     <span class='ocr_line' id='line_1_16' title="bbox 272 3367 520 3434; baseline 0.012 -19"><span class='ocrx_word' id='word_1_94' title='bbox 272 3367 369 3416; x_wconf 76' lang='lat' dir='ltr'>veteris</span> <span class='ocrx_word' id='word_1_95' title='bbox 387 3367 520 3434; x_wconf 80' lang='lat' dir='ltr'>ignoratio.</span> 
     </span>
    </p>
   </div>
   <div class='ocr_carea' id='block_1_6' title="bbox 562 3625 569 3634">
    <p class='ocr_par' dir='ltr' id='par_1_7' title="bbox 562 3625 569 3634">
     <span class='ocr_line' id='line_1_17' title="bbox 562 3625 569 3634; baseline 0 0"><span class='ocrx_word' id='word_1_96' title='bbox 562 3625 569 3634; x_wconf 79' lang='grc' dir='ltr'><strong><em>ι</em></strong></span> 
     </span>
    </p>
   </div>
   <div class='ocr_carea' id='block_1_7' title="bbox 270 5018 581 5260">
    <p class='ocr_par' dir='ltr' id='par_1_8' title="bbox 270 5018 581 5260">
     <span class='ocr_line' id='line_1_18' title="bbox 321 5018 581 5072; baseline 0.008 -2"><span class='ocrx_word' id='word_1_97' title='bbox 321 5018 405 5071; x_wconf 77' lang='lat' dir='ltr'>Nimia</span> <span class='ocrx_word' id='word_1_98' title='bbox 428 5018 536 5072; x_wconf 78' lang='lat' dir='ltr'>facilitas</span> <span class='ocrx_word' id='word_1_99' title='bbox 553 5020 581 5072; x_wconf 90' lang='lat' dir='ltr'>in</span> 
     </span>
     <span class='ocr_line' id='line_1_19' title="bbox 270 5101 581 5160; baseline 0.019 -6"><span class='ocrx_word' id='word_1_100' title='bbox 270 5101 415 5158; x_wconf 85' lang='lat' dir='ltr'>damnanda</span> <span class='ocrx_word' id='word_1_101' title='bbox 457 5106 581 5160; x_wconf 82' lang='lat' dir='ltr'>Orientali</span> 
     </span>
     <span class='ocr_line' id='line_1_20' title="bbox 270 5187 414 5260; baseline 0 -18"><span class='ocrx_word' id='word_1_102' title='bbox 270 5187 414 5260; x_wconf 80' lang='lat' dir='ltr'>disciplina.</span> 
     </span>
    </p>
   </div>
   <div class='ocr_carea' id='block_1_8' title="bbox 589 2311 2043 5246">
    <p class='ocr_par' dir='ltr' id='par_1_9' title="bbox 589 2311 1962 3199">
     <span class='ocr_line' id='line_1_21' title="bbox 592 2311 1958 2417; baseline 0.001 -27"><span class='ocrx_word' id='word_1_103' title='bbox 592 2315 721 2391; x_wconf 88' lang='lat' dir='ltr'>caruit:</span> <span class='ocrx_word' id='word_1_104' title='bbox 748 2312 972 2417; x_wconf 89' lang='lat' dir='ltr'>quiquidem</span> <span class='ocrx_word' id='word_1_105' title='bbox 995 2316 1025 2392; x_wconf 93' lang='lat' dir='ltr'>si</span> <span class='ocrx_word' id='word_1_106' title='bbox 1048 2337 1130 2390; x_wconf 92' lang='lat' dir='ltr'>cum</span> <span class='ocrx_word' id='word_1_107' title='bbox 1156 2311 1302 2392; x_wconf 87' lang='lat' dir='ltr'>Graecis</span> <span class='ocrx_word' id='word_1_108' title='bbox 1323 2317 1509 2417; x_wconf 86' lang='lat' dir='ltr'>negotium</span> <span class='ocrx_word' id='word_1_109' title='bbox 1527 2317 1584 2414; x_wconf 70' lang='lat' dir='ltr'>sit,</span> <span class='ocrx_word' id='word_1_110' title='bbox 1604 2317 1767 2392; x_wconf 86' lang='lat' dir='ltr'>innoxius</span> <span class='ocrx_word' id='word_1_111' title='bbox 1792 2325 1858 2414; x_wconf 63' lang='lat' dir='ltr'>est,</span> <span class='ocrx_word' id='word_1_112' title='bbox 1877 2339 1958 2392; x_wconf 91' lang='lat' dir='ltr'>nam</span> 
     </span>
     <span class='ocr_line' id='line_1_22' title="bbox 591 2425 1958 2551; baseline -0.003 -24"><span class='ocrx_word' id='word_1_113' title='bbox 591 2451 802 2551; x_wconf 88' lang='lat' dir='ltr'>scriptorum</span> <span class='ocrx_word' id='word_1_114' title='bbox 823 2425 963 2524; x_wconf 87' lang='lat' dir='ltr'>illomm</span> <span class='ocrx_word' id='word_1_115' title='bbox 986 2450 1152 2526; x_wconf 84' lang='lat' dir='ltr'>autoritas</span> <span class='ocrx_word' id='word_1_116' title='bbox 1178 2446 1272 2551; x_wconf 91' lang='lat' dir='ltr'>apud</span> <span class='ocrx_word' id='word_1_117' title='bbox 1293 2471 1358 2527; x_wconf 89' lang='lat' dir='ltr'>eos</span> <span class='ocrx_word' id='word_1_118' title='bbox 1376 2451 1486 2551; x_wconf 85' lang='lat' dir='ltr'>viget</span> <span class='ocrx_word' id='word_1_119' title='bbox 1517 2447 1653 2526; x_wconf 88' lang='lat' dir='ltr'>Vemm</span> <span class='ocrx_word' id='word_1_120' title='bbox 1674 2448 1847 2526; x_wconf 91' lang='lat' dir='ltr'>adversus</span> <span class='ocrx_word' id='word_1_121' title='bbox 1862 2445 1958 2524; x_wconf 95' lang='lat' dir='ltr'>Pro-</span> 
     </span>
     <span class='ocr_line' id='line_1_23' title="bbox 590 2580 1959 2685; baseline -0.001 -25"><span class='ocrx_word' id='word_1_122' title='bbox 590 2592 760 2661; x_wconf 88' lang='lat' dir='ltr'>testantes</span> <span class='ocrx_word' id='word_1_123' title='bbox 795 2605 867 2659; x_wconf 93' lang='lat' dir='ltr'>non</span> <span class='ocrx_word' id='word_1_124' title='bbox 896 2582 1061 2659; x_wconf 91' lang='lat' dir='ltr'>inutiliter</span> <span class='ocrx_word' id='word_1_125' title='bbox 1091 2580 1213 2684; x_wconf 63' lang='lat' dir='ltr'>modo,</span> <span class='ocrx_word' id='word_1_126' title='bbox 1242 2580 1439 2661; x_wconf 89' lang='lat' dir='ltr'>sedetiam</span> <span class='ocrx_word' id='word_1_127' title='bbox 1469 2582 1672 2685; x_wconf 92' lang='lat' dir='ltr'>periculose</span> <span class='ocrx_word' id='word_1_128' title='bbox 1708 2580 1834 2660; x_wconf 90' lang='lat' dir='ltr'>talibus</span> <span class='ocrx_word' id='word_1_129' title='bbox 1868 2580 1959 2660; x_wconf 91' lang='lat' dir='ltr'>sub-</span> 
     </span>
     <span class='ocr_line' id='line_1_24' title="bbox 591 2715 1959 2820; baseline -0.004 -23"><span class='ocrx_word' id='word_1_130' title='bbox 591 2716 689 2797; x_wconf 91' lang='lat' dir='ltr'>sidiis</span> <span class='ocrx_word' id='word_1_131' title='bbox 718 2726 916 2820; x_wconf 82' lang='lat' dir='ltr'>pugnaturn</span> <span class='ocrx_word' id='word_1_132' title='bbox 949 2728 1022 2795; x_wconf 87' lang='lat' dir='ltr'>est:</span> <span class='ocrx_word' id='word_1_133' title='bbox 1059 2741 1101 2793; x_wconf 89' lang='lat' dir='ltr'>ea</span> <span class='ocrx_word' id='word_1_134' title='bbox 1128 2719 1222 2803; x_wconf 84' lang='lat' dir='ltr'>enim</span> <span class='ocrx_word' id='word_1_135' title='bbox 1254 2729 1463 2820; x_wconf 84' lang='lat' dir='ltr'>argumenta</span> <span class='ocrx_word' id='word_1_136' title='bbox 1501 2716 1602 2795; x_wconf 88' lang='lat' dir='ltr'>lacile</span> <span class='ocrx_word' id='word_1_137' title='bbox 1627 2715 1846 2816; x_wconf 71' lang='lat' dir='ltr'>refellebant,</span> <span class='ocrx_word' id='word_1_138' title='bbox 1877 2740 1959 2792; x_wconf 93' lang='lat' dir='ltr'>cum</span> 
     </span>
     <span class='ocr_line' id='line_1_25' title="bbox 589 2848 1961 2980; baseline -0.002 -51"><span class='ocrx_word' id='word_1_139' title='bbox 589 2863 735 2980; x_wconf 71' lang='lat' dir='ltr'>veteqes</span> <span class='ocrx_word' id='word_1_140' title='bbox 770 2848 961 2954; x_wconf 77' lang='lat' dir='ltr'>liturgias,</span> <span class='ocrx_word' id='word_1_141' title='bbox 1001 2853 1101 2954; x_wconf 91' lang='lat' dir='ltr'>quasi</span> <span class='ocrx_word' id='word_1_142' title='bbox 1127 2874 1203 2926; x_wconf 90' lang='lat' dir='ltr'>non</span> <span class='ocrx_word' id='word_1_143' title='bbox 1230 2850 1371 2928; x_wconf 89' lang='lat' dir='ltr'>aliunde</span> <span class='ocrx_word' id='word_1_144' title='bbox 1407 2851 1548 2930; x_wconf 87' lang='lat' dir='ltr'>stabiliri</span> <span class='ocrx_word' id='word_1_145' title='bbox 1580 2862 1705 2955; x_wconf 91' lang='lat' dir='ltr'>posset</span> <span class='ocrx_word' id='word_1_146' title='bbox 1734 2851 1869 2928; x_wconf 89' lang='lat' dir='ltr'>illarum</span> <span class='ocrx_word' id='word_1_147' title='bbox 1902 2849 1961 2927; x_wconf 90' lang='lat' dir='ltr'>di-</span> 
     </span>
     <span class='ocr_line' id='line_1_26' title="bbox 589 2983 1962 3090; baseline -0.001 -28"><span class='ocrx_word' id='word_1_148' title='bbox 589 2989 706 3090; x_wconf 81' lang='lat' dir='ltr'>gnitas</span> <span class='ocrx_word' id='word_1_149' title='bbox 739 2995 775 3061; x_wconf 88' lang='lat' dir='ltr'>et</span> <span class='ocrx_word' id='word_1_150' title='bbox 806 2987 995 3086; x_wconf 72' lang='lat' dir='ltr'>autoritas‚</span> <span class='ocrx_word' id='word_1_151' title='bbox 1027 2987 1117 3061; x_wconf 92' lang='lat' dir='ltr'>inter</span> <span class='ocrx_word' id='word_1_152' title='bbox 1150 2987 1369 3087; x_wconf 91' lang='lat' dir='ltr'>supposititia</span> <span class='ocrx_word' id='word_1_153' title='bbox 1407 2989 1536 3088; x_wconf 91' lang='lat' dir='ltr'>scripta</span> <span class='ocrx_word' id='word_1_154' title='bbox 1568 2986 1667 3088; x_wconf 88' lang='lat' dir='ltr'>rejici</span> <span class='ocrx_word' id='word_1_155' title='bbox 1701 2983 1834 3062; x_wconf 91' lang='lat' dir='ltr'>debere</span> <span class='ocrx_word' id='word_1_156' title='bbox 1868 3009 1962 3061; x_wconf 94' lang='lat' dir='ltr'>con-</span> 
     </span>
     <span class='ocr_line' id='line_1_27' title="bbox 590 3119 788 3199; baseline -0.025 0"><span class='ocrx_word' id='word_1_157' title='bbox 590 3119 788 3199; x_wconf 87' lang='lat' dir='ltr'>tenderent.</span> 
     </span>
    </p>

    <p class='ocr_par' dir='ltr' id='par_1_10' title="bbox 590 3251 1965 4966">
     <span class='ocr_line' id='line_1_28' title="bbox 712 3251 1963 3357; baseline -0.004 -25"><span class='ocrx_word' id='word_1_158' title='bbox 712 3253 879 3332; x_wconf 85' lang='lat' dir='ltr'>Accessit</span> <span class='ocrx_word' id='word_1_159' title='bbox 915 3255 1040 3354; x_wconf 73' lang='lat' dir='ltr'>ctiam,</span> <span class='ocrx_word' id='word_1_160' title='bbox 1087 3251 1184 3354; x_wconf 93' lang='lat' dir='ltr'>quod</span> <span class='ocrx_word' id='word_1_161' title='bbox 1225 3278 1306 3330; x_wconf 87' lang='lat' dir='ltr'>cunr</span> <span class='ocrx_word' id='word_1_162' title='bbox 1344 3254 1507 3357; x_wconf 88' lang='lat' dir='ltr'>plerique</span> <span class='ocrx_word' id='word_1_163' title='bbox 1544 3264 1706 3331; x_wconf 87' lang='lat' dir='ltr'>veterem</span> <span class='ocrx_word' id='word_1_164' title='bbox 1747 3251 1963 3353; x_wconf 89' lang='lat' dir='ltr'>disciplinam</span> 
     </span>
     <span class='ocr_line' id='line_1_29' title="bbox 591 3386 1963 3488; baseline -0.003 -21"><span class='ocrx_word' id='word_1_165' title='bbox 591 3413 664 3467; x_wconf 93' lang='lat' dir='ltr'>non</span> <span class='ocrx_word' id='word_1_166' title='bbox 703 3413 749 3464; x_wconf 87' lang='lat' dir='ltr'>ex</span> <span class='ocrx_word' id='word_1_167' title='bbox 779 3390 958 3465; x_wconf 91' lang='lat' dir='ltr'>communi</span> <span class='ocrx_word' id='word_1_168' title='bbox 1001 3387 1227 3466; x_wconf 91' lang='lat' dir='ltr'>saeculorum</span> <span class='ocrx_word' id='word_1_169' title='bbox 1258 3391 1415 3466; x_wconf 92' lang='lat' dir='ltr'>omnium</span> <span class='ocrx_word' id='word_1_170' title='bbox 1443 3386 1653 3488; x_wconf 77' lang='lat' dir='ltr'>traditione,</span> <span class='ocrx_word' id='word_1_171' title='bbox 1683 3398 1719 3463; x_wconf 91' lang='lat' dir='ltr'>et</span> <span class='ocrx_word' id='word_1_172' title='bbox 1754 3387 1963 3463; x_wconf 90' lang='lat' dir='ltr'>continuatis</span> 
     </span>
     <span class='ocr_line' id='line_1_30' title="bbox 590 3520 1962 3624; baseline -0.005 -20"><span class='ocrx_word' id='word_1_173' title='bbox 590 3521 835 3604; x_wconf 86' lang='lat' dir='ltr'>Ecclesiarum</span> <span class='ocrx_word' id='word_1_174' title='bbox 873 3522 1058 3624; x_wconf 68' lang='lat' dir='ltr'>exemplis,</span> <span class='ocrx_word' id='word_1_175' title='bbox 1091 3525 1204 3600; x_wconf 93' lang='lat' dir='ltr'>metiri</span> <span class='ocrx_word' id='word_1_176' title='bbox 1236 3523 1382 3623; x_wconf 74' lang='lat' dir='ltr'>vellent,</span> <span class='ocrx_word' id='word_1_177' title='bbox 1417 3520 1483 3600; x_wconf 91' lang='lat' dir='ltr'>sed</span> <span class='ocrx_word' id='word_1_178' title='bbox 1512 3546 1558 3600; x_wconf 83' lang='lat' dir='ltr'>ex</span> <span class='ocrx_word' id='word_1_179' title='bbox 1592 3525 1646 3600; x_wconf 93' lang='lat' dir='ltr'>sui</span> <span class='ocrx_word' id='word_1_180' title='bbox 1679 3523 1849 3622; x_wconf 90' lang='lat' dir='ltr'>temporis</span> <span class='ocrx_word' id='word_1_181' title='bbox 1878 3544 1962 3598; x_wconf 91' lang='lat' dir='ltr'>mo-</span> 
     </span>
     <span class='ocr_line' id='line_1_31' title="bbox 591 3655 1963 3761; baseline -0.001 -25"><span class='ocrx_word' id='word_1_182' title='bbox 591 3657 690 3736; x_wconf 91' lang='lat' dir='ltr'>ribus</span> <span class='ocrx_word' id='word_1_183' title='bbox 717 3666 753 3733; x_wconf 91' lang='lat' dir='ltr'>et</span> <span class='ocrx_word' id='word_1_184' title='bbox 779 3657 954 3756; x_wconf 72' lang='lat' dir='ltr'>institutis,</span> <span class='ocrx_word' id='word_1_185' title='bbox 987 3667 1125 3733; x_wconf 90' lang='lat' dir='ltr'>temere</span> <span class='ocrx_word' id='word_1_186' title='bbox 1164 3659 1309 3736; x_wconf 91' lang='lat' dir='ltr'>nimium</span> <span class='ocrx_word' id='word_1_187' title='bbox 1339 3655 1510 3761; x_wconf 93' lang='lat' dir='ltr'>quidquid</span> <span class='ocrx_word' id='word_1_188' title='bbox 1543 3681 1564 3734; x_wconf 92' lang='lat' dir='ltr'>a</span> <span class='ocrx_word' id='word_1_189' title='bbox 1594 3655 1738 3734; x_wconf 89' lang='lat' dir='ltr'>Latinae</span> <span class='ocrx_word' id='word_1_190' title='bbox 1776 3655 1963 3736; x_wconf 86' lang='lat' dir='ltr'>Ecclesiae</span> 
     </span>
     <span class='ocr_line' id='line_1_32' title="bbox 593 3787 1963 3893; baseline -0.001 -25"><span class='ocrx_word' id='word_1_191' title='bbox 593 3787 851 3868; x_wconf 90' lang='lat' dir='ltr'>consuetudine</span> <span class='ocrx_word' id='word_1_192' title='bbox 878 3790 939 3866; x_wconf 91' lang='lat' dir='ltr'>vel</span> <span class='ocrx_word' id='word_1_193' title='bbox 977 3792 1159 3867; x_wconf 91' lang='lat' dir='ltr'>minimum</span> <span class='ocrx_word' id='word_1_194' title='bbox 1191 3790 1395 3893; x_wconf 77' lang='lat' dir='ltr'>recedebat,</span> <span class='ocrx_word' id='word_1_195' title='bbox 1427 3789 1595 3870; x_wconf 89' lang='lat' dir='ltr'>damnare</span> <span class='ocrx_word' id='word_1_196' title='bbox 1633 3815 1707 3869; x_wconf 96' lang='lat' dir='ltr'>non</span> <span class='ocrx_word' id='word_1_197' title='bbox 1736 3793 1838 3868; x_wconf 89' lang='lat' dir='ltr'>veriti</span> <span class='ocrx_word' id='word_1_198' title='bbox 1870 3800 1963 3889; x_wconf 72' lang='lat' dir='ltr'>sunt,</span> 
     </span>
     <span class='ocr_line' id='line_1_33' title="bbox 593 3922 1963 4032; baseline -0.001 -32"><span class='ocrx_word' id='word_1_199' title='bbox 593 3949 665 4028; x_wconf 89' lang='lat' dir='ltr'>qua</span> <span class='ocrx_word' id='word_1_200' title='bbox 702 3926 839 4002; x_wconf 88' lang='lat' dir='ltr'>ratione</span> <span class='ocrx_word' id='word_1_201' title='bbox 856 3922 1026 4026; x_wconf 59' lang='lat' dir='ltr'>lactum,</span> <span class='ocrx_word' id='word_1_202' title='bbox 1069 3935 1109 4002; x_wconf 95' lang='lat' dir='ltr'>ut</span> <span class='ocrx_word' id='word_1_203' title='bbox 1144 3925 1339 4005; x_wconf 89' lang='lat' dir='ltr'>traditionis</span> <span class='ocrx_word' id='word_1_204' title='bbox 1377 3938 1560 4032; x_wconf 89' lang='lat' dir='ltr'>perpetua</span> <span class='ocrx_word' id='word_1_205' title='bbox 1594 3927 1777 4003; x_wconf 90' lang='lat' dir='ltr'>successio</span> <span class='ocrx_word' id='word_1_206' title='bbox 1818 3923 1963 4025; x_wconf 81' lang='lat' dir='ltr'>altmpta</span> 
     </span>
     <span class='ocr_line' id='line_1_34' title="bbox 590 4056 1965 4161; baseline -0.004 -25"><span class='ocrx_word' id='word_1_207' title='bbox 590 4058 795 4159; x_wconf 78' lang='lat' dir='ltr'>videretur,</span> <span class='ocrx_word' id='word_1_208' title='bbox 838 4083 957 4161; x_wconf 90' lang='lat' dir='ltr'>neque</span> <span class='ocrx_word' id='word_1_209' title='bbox 1002 4058 1110 4136; x_wconf 92' lang='lat' dir='ltr'>ullum</span> <span class='ocrx_word' id='word_1_210' title='bbox 1145 4058 1318 4140; x_wconf 92' lang='lat' dir='ltr'>adversus</span> <span class='ocrx_word' id='word_1_211' title='bbox 1360 4083 1568 4140; x_wconf 88' lang='lat' dir='ltr'>communes</span> <span class='ocrx_word' id='word_1_212' title='bbox 1600 4056 1723 4136; x_wconf 88' lang='lat' dir='ltr'>hostes</span> <span class='ocrx_word' id='word_1_213' title='bbox 1758 4065 1965 4158; x_wconf 90' lang='lat' dir='ltr'>superesset</span> 
     </span>
     <span class='ocr_line' id='line_1_35' title="bbox 592 4188 1963 4305; baseline -0.001 -38"><span class='ocrx_word' id='word_1_214' title='bbox 592 4194 626 4267; x_wconf 90' lang='lat' dir='ltr'>in</span> <span class='ocrx_word' id='word_1_215' title='bbox 664 4203 807 4269; x_wconf 92' lang='lat' dir='ltr'>aeterna</span> <span class='ocrx_word' id='word_1_216' title='bbox 837 4192 930 4270; x_wconf 94' lang='lat' dir='ltr'>illius</span> <span class='ocrx_word' id='word_1_217' title='bbox 953 4196 1138 4270; x_wconf 90' lang='lat' dir='ltr'>autoritate</span> <span class='ocrx_word' id='word_1_218' title='bbox 1163 4193 1388 4296; x_wconf 89' lang='lat' dir='ltr'>praesidium.</span> <span class='ocrx_word' id='word_1_219' title='bbox 1450 4191 1543 4269; x_wconf 92' lang='lat' dir='ltr'>Hinc</span> <span class='ocrx_word' id='word_1_220' title='bbox 1570 4202 1672 4305; x_wconf 82' lang='lat' dir='ltr'>natae</span> <span class='ocrx_word' id='word_1_221' title='bbox 1699 4201 1781 4270; x_wconf 91' lang='lat' dir='ltr'>sunt</span> <span class='ocrx_word' id='word_1_222' title='bbox 1810 4201 1861 4268; x_wconf 91' lang='lat' dir='ltr'>tot</span> <span class='ocrx_word' id='word_1_223' title='bbox 1893 4188 1963 4266; x_wconf 92' lang='lat' dir='ltr'>ad-</span> 
     </span>
     <span class='ocr_line' id='line_1_36' title="bbox 591 4323 1962 4432; baseline -0.001 -30"><span class='ocrx_word' id='word_1_224' title='bbox 591 4348 722 4405; x_wconf 90' lang='lat' dir='ltr'>versus</span> <span class='ocrx_word' id='word_1_225' title='bbox 765 4323 923 4432; x_wconf 86' lang='lat' dir='ltr'>Graecos</span> <span class='ocrx_word' id='word_1_226' title='bbox 962 4330 1231 4429; x_wconf 65' lang='lat' dir='ltr'>accusationes,</span> <span class='ocrx_word' id='word_1_227' title='bbox 1274 4325 1358 4404; x_wconf 93' lang='lat' dir='ltr'>dum</span> <span class='ocrx_word' id='word_1_228' title='bbox 1402 4329 1464 4403; x_wconf 85' lang='lat' dir='ltr'>vix</span> <span class='ocrx_word' id='word_1_229' title='bbox 1505 4324 1697 4429; x_wconf 91' lang='lat' dir='ltr'>quidquam</span> <span class='ocrx_word' id='word_1_230' title='bbox 1744 4327 1778 4400; x_wconf 92' lang='lat' dir='ltr'>in</span> <span class='ocrx_word' id='word_1_231' title='bbox 1799 4362 1802 4370; x_wconf 33' lang='grc' dir='ltr'>ν</span> <span class='ocrx_word' id='word_1_232' title='bbox 1824 4323 1962 4402; x_wconf 89' lang='lat' dir='ltr'>illomm</span> 
     </span>
     <span class='ocr_line' id='line_1_37' title="bbox 593 4457 1962 4560; baseline -0.003 -21"><span class='ocrx_word' id='word_1_233' title='bbox 593 4462 704 4539; x_wconf 85' lang='lat' dir='ltr'>sacris</span> <span class='ocrx_word' id='word_1_234' title='bbox 731 4465 965 4541; x_wconf 89' lang='lat' dir='ltr'>caeremoniis</span> <span class='ocrx_word' id='word_1_235' title='bbox 996 4487 1017 4538; x_wconf 89' lang='lat' dir='ltr'>a</span> <span class='ocrx_word' id='word_1_236' title='bbox 1039 4485 1191 4540; x_wconf 87' lang='lat' dir='ltr'>censura</span> <span class='ocrx_word' id='word_1_237' title='bbox 1224 4457 1519 4539; x_wconf 82' lang='lat' dir='ltr'>inofficiosissime</span> <span class='ocrx_word' id='word_1_238' title='bbox 1543 4461 1709 4538; x_wconf 90' lang='lat' dir='ltr'>intactum</span> <span class='ocrx_word' id='word_1_239' title='bbox 1733 4457 1962 4560; x_wconf 73' lang='lat' dir='ltr'>reliquerunt,</span> 
     </span>
     <span class='ocr_line' id='line_1_38' title="bbox 595 4591 1963 4698; baseline -0.001 -27"><span class='ocrx_word' id='word_1_240' title='bbox 595 4596 700 4672; x_wconf 90' lang='lat' dir='ltr'>etiam</span> <span class='ocrx_word' id='word_1_241' title='bbox 728 4594 776 4671; x_wconf 93' lang='lat' dir='ltr'>illi</span> <span class='ocrx_word' id='word_1_242' title='bbox 805 4599 865 4698; x_wconf 92' lang='lat' dir='ltr'>qui</span> <span class='ocrx_word' id='word_1_243' title='bbox 898 4595 1113 4686; x_wconf 87' lang='lat' dir='ltr'>concordiae</span> <span class='ocrx_word' id='word_1_244' title='bbox 1141 4592 1383 4672; x_wconf 88' lang='lat' dir='ltr'>conciliandae</span> <span class='ocrx_word' id='word_1_245' title='bbox 1416 4619 1524 4673; x_wconf 89' lang='lat' dir='ltr'>causa</span> <span class='ocrx_word' id='word_1_246' title='bbox 1559 4596 1595 4671; x_wconf 92' lang='lat' dir='ltr'>in</span> <span class='ocrx_word' id='word_1_247' title='bbox 1627 4591 1809 4671; x_wconf 85' lang='lat' dir='ltr'>Orientem</span> <span class='ocrx_word' id='word_1_248' title='bbox 1841 4596 1963 4670; x_wconf 90' lang='lat' dir='ltr'>mitte-</span> 
     </span>
     <span class='ocr_line' id='line_1_39' title="bbox 593 4726 1963 4833; baseline -0.003 -25"><span class='ocrx_word' id='word_1_249' title='bbox 593 4726 738 4825; x_wconf 89' lang='lat' dir='ltr'>bantur:</span> <span class='ocrx_word' id='word_1_250' title='bbox 781 4728 909 4833; x_wconf 89' lang='lat' dir='ltr'>quibus</span> <span class='ocrx_word' id='word_1_251' title='bbox 950 4727 1149 4808; x_wconf 86' lang='lat' dir='ltr'>exacerbati</span> <span class='ocrx_word' id='word_1_252' title='bbox 1190 4731 1314 4832; x_wconf 72' lang='lat' dir='ltr'>animi,</span> <span class='ocrx_word' id='word_1_253' title='bbox 1356 4733 1393 4806; x_wconf 95' lang='lat' dir='ltr'>in</span> <span class='ocrx_word' id='word_1_254' title='bbox 1435 4727 1557 4808; x_wconf 90' lang='lat' dir='ltr'>odium</span> <span class='ocrx_word' id='word_1_255' title='bbox 1595 4726 1838 4830; x_wconf 74' lang='lat' dir='ltr'>inexpiabile⁷¹</span> <span class='ocrx_word' id='word_1_256' title='bbox 1866 4726 1963 4831; x_wconf 93' lang='lat' dir='ltr'>quod</span> 
     </span>
     <span class='ocr_line' id='line_1_40' title="bbox 595 4861 1782 4966; baseline 0 -27"><span class='ocrx_word' id='word_1_257' title='bbox 595 4862 760 4942; x_wconf 91' lang='lat' dir='ltr'>luctuoso</span> <span class='ocrx_word' id='word_1_258' title='bbox 792 4863 933 4941; x_wconf 92' lang='lat' dir='ltr'>tandem</span> <span class='ocrx_word' id='word_1_259' title='bbox 963 4861 1141 4942; x_wconf 89' lang='lat' dir='ltr'>schismati</span> <span class='ocrx_word' id='word_1_260' title='bbox 1176 4866 1402 4943; x_wconf 88' lang='lat' dir='ltr'>occasionem</span> <span class='ocrx_word' id='word_1_261' title='bbox 1435 4862 1543 4965; x_wconf 77' lang='lat' dir='ltr'>dedit,</span> <span class='ocrx_word' id='word_1_262' title='bbox 1578 4872 1782 4966; x_wconf 87' lang='lat' dir='ltr'>empemnt</span> 
     </span>
    </p>

    <p class='ocr_par' dir='ltr' id='par_1_11' title="bbox 594 4995 2043 5246">
     <span class='ocr_line' id='line_1_41' title="bbox 716 4995 2043 5110; baseline -0.003 -36"><span class='ocrx_word' id='word_1_263' title='bbox 716 4995 931 5075; x_wconf 91' lang='lat' dir='ltr'>Prodiemnt</span> <span class='ocrx_word' id='word_1_264' title='bbox 971 4996 1100 5075; x_wconf 90' lang='lat' dir='ltr'>deinde</span> <span class='ocrx_word' id='word_1_265' title='bbox 1147 5023 1193 5076; x_wconf 89' lang='lat' dir='ltr'>ex</span> <span class='ocrx_word' id='word_1_266' title='bbox 1234 4996 1442 5078; x_wconf 89' lang='lat' dir='ltr'>commdem</span> <span class='ocrx_word' id='word_1_267' title='bbox 1480 4996 1662 5100; x_wconf 89' lang='lat' dir='ltr'>hominurn</span> <span class='ocrx_word' id='word_1_268' title='bbox 1701 4998 1776 5102; x_wconf 70' lang='lat' dir='ltr'>qui,</span> <span class='ocrx_word' id='word_1_269' title='bbox 1803 5007 1963 5072; x_wconf 90' lang='lat' dir='ltr'>veterem</span> <span class='ocrx_word' id='word_1_270' title='bbox 2038 5101 2043 5110; x_wconf 31' lang='grc' dir='ltr'>Ι</span> 
     </span>
     <span class='ocr_line' id='line_1_42' title="bbox 594 5131 1962 5246; baseline -0.003 -37"><span class='ocrx_word' id='word_1_271' title='bbox 594 5131 812 5234; x_wconf 91' lang='lat' dir='ltr'>disciplinam</span> <span class='ocrx_word' id='word_1_272' title='bbox 840 5131 1062 5242; x_wconf 69' lang='lat' dir='ltr'>ignoratam</span> <span class='ocrx_word' id='word_1_273' title='bbox 1086 5131 1242 5246; x_wconf 72' lang='lat' dir='ltr'>judiciis,</span> <span class='ocrx_word' id='word_1_274' title='bbox 1271 5145 1367 5212; x_wconf 86' lang='lat' dir='ltr'>ratae</span> <span class='ocrx_word' id='word_1_275' title='bbox 1391 5131 1564 5237; x_wconf 89' lang='lat' dir='ltr'>quaedam</span> <span class='ocrx_word' id='word_1_276' title='bbox 1592 5135 1799 5232; x_wconf 69' lang='lat' dir='ltr'>sententiae,</span> <span class='ocrx_word' id='word_1_277' title='bbox 1825 5151 1962 5207; x_wconf 89' lang='lat' dir='ltr'>secun-</span> 
     </span>
    </p>
   </div>
   <div class='ocr_carea' id='block_1_9' title="bbox 0 0 2394 6034">
    <p class='ocr_par' dir='ltr' id='par_1_12' title="bbox 0 0 2394 6034">
     <span class='ocr_line' id='line_1_43' title="bbox 0 0 2394 6034; baseline 0 1"><span class='ocrx_word' id='word_1_278' title='bbox 0 0 2394 6034; x_wconf 95' lang='lat' dir='ltr'> </span> 
     </span>
    </p>
   </div>
  </div>
 </body>
</html>
