4684 6042
771 539 1039 621 stridit
1092 540 1402 616 GYRlbLl.
1727 536 1778 610 47

509 734 698 805 Diaconos.
737 731 889 804 Adorate
914 729 1023 801 Deum
1049 751 1124 800 cum
1150 729 1279 799 timore.

509 883 694 955 Sacerdos.
740 882 883 955 Oramus
911 889 945 951 et
971 878 1190 951 obsecramus
1216 877 1398 951 bonitatem
1434 886 1523 948 tuam
1558 884 1689 948 ametor
1713 874 1782 947 bo-

406 1003 543 1072 minum:
579 1020 624 1069 ne
668 995 854 1070 confundas
887 1015 952 1068 nos
988 993 1184 1066 confusione
1229 1003 1383 1081 aeterna,
1416 1013 1526 1086 neque
1558 993 1692 1082 rejicias
1718 1013 1781 1064 nos

407 1137 530 1190 servos
556 1123 645 1203 tuos,
672 1134 782 1208 neque
808 1110 953 1207 repellas
980 1129 1044 1182 nos
1072 1132 1091 1180 a
1117 1109 1207 1180 facie
1233 1119 1300 1199 tua,
1332 1129 1441 1202 neque
1468 1105 1561 1181 dicas
1587 1107 1686 1180 nobis
1713 1129 1781 1180 ne-

411 1235 484 1303 scio
515 1251 600 1302 vos:
640 1227 700 1302 sed
735 1227 777 1299 da
811 1248 916 1321 equas
950 1224 1113 1321 capitibus
1153 1227 1295 1314 nostris,
1328 1233 1362 1296 et
1396 1224 1524 1296 fontem
1557 1221 1782 1319 lacrymarum

413 1345 520 1417 oculis
546 1347 684 1432 nostris,
712 1353 748 1415 ut
771 1343 942 1437 ploremus
971 1341 1024 1412 die
1051 1364 1092 1412 ac
1108 1351 1211 1414 nocte
1225 1362 1340 1412 coram
1359 1351 1393 1411 te
1408 1339 1674 1427 delictanostra3
1701 1340 1778 1432 quia

410 1482 475 1533 nos
507 1481 620 1532 sumus
653 1456 795 1554 populus
831 1466 924 1547 tuus,
959 1465 993 1528 et
1027 1477 1112 1528 oves
1152 1477 1300 1551 pascuae
1332 1465 1418 1526 tuae.
1476 1454 1562 1527 Dele
1594 1456 1783 1548 iniquitates

410 1583 556 1665 nostras,
583 1585 617 1646 et
656 1577 786 1645 remitte
821 1571 942 1643 delicta
967 1581 1104 1660 nostra,
1137 1595 1224 1666 quae
1257 1574 1481 1644 commisimus
1513 1569 1701 1641 voluntarie
1727 1577 1786 1639 aut

411 1689 645 1780 involuntarie,
672 1692 817 1762 scienter
842 1685 900 1758 vel
925 1690 1131 1778 ignoranter,
1148 1686 1277 1759 occulta
1306 1697 1339 1758 et
1355 1685 1529 1760 manifesta
1546 1707 1631 1779 quae
1655 1682 1784 1780 pridem

412 1807 624 1896 agnovimus,
651 1814 707 1876 eut
734 1825 822 1898 quae
847 1799 948 1873 obliti
967 1825 1093 1892 mmns,
1119 1812 1154 1873 et
1180 1825 1267 1897 quae
1292 1807 1389 1875 novit
1423 1823 1546 1875 nomen
1572 1811 1661 1872 tuum
1699 1821 1787 1898 sen-K

411 1929 510 1992 ctum.
562 1919 664 2008 Audi,
690 1921 845 2008 Domine,
873 1917 1141 2012 deprecationem
1168 1917 1275 2013 plebis
1301 1928 1394 1990 turae:
1421 1921 1554 2014 respice
1580 1914 1623 1988 ad
1641 1917 1784 2011 suspiria

411 2057 589 2108 servorum
615 2045 764 2107 morum:
790 2055 899 2128 neque
926 2040 1065 2128 propter
1087 2026 1227 2129 peccam
1243 2055 1331 2122 mea,
1351 2043 1408 2106 aut
1426 2031 1645 2105 immunditias
1673 2030 1784 2104 cordis

410 2154 489 2240 mei,
517 2149 676 2245 deprives
702 2149 860 2246 populum
887 2159 975 2220 tuum
1002 2147 1148 2221 adventu
1174 2147 1318 2245 Spiritus
1345 2153 1391 2220 tui
1419 2151 1534 2222 sancti.

517 2299 678 2392 Populus.
720 2298 886 2371 Miserere
912 2299 1030 2390 nostri,
1056 2297 1150 2370 Deus
1177 2308 1273 2394 pater
1300 2301 1520 2393 omnipotens.

517 2448 694 2520 Sacerdos
720 2448 862 2520 involvit
886 2471 1005 2520 monus
1029 2470 1110 2519 suns
1135 2449 1222 2537 nelo,
1250 2450 1422 2554 etaipnnm
1448 2448 1562 2517 crucis
1585 2447 1676 2538 socit
1701 2468 1786 2516 ner-

412 2587 471 2635 eus
492 2564 663 2658 populoru,
689 2587 770 2665 neoc
796 2565 882 2635 dicit
908 2555 982 2635 alta
1006 2587 1101 2635 noce.

518 2711 665 2808 Populus
693 2717 780 2786 enim
807 2724 903 2803 brus,
936 2722 971 2784 et
1001 2713 1158 2786 Ecclesia
1189 2721 1245 2786 tua
1279 2713 1459 2786 obsecrant
1489 2721 1524 2784 te
1558 2711 1724 2788 dicentes:
1753 2717 1788 2782 et

414 2851 496 2900 neoc
520 2833 664 2922 respicit
690 2831 736 2901 nd
764 2831 944 2901 Orientem.

519 2978 681 3071 Populus.
723 2978 887 3053 Miserere
913 2983 1031 3072 nostri,
1057 2981 1150 3052 Deus
1176 2989 1272 3076 pater
1300 2981 1521 3075 omnipotens.

524 3129 709 3201 Sacerdos.
748 3128 913 3204 Miserere
939 3133 1058 3223 nostri,
1083 3130 1177 3204 Deus
1204 3139 1300 3226 pater
1327 3132 1547 3225 omnipotens.

519 3278 706 3352 Diaconos.
747 3277 900 3352 Adorate
927 3280 1036 3353 Deum
1061 3289 1190 3375 patrem
1217 3283 1484 3376 omnipotentem.

520 3425 697 3499 Sacerdos
725 3429 810 3500 dicit
834 3431 1086 3500 invocationem
1110 3435 1255 3502 secreto.
1280 3429 1327 3501 Et
1345 3432 1438 3502 mitte
1464 3429 1618 3502 deorsum
1647 3453 1693 3502 ex
1719 3453 1789 3501 ex-

418 3540 512 3615 celso
540 3552 597 3614 tuo
625 3552 756 3636 sancto,
792 3554 898 3616 etex
930 3542 1118 3617 habitaculo
1145 3553 1202 3615 tuo
1234 3556 1446 3641 praeparato,
1473 3555 1580 3618 etex
1605 3548 1790 3617 incircum-

418 3661 543 3754 scripto
573 3661 647 3730 sinu
672 3669 742 3751 tuo,
770 3669 876 3732 etex
902 3660 988 3733 solio
1015 3663 1113 3751 regni
1139 3659 1270 3751 gloriae
1297 3671 1386 3751 tuae,
1412 3661 1614 3733 Paraolitum
1641 3663 1790 3756 spiritum

418 3783 510 3845 tuum
537 3783 699 3864 sanctum,
734 3775 967 3848 subsistentem
1000 3777 1034 3845 in
1060 3796 1205 3870 persona
1232 3784 1300 3865 tua,
1326 3775 1581 3865 immutabilem,
1607 3798 1673 3848 nec
1699 3775 1790 3847 alte-

416 3891 537 3961 rationi
569 3887 771 3980 obnoxium,
806 3892 990 3981 dominum,
1022 3889 1265 3980 vivificantem,
1298 3894 1354 3986 qui
1388 3891 1517 3964 locutus
1550 3900 1603 3964 est
1635 3894 1669 3963 in
1700 3893 1792 3983 lege,
1822 3955 1828 3962 .

417 4001 607 4099 Prophetis,
635 4016 668 4078 et
692 4007 887 4102 Apostolis3
914 4009 969 4102 qni
996 4015 1049 4077 est
1072 4006 1196 4101 ubique
1223 4016 1257 4078 et
1291 4009 1401 4078 omnia
1426 4006 1505 4080 loce
1530 4008 1657 4103 replet,
1682 4029 1792 4103 neque

418 4119 496 4192 loco
523 4123 727 4195 continetur:
754 4125 808 4217 qui
834 4119 952 4210 libere,
979 4125 1116 4217 propria
1132 4130 1299 4217 potestate
1317 4131 1486 4218 operatur,
1513 4123 1693 4197 secundum
1720 4144 1792 4194 vo-

420 4232 578 4305 luntatem
604 4244 707 4328 mam,
734 4242 908 4333 puritatem
934 4239 968 4308 in
1002 4239 1043 4308 iis
1075 4258 1160 4332 qnos
1194 4236 1314 4329 diligit:
1347 4249 1380 4311 et
1410 4260 1480 4311 non
1514 4241 1600 4312 sicut
1624 4241 1792 4310 minister:

422 4352 478 4445 qui
504 4359 555 4423 est
581 4352 724 4446 simplex
750 4357 783 4424 in
809 4363 929 4424 natura
956 4375 1029 4441 sua,
1063 4362 1097 4424 et
1122 4356 1156 4424 in
1189 4357 1385 4448 operatione
1415 4375 1476 4428 sua
1501 4353 1689 4448 multiplex:
1716 4352 1793 4428 fons

422 4465 586 4538 donorum
601 4467 805 4541 divinornm:
833 4466 1124 4542 consubstantialis
1148 4467 1218 4557 tibi,
1246 4479 1314 4540 ate
1329 4469 1529 4565 procedens,
1547 4473 1659 4542 socius
1685 4468 1794 4540 tbroni

419 4585 518 4672 regni
544 4581 675 4674 gloriae
701 4595 790 4666 mae,
823 4606 897 4656 cum
923 4583 1009 4656 Filio
1042 4593 1100 4656 tuo
1127 4586 1322 4676 unigenito,
1348 4586 1506 4675 Domino,
1540 4584 1628 4674 Deo,
1661 4583 1793 4656 Salva-

419 4705 496 4768 tore
523 4706 557 4768 et
581 4720 666 4790 rege
694 4703 839 4772 omnium
866 4708 1015 4772 nostrum
1049 4699 1132 4774 Jcsu
1160 4698 1312 4791 Christo,
1340 4719 1530 4796 supernos
1557 4719 1678 4773 servos
1704 4708 1792 4789 tuos,

423 4820 457 4882 et
483 4834 584 4909 super
610 4813 696 4887 baec
722 4815 916 4888 veneranda
942 4815 1030 4888 dona
1056 4817 1229 4912 proposita
1265 4837 1378 4887 oornm
1405 4827 1457 4908 te,
1485 4838 1587 4912 super
1612 4815 1699 4888 bunc
1724 4838 1793 4911 pa-

364 5031 369 5050 ·
421 4946 512 5018 nem,
538 4939 573 5000 et
599 4951 701 5027 super
727 4932 814 5004 bunc
840 4931 991 5022 calicem,
1017 4942 1054 5004 ut
1079 4930 1291 5026 purificentur
1317 4941 1350 5004 et
1377 4931 1626 5005 transferantur.

450 5066 563 5110 sommi.
1539 5051 1589 5124 22
