4760 6038
731 589 808 664 civ
1199 593 1575 672 dissertatio

729 784 810 853 ritus
838 786 988 878 antiquus
1022 784 1168 855 maxime
1200 783 1408 878 incorruptus
1444 792 1535 872 erat,
1563 785 1682 878 scripti.
1710 780 1857 855 fuissent.
1911 782 1957 855 At
1981 787 2089 863 nullos

729 897 814 969 tales
840 921 982 995 unquam
996 899 1149 972 vidimus.
1176 897 1250 970 Nec
1276 901 1382 970 minus
1409 897 1579 970 aberrabit
1595 921 1615 969 a
1632 898 1829 990 verosimili,
1856 901 1910 994 qui
1925 905 2091 977 existimet

729 1013 880 1086 codicem
914 1013 1256 1088 Graeco-Arabicum
1287 1014 1430 1106 Regium
1466 1013 1664 1111 descriptum
1704 1013 1807 1110 fuisse
1842 1036 1904 1112 pro
1936 1016 2091 1095 Ecclesia

728 1127 970 1222 Alexandrina,
1014 1141 1048 1203 et
1073 1131 1320 1228 Aegyptiorum
1345 1133 1478 1203 nomine
1512 1130 1650 1223 intelligi
1677 1130 1760 1204 alias
1788 1156 1807 1204 a
1833 1131 2090 1230 Metropolitaua

728 1243 909 1320 Ecclesiae.
936 1248 973 1320 ld
1000 1246 1129 1320 facilius
1156 1245 1293 1344 probari
1311 1255 1445 1342 posset:
1469 1268 1547 1319 uam
1574 1249 1603 1321 si
1631 1246 1767 1340 alicujus
1793 1246 2004 1345 Episcopalis
2016 1249 2090 1324 Ec-

589 1383 593 1392 ·
728 1362 853 1435 elesiae
885 1374 941 1437 aut
974 1368 1150 1461 privatae,
1188 1373 1244 1436 aut
1277 1362 1483 1435 Monasticae
1514 1365 1588 1434 usui
1622 1361 1707 1434 liber
1734 1366 1875 1460 scriptus
1901 1365 2030 1454 fuisset,
2057 1373 2090 1440 in

728 1479 920 1576 Diptycbis,
952 1491 1031 1578 post
1055 1502 1178 1554 nomen
1204 1477 1417 1551 Patriarcbae
1449 1476 1680 1568 Alexandrini,
1707 1460 1899 1551 occurreret
1928 1488 2089 1557 memoria

727 1593 887 1693 Episcopi
914 1597 1127 1687 Dioecesoni,
1153 1599 1247 1668 utin
1274 1593 1425 1667 omnibus
1451 1594 1556 1666 ferme
1575 1593 1759 1686 codicibus,
1785 1600 1884 1668 etiem
1910 1601 1938 1669 si
1966 1602 2022 1694 qui
2048 1600 2090 1671 ad

727 1709 933 1786 Monasteria
967 1715 1190 1809 pertinuerint.
1245 1712 1404 1797 Quamvis
1437 1713 1525 1782 enim
1557 1731 1678 1802 magna
1711 1713 1745 1782 in
1776 1711 1954 1809 Aegypto,
1991 1720 2089 1787 etin

727 1827 865 1900 Oriente
890 1829 990 1901 luerit
1015 1851 1147 1925 semper
1172 1827 1349 1900 Monostici
1382 1825 1515 1898 Ordinis
1546 1824 1687 1918 dignitas
1714 1837 1748 1898 et
1774 1833 1950 1920 autoritas,
1977 1834 2088 1927 privi-

726 1942 817 2036 legia
844 1945 961 2041 quibus
987 1943 1029 2018 ab
1055 1944 1297 2041 Episcoporum
1313 1951 1479 2039 potestate
1505 1944 1703 2035 eximuntur,
1729 1946 1791 2016 vix
1815 1943 1881 2017 ulla
1908 1957 1993 2022 sunt
2019 1947 2087 2022 Sed

727 2059 791 2133 bae
817 2064 1029 2154 conjecturae
1056 2060 1311 2156 qualescumque
1344 2061 1424 2148 sint,
1460 2061 1523 2130 etsi
1557 2081 1624 2132 nou
1650 2058 1750 2155 plane
1780 2059 1984 2135 indubitatae
2011 2065 2086 2138 sui-

727 2175 854 2268 ficiunt,
881 2202 955 2250 cum
981 2187 1082 2249 notae
1107 2175 1326 2248 Alexandrini
1352 2178 1434 2246 ritus
1465 2177 1499 2245 in
1526 2184 1596 2248 toto
1635 2175 1748 2248 Ollicio
1777 2185 1843 2248 tam
1870 2187 1984 2251 certae
2010 2184 2085 2272 siut,

726 2303 762 2364 ut
788 2291 886 2366 dubio
913 2293 1007 2366 locus
1033 2315 1101 2364 non
1126 2295 1178 2364 sit.

458 2424 565 2486 buturo
586 2431 650 2484 ritus
668 2431 713 2484 rue
828 2409 977 2481 XLVHI.
1029 2408 1170 2504 Reliqua
1205 2405 1247 2477 ad
1279 2407 1372 2478 istius
1395 2405 1551 2500 Codicis,
1593 2431 1690 2503 quem
1718 2417 1755 2480 ut
1787 2406 1911 2480 fontem
1948 2407 2085 2483 aliorum

406 2509 713 2613 A¹⁰¹f¹¹dfi¹¹¹¹⁸⁰⁵¹¹¹1³⁸·
727 2527 869 2597 omnium
887 2528 1112 2618 agnoscimus,
1129 2523 1377 2596 illustrationem
1396 2526 1599 2615 necessaria,
1612 2547 1675 2621 per
1691 2533 1802 2618 partes
1819 2525 2036 2620 explicantur,
2051 2530 2085 2599 in

407 2609 448 2658 ¹¹¹⁸
462 2608 503 2655 ⁸¹²⁸
725 2643 831 2735 primo
858 2641 901 2713 ad
924 2641 1092 2733 Liturgias
1116 2639 1384 2728 Commentari03
1411 2641 1542 2735 quando
1556 2651 1664 2712 autem
1690 2650 1724 2711 et
1750 2641 1867 2736 quibus
1880 2640 1964 2715 locis
1981 2666 2084 2720 usur-

724 2767 819 2852 patus
846 2760 879 2828 in
904 2757 1067 2843 Ecclesiis
1092 2756 1203 2846 luerit,
1230 2755 1391 2827 affirmare
1417 2779 1497 2830 non.
1510 2777 1696 2853 possumus.
1723 2757 1877 2830 Diximus
1891 2757 1980 2851 alibi,
2007 2769 2084 2834 sta-

723 2875 780 2943 tim
807 2883 905 2968 atque
930 2872 1063 2946 Arabes
1089 2873 1283 2968 Aegyptum
1310 2875 1410 2944 armis
1437 2871 1646 2945 obtinuerunt
1671 2895 1802 2945 omnem
1828 2873 1933 2945 ferme
1951 2874 2084 2968 liuguae

724 2986 877 3062 Graecae
910 2994 943 3062 in
978 2993 1084 3064 sacris
1115 3012 1210 3062 usum
1246 2988 1333 3084 apud
1364 2989 1613 3064 Alexandrinos
1639 2990 1857 3081 intercidisse,
1884 2991 1973 3086 quod
2000 2993 2083 3066 adeo

723 3114 850 3176 certum
878 3116 949 3198 est,
983 3115 1020 3178 ut
1044 3115 1179 3203 praeter
1203 3104 1348 3197 Regium
1375 3105 1523 3178 codicem
1549 3108 1611 3179 vix
1636 3105 1722 3178 ullus
1748 3105 1863 3180 similis
1889 3106 1953 3180 buc
1979 3131 2083 3205 usque

723 3230 875 3315 repertus
910 3222 1026 3314 buerit,
1059 3226 1125 3294 imo
1159 3225 1221 3294 vix
1247 3230 1397 3293 autorem
1428 3221 1587 3296 babemus
1615 3225 1671 3318 qui
1695 3220 1823 3294 vidisse
1859 3232 2006 3296 testetur.
2046 3227 2083 3299 ln

722 3335 951 3411 Alexandrina
976 3338 1131 3414 Ecclesia
1164 3336 1369 3428 Jacobitica,
1403 3361 1424 3408 a
1451 3339 1646 3431 Benjamino
1683 3337 1726 3409 ad
1751 3339 1834 3412 baec
1859 3361 1965 3433 usque
1992 3352 2081 3414 tem-

722 3476 818 3550 pora,
843 3465 1022 3553 perpetuus
1047 3479 1110 3527 nec
1137 3457 1336 3551 intenuptus
1364 3451 1524 3551 Copticae
1549 3455 1695 3548 linguae,
1720 3463 1786 3527 tam
1821 3455 1863 3526 ad
1888 3456 2082 3550 Liturgiam,

724 3593 822 3665 quam
837 3571 879 3643 ad
895 3572 1022 3668 reliqua
1039 3572 1267 3662 Sacramenta,
1295 3579 1329 3642 et
1354 3570 1569 3667 psalmodiam
1595 3593 1675 3644 usus
1702 3575 1904 3667 permansit:
1932 3571 2083 3646 Graecae

618 3727 623 3740 .
722 3688 923 3784 nequidem
948 3692 1136 3782 vestigium.
1182 3687 1252 3760 Sed
1278 3685 1402 3759 codicis
1429 3687 1528 3780 Regii
1556 3711 1631 3760 eum
1656 3688 1732 3762 talis
1759 3689 1801 3760 sit
1827 3689 1998 3779 autoritas,
2030 3691 2081 3761 oui
2169 3675 2180 3688 '

721 3799 886 3896 refragari
910 3828 1009 3879 nemo
1038 3815 1155 3901 queat,
1182 3828 1228 3876 ex
1263 3825 1305 3875 eo
1334 3802 1408 3877 solo
1434 3812 1597 3876 retentam
1623 3825 1701 3876 esse
1727 3807 1761 3875 in
1788 3801 1983 3898 quibusdam
2007 3805 2080 3877 Ec-

722 3917 833 3993 clesiis
858 3921 1050 3995 Jacobiticis
1077 3920 1241 3995 Graecam
1262 3918 1457 4012 Liturgiam,
1484 3923 1701 3994 certissimum
1717 3918 1865 3992 videtur:
1893 3921 1978 3992 etin
2003 3946 2080 3995 ma-

721 4039 836 4112 ritimis
862 4027 1046 4128 nomultis,
1064 4037 1194 4110 laeilius
1227 4057 1323 4131 quam
1356 4038 1390 4106 in
1417 4039 1580 4131 superiori
1606 4033 1785 4108 Provincia
1813 4027 1944 4107 Graeca
1970 4036 2080 4130 lingua

720 4155 827 4247 potuit
851 4156 1058 4247 conservari,
1086 4156 1185 4225 etiam
1211 4156 1246 4224 in
1272 4173 1427 4224 sermone
1454 4152 1654 4247 quotidiano.
1687 4153 1723 4224 lu
1751 4153 1856 4224 sacris
1883 4173 1979 4242 vero,
2007 4177 2080 4224 cmn

721 4266 897 4342 Melcbitae
927 4292 994 4342 non
1025 4269 1123 4341 aliam
1162 4269 1205 4342 ad
1237 4290 1356 4364 preces
1390 4267 1540 4365 publicas
1574 4279 1608 4342 et
1640 4277 1846 4344 sacramenta
1878 4267 2080 4360 adhiberent,

720 4387 828 4476 major
854 4386 1098 4482 quodammodo
1115 4385 1175 4458 luit
1186 4385 1271 4458 illius
1291 4385 1483 4457 retinendae
1496 4384 1645 4458 facilitas.
1674 4385 1768 4470 Quae
1783 4383 1895 4456 forent
1906 4382 2080 4456 Ecclesiae

721 4523 803 4595 quas
832 4500 981 4576 Graecus
1007 4502 1198 4576 Patriaroba
1226 4501 1399 4592 obtineret,
1426 4501 1524 4574 docet
1538 4501 1661 4575 Notitia
1677 4525 1774 4597 quam
1789 4523 1834 4572 ex
1855 4499 1932 4571 Nilo
1954 4499 2079 4574 Dona-

719 4622 827 4713 patrio
855 4619 943 4691 dedit
966 4620 1040 4693 Leo
1066 4619 1228 4710 Allatius;
1265 4618 1362 4690 aliam
1396 4641 1442 4690 ex
1467 4617 1628 4709 Arabico,
1663 4617 1724 4691 sed
1749 4639 1866 4713 parum
1892 4626 2079 4688 accuratam

452 4732 914 4817 necmm1,1,Guillelmus
946 4737 1155 4830 Reveregius
1188 4735 1342 4807 inNutis
1369 4733 1410 4805 ad
1438 4733 1603 4808 Oenones.
1648 4733 1732 4808 Cum
1764 4735 1864 4825 igitur
1889 4731 2010 4826 ubique
2036 4731 2078 4804 ab

397 4865 424 4917 r·
440 4849 499 4900 ¹⁶⁸·
723 4849 925 4924 0rtbod0xis
954 4850 1084 4925 Graece
1111 4875 1208 4925 sacra
1235 4851 1492 4942 celebrarentur,
1518 4855 1624 4948 potuit
1649 4850 1734 4921 idem
1760 4847 1970 4921 mnonnullis
1995 4846 2079 4921 loeis

723 4968 810 5062 apud
834 4967 1005 5040 Jacobitas
1031 4969 1115 5060 lieri,
1143 4993 1208 5065 qua
1234 4967 1276 5040 de
1302 4990 1340 5040 re
1367 4968 1506 5041 divinari
1531 4967 1632 5040 multa
1658 4975 1810 5064 possunt,
1835 4987 1942 5060 pauca
1967 4969 2079 5036 ratio-

720 5080 817 5156 nibus
843 5094 878 5157 et
903 5083 1128 5160 autoritatibus
1155 5086 1385 5158 demonstrari.
