4736 6064
670 691 748 767 436
1049 693 1124 769 DE
1175 689 1645 768 Pleileilllb

671 879 735 953 sibi
761 883 955 952 resistentes
981 876 1196 950 anadrematis
1223 887 1312 950 metu
1344 877 1544 968 coercebat,
1578 887 1734 950 statatum
1765 887 1839 968 est,
1869 902 1914 952 ue
1945 879 2036 977 Epi-

670 1015 795 1089 scopus
820 1001 1053 1089 praeterquam
1080 1017 1127 1066 ex
1152 997 1252 1087 gravi
1277 1014 1380 1067 causa
1406 992 1641 1083 abstineretur,
1667 992 1883 1090 fraenataque
1902 1006 1955 1070 est
1974 1019 2038 1092 per

671 1107 844 1182 Canonmn
871 1113 1078 1205 antiquomm
1105 1113 1358 1183 renovadonem
1373 1109 1492 1183 nefarii
1502 1108 1643 1182 bominis
1668 1116 1851 1207 protervia.
1902 1113 2036 1185 lscnrn

670 1229 770 1297 etiam
804 1225 1037 1298 translationes
1063 1225 1306 1324 Episcoporum
1341 1225 1529 1316 moliretur,
1569 1237 1635 1298 tum
1669 1231 1769 1299 etium
1798 1231 1904 1300 invito
1933 1227 2037 1301 Oleru

670 1351 706 1414 et
730 1345 921 1437 praecipuis
946 1341 1059 1415 Laicis
1087 1343 1299 1439 quammdum
1326 1341 1454 1414 urbium
1466 1342 1717 1443 reluctantibus,
1741 1341 1930 1439 Episcopus
1946 1367 2037 1416 oon-

670 1462 837 1546 stitneret,
864 1456 1030 1529 delinitum
1056 1469 1125 1547 est,
1152 1458 1186 1529 id
1217 1456 1431 1530 Patriarcbaa
1462 1481 1531 1530 non
1561 1459 1683 1547 licere,
1716 1461 1889 1556 proposita
1924 1459 2037 1554 depu-

671 1575 801 1646 sitiunis
825 1595 956 1669 poena,
982 1577 1015 1644 in
1042 1596 1103 1645 eus
1138 1576 1193 1668 qui
1226 1572 1353 1669 absque
1387 1595 1515 1646 summa
1546 1576 1748 1647 necessitate
1779 1572 1822 1646 ab
1857 1597 1923 1648 rma
1954 1574 2037 1648 sede

671 1688 713 1761 ad
739 1689 839 1760 aliam
865 1688 1137 1762 transferrentur:
1164 1699 1221 1760 aut
1247 1693 1302 1785 qui
1328 1690 1431 1760 invita
1455 1688 1554 1785 plebe
1589 1689 1671 1778 loci,
1701 1688 1939 1787 Episcopatum
1966 1689 2037 1763 ob-

670 1808 821 1876 tinerent
874 1806 967 1878 llaec
994 1803 1099 1880 insius
1127 1829 1147 1878 a
1173 1804 1270 1878 nubis
1297 1808 1453 1900 exposita
1479 1809 1613 1878 suntin
1638 1808 1707 1878 vita
1734 1804 1851 1902 Oprilli
1886 1815 1921 1877 et
1947 1805 2036 1878 alibi.

671 1920 851 1993 anwrum
887 1925 1045 1994 autoritas
1086 1920 1356 2017 deponendorum
1395 1920 1639 2024 Episcoporum
1673 1943 1777 2017 penes
1810 1920 2036 1994 Paniarcbam

671 2048 759 2110 orat:
785 2059 894 2134 neque
921 2042 1008 2110 enirn
1034 2037 1248 2134 Synodorum
1274 2037 1316 2110 ad
1343 2037 1506 2130 ejusmodi
1535 2035 1658 2129 judicia
1690 2035 1921 2132 requirebatur
1946 2059 2038 2110 cun-

670 2158 824 2246 vocatio,
861 2177 947 2251 quau
974 2151 1035 2228 sub
1061 2153 1243 2227 Iulidelinm
1268 2150 1376 2246 reg'no
1403 2153 1538 2240 difficilis
1565 2162 1655 2242 erat,
1681 2154 1856 2248 multisque
1881 2153 2039 2250 periculis

670 2269 828 2344 obnoxia.
889 2268 1006 2367 Yupab
1041 2274 1116 2344 sive
1148 2269 1273 2366 Josepb
1304 2269 1375 2343 Lll
1407 2268 1599 2366 Episcopus
1634 2270 1782 2342 mecum
1815 2268 1970 2356 laneos,
2002 2278 2038 2340 et

671 2387 883 2461 Theodorum
908 2387 1050 2477 blisrae,
1078 2386 1120 2459 de
1145 2387 1253 2460 multis
1279 2387 1468 2459 criminibus
1495 2396 1671 2458 accusatos
1699 2385 1863 2480 deposuit,
1890 2393 1925 2455 et
1950 2380 2036 2456 alius

671 2525 785 2575 eorum
818 2503 896 2576 loco
930 2503 1113 2590 ordinavit,
1146 2513 1225 2599 pust
1257 2524 1378 2574 annum
1408 2502 1438 2573 J.
1466 2500 1504 2575 O.
1529 2500 1825 2576 DOOOXXXVIL
1877 2499 1946 2572 Sed
1971 2521 2036 2570 ra-

670 2623 761 2692 riora
794 2619 914 2692 deinde
946 2620 1101 2714 exempla
1140 2617 1288 2707 manant,
1322 2621 1398 2713 quia
1431 2617 1584 2691 hominos
1617 2616 1761 2690 audaces
1795 2624 1829 2688 et
1861 2616 1904 2688 ud
1938 2637 2038 2688 omne

671 2735 783 2809 scelus
810 2739 934 2832 parati,
962 2758 1048 2830 quae
1074 2737 1108 2805 in
1134 2735 1230 2827 leges
1256 2734 1432 2806 Ecclesiae
1458 2742 1700 2829 peccaverant,
1734 2733 1908 2805 autoritate
1934 2731 2037 2838 Prin-

671 2855 779 2946 cipum
807 2862 862 2923 aut
888 2873 1070 2940 excusare,
1098 2858 1155 2922 aut
1180 2849 1296 2922 saltem
1323 2852 1481 2946 impunita
1507 2871 1586 2922 esse
1619 2848 1841 2937 conabantur,
1877 2858 1934 2919 aut
1963 2848 2037 2920 tta-

623 2991 625 2996 ’
671 2967 825 3040 triarcbis
865 2965 970 3040 falsas
1009 2970 1240 3040 accusationes
1278 2965 1499 3056 intentabant,
1540 2968 1595 3060 qui
1632 2964 1758 3038 idcirco
1793 2963 2037 3036 moderatiores

671 3093 782 3174 erant,
809 3087 876 3155 imo
904 3093 938 3154 et
963 3105 1066 3179 saepe
1093 3104 1216 3175 segnes
1239 3082 1282 3155 ad
1309 3105 1350 3155 eu
1377 3082 1507 3155 scelera
1531 3080 1739 3154 vindicanda

776 3199 992 3274 cxxxvlii
1019 3197 1075 3270 Ex
1102 3197 1219 3272 eadem
1252 3201 1429 3271 autoritate
1460 3196 1694 3285 Patriarcbali,
1730 3197 1910 3282 secundum
1940 3217 2038 3290 quam

669 3315 748 3387 nibil
774 3315 838 3390 sibi
862 3339 930 3388 non
956 3315 1059 3388 licere
1085 3314 1330 3404 existimabant,
1357 3337 1517 3386 summam
1543 3335 1647 3409 saepe
1669 3313 1903 3406 indulgentiam
1929 3333 2038 3408 proe-

671 3431 843 3522 ierebant,
870 3434 961 3504 circa
988 3432 1253 3527 dispensationes
1281 3429 1451 3526 quosdam,
1478 3432 1673 3525 praesertim
1701 3450 1784 3521 erga
1811 3449 1872 3503 eus
1900 3432 1955 3522 qui
1974 3449 2038 3500 sa-

672 3552 739 3622 cris
767 3547 945 3621 Ordinibus
976 3558 1072 3620 erant
1103 3547 1260 3620 initiandi.
1317 3546 1404 3619 Nam
1437 3567 1512 3619 cum
1543 3544 1724 3618 secundum
1755 3543 1930 3633 Oenones,
1969 3544 2039 3614 nati

673 3689 719 3738 ex
745 3663 937 3762 parentibus
963 3684 1029 3735 non
1054 3662 1187 3754 liberis,
1219 3671 1276 3735 aut
1310 3685 1356 3734 ex
1389 3661 1545 3736 secundis
1577 3663 1715 3757 nuptiis,
1751 3671 1807 3732 aut
1841 3661 1895 3755 qui
1922 3661 2039 3730 servi-

672 3777 773 3854 tulem
801 3785 1012 3871 serviissent,
1039 3789 1096 3852 aut
1121 3782 1238 3874 spurii,
1265 3777 1323 3850 vel
1350 3782 1404 3874 qui
1431 3778 1540 3875 aliqua
1565 3776 1723 3850 natalium
1747 3774 1881 3848 ndamia
1895 3774 2039 3848 labora-

672 3907 757 3985 rent,
785 3897 827 3970 ad
853 3896 1076 3971 sacerdotium
1102 3917 1169 3967 nun
1196 3893 1456 3986 admitterentur,
1480 3891 1612 3966 iurarunt
1637 3901 1748 3964 tamen
1768 3895 1854 3963 inter
1880 3892 2038 3962 Patriar-

674 4013 754 4086 chas
793 4011 958 4103 nonnulli,
994 4014 1050 4109 qui
1085 4011 1169 4083 tales
1202 4011 1354 4083 homines
1388 4011 1595 4100 ordinarent,
1632 4010 1727 4104 quasi
1759 4030 1804 4079 ex
1837 4007 2038 4103 plenitudine

673 4133 858 4227 potestatis.
910 4129 960 4202 llli
988 4127 1117 4223 quidem
1145 4127 1266 4223 deponi
1293 4126 1335 4199 ab
1369 4130 1459 4200 omni
1487 4125 1728 4199 Ecclesiastico
1759 4124 1866 4217 gradu
1893 4121 2037 4211 ‚dobma-

672 4257 762 4335 sent,
799 4255 942 4318 attamen
968 4265 1145 4340 supremae
1176 4242 1281 4331 illius,
1317 4265 1414 4338 quam
1446 4245 1479 4314 in
1510 4245 1579 4314 suis
1614 4239 1812 4314 Patriarobis
1846 4241 2039 4334 suspiciunt,

672 4365 855 4436 anomalis
880 4363 1010 4433 ratione
1034 4360 1166 4450 babitu,
1193 4362 1364 4455 provisum
1390 4357 1520 4454 quidem
1545 4357 1650 4430 fuisse
1684 4357 1843 4450 legimns,
1875 4377 1919 4426 ne
1954 4354 2039 4427 tales

674 4479 794 4553 deinde
822 4475 1055 4550 Ordinationes
1080 4475 1215 4566 fierent,
1242 4484 1276 4546 at
1302 4477 1357 4570 qui
1383 4477 1427 4547 ita
1455 4473 1595 4546 ordinati
1621 4471 1762 4562 inerunt,
1789 4476 1823 4543 in
1849 4469 2039 4543 sacerdotio

673 4603 935 4692 permanserunt.
988 4594 1036 4686 ln¹
1056 4590 1191 4689 reliquis
1222 4595 1251 4665 si
1285 4591 1363 4687 quid
1378 4601 1512 4684 ,contra
1548 4589 1705 4664 Oenones
1739 4586 1850 4677 fieret,
1887 4590 2040 4683 quamvis

673 4709 917 4799 malefactum,
943 4706 1080 4781 valebat
1106 4708 1193 4804 apud
1217 4730 1278 4782 eos
1306 4715 1425 4778 tamen.
1467 4705 1617 4778 Alienum
1643 4704 1923 4801 dispensationum
1949 4700 2040 4772 nullu

676 4847 815 4922 prorsus
843 4823 999 4921 exempla
1030 4827 1255 4920 reperiuntur,
1285 4825 1349 4896 nisi
1381 4824 1569 4911 rarissima,
1599 4830 1635 4894 ut
1665 4843 1740 4893 cum
1773 4818 1876 4892 nobili
1909 4818 2039 4892 cuidam

674 4939 866 5030 decubitae,
895 4941 959 5012 duo
985 4939 1206 5035 Episcopatus
1234 4939 1300 5012 dati
1327 4947 1402 5012 sunt
1426 4939 1545 5012 bauco
1571 4937 1610 5009 F.
1636 4935 1825 5011 Andounae
1854 4934 1979 5010 Vissim
2006 4944 2040 5008 et

674 5056 819 5149 blisrae,
845 5066 979 5152 praeter
1006 5054 1161 5130 Oenones
1188 5064 1223 5128 et
1247 5077 1453 5128 communem
1476 5053 1756 5128 consuetudinem.
1795 5052 1832 5124 ln
1858 5054 2039 5149 poeniten-

673 5175 718 5244 tia
744 5168 944 5270 imponenda
970 5180 1005 5244 et
1029 5169 1234 5265 relaxanda,
1260 5171 1413 5268 quamdiu
1439 5180 1536 5245 vens
1564 5167 1735 5266 disciplina
1768 5167 1855 5265 apud
1887 5163 2038 5263 Coptitus
