4778 6034
625 632 628 638 ’
691 633 774 708 XIV
1183 636 1566 716 otsstttltio

691 831 784 898 esset
810 822 959 896 omnibus
986 832 1085 895 vetus
1111 833 1146 895 et
1170 823 1367 918 Apostolica
1392 821 1520 912 iorma,
1556 845 1643 918 quae
1673 825 1790 919 paucis
1827 821 1943 897 verbis
1976 847 2065 898 cou-

690 937 820 1031 stabat,
858 960 933 1010 eam
965 961 1083 1010 omues
1115 942 1221 1012 secuti
1254 949 1348 1028 suut,
1374 959 1438 1010 nec
1473 936 1515 1010 ab
1551 960 1593 1010 ea
1625 948 1854 1012 recesserunt:
1895 945 2064 1016 orationes

691 1075 777 1148 quae
802 1055 888 1125 inter
914 1075 1009 1124 sacra
1037 1052 1250 1143 dicebantur,
1285 1075 1359 1126 cum
1386 1052 1507 1126 multae
1542 1062 1678 1143 essent,
1714 1055 1924 1146 selegerunt,
1956 1079 2065 1132 novas

655 1157 657 1162 ’
691 1171 790 1240 etiam
816 1167 1028 1259 addiderunt,
1055 1169 1254 1264 tandemque
1280 1190 1323 1240 ue
1349 1166 1555 1263 perturbatio
1587 1170 1674 1239 inter
1706 1167 1821 1242 fideles
1856 1179 2065 1261 nasceretur,

690 1282 847 1378 quasdam
875 1286 1161 1378 perscripserunt,
1188 1294 1223 1356 et
1254 1283 1339 1355 haec
1367 1285 1464 1375 origo
1499 1282 1561 1354 luit
1593 1282 1796 1356 diversitatis
1829 1284 2064 1377 Liturgiarum.

689 1397 741 1469 Ea
767 1419 870 1493 porro
897 1419 966 1470 uon
992 1397 1068 1471 talis
1094 1407 1165 1485 est,
1201 1420 1241 1470 ac
1275 1397 1331 1470 illa
1361 1421 1461 1492 quam
1486 1401 1520 1469 in
1551 1397 1818 1470 Protestautibus
1844 1402 1961 1471 merito
1988 1399 2065 1472 cul·

690 1522 771 1607 paut
798 1510 978 1604 Catholici,
1013 1516 1163 1585 immarus
1197 1535 1267 1586 nou
1300 1511 1481 1586 verbomm
1516 1513 1635 1603 modo,
1676 1513 1883 1586 aeduorum
1921 1517 2066 1588 maxime

691 1627 957 1701 necessariarum
994 1627 1230 1723 discrepantia:
1269 1649 1385 1702 omues
1414 1631 1501 1700 cuim
1527 1628 1700 1720 Liturgiae
1713 1627 1873 1719 Latinae,
1900 1628 2066 1720 Graecae,

693 1742 899 1833 Orientales,
925 1765 1059 1833 novae,
1093 1753 1230 1816 veteres
1256 1747 1291 1815 iu
1322 1766 1422 1816 uuam
1457 1747 1674 1834 senteutiam,
1709 1745 1882 1840 cultusque
1908 1745 2066 1818 similitu-

691 1857 800 1930 dinem
827 1860 1040 1952 conspirant,
1066 1866 1102 1930 ut
1127 1867 1246 1953 postea
1272 1858 1377 1932 fusius
1405 1858 1693 1940 demonstrabitur.

367 1991 470 2044 eruam
485 1987 679 2043 audiveramus
796 1972 884 2058 Quid
910 1975 996 2044 euim
1029 1973 1161 2045 taudem
1195 1975 1375 2048 effecerunt
1410 1975 1619 2070 superciliosi
1653 1975 1700 2046 illi
1734 1972 1867 2064 critici,
1901 1975 1956 2070 qui
1990 1971 2065 2045 illas

366 2074 515 2176 ‚⁰³⁸¹i⁰¹¹¹¹¹⁰
524 2074 806 2213 PL³⁸¹¹fssl⁸⁵omues
835 2086 1067 2182 explosemnt,
1094 2098 1249 2183 tanquam
1274 2091 1520 2183 supposititias,
1547 2099 1720 2181 recentes,
1747 2100 1781 2163 et
1804 2091 2066 2185 superstitiosas,

364 2172 515 2301 &mm
546 2169 751 2274 ro⁸⁰⁸⁸³¹¹¹‘'nisi
779 2203 867 2298 quod
893 2225 987 2276 suam
1012 2207 1047 2275 in
1082 2203 1184 2276 rebus
1218 2195 1464 2301 Ecclesiasticis
1499 2204 1667 2277 infantiam
1702 2203 1943 2301 prodiderunt?
1978 2203 2064 2275 Nam

688 2319 763 2390 dum
793 2318 972 2412 particulas
998 2319 1129 2390 illomm
1155 2319 1338 2390 ciliciorum
1365 2342 1411 2391 ex
1437 2319 1580 2392 diversis
1615 2319 1731 2394 ritibus
1767 2320 1944 2410 collectas,
1979 2322 2066 2390 iuter

688 2455 727 2508 se
754 2443 967 2529 comparant,
999 2443 1036 2505 ut
1061 2436 1223 2526 insignior
1257 2433 1434 2508 diversitas
1470 2445 1648 2531 appareat,
1680 2435 1759 2508 nibil
1792 2444 1954 2529 egerunt,
1989 2456 2065 2506 cum

688 2552 834 2622 omnium
860 2551 1023 2622 sententia
1051 2551 1095 2624 sit
1121 2548 1248 2622 eadem.
1301 2548 1443 2646 Stupeut
1468 2550 1511 2622 ad
1544 2553 1711 2624 orationes
1741 2573 1805 2646 pro
1839 2551 1997 2637 mortuis3
2031 2555 2067 2620 at

686 2663 760 2739 illas
792 2665 1001 2736 commendat
1032 2673 1186 2760 tauquam
1222 2668 1449 2760 antiquissima
1474 2664 1701 2738 Ecclesiarum
1733 2665 1903 2760 disciplina
1935 2683 2065 2738 couse-

687 2791 799 2852 cratas
825 2781 1042 2873 Augustinus.
1096 2781 1144 2853 m
1170 2781 1254 2854 ordo
1281 2800 1350 2854 uon
1375 2781 1464 2854 idem
1490 2791 1557 2854 est:
1583 2784 1702 2853 mirum
1717 2803 1798 2854 saue
1817 2789 2064 2872 argumentum:
2120 2805 2137 2818 -

687 2918 761 2970 cum
789 2899 887 2976 etiam
913 2897 1060 2970 nuncin
1086 2896 1239 2969 Romana
1271 2896 1446 2988 Ecclesia,
1478 2895 1534 2968 ubi
1570 2919 1686 2970 omnes
1714 2895 1886 2972 Canonem
1922 2894 2064 2988 Grego-

687 3015 814 3085 rianum
841 3022 1042 3107 sequuntur,
1067 3011 1347 3109 monopolitanae
1380 3021 1437 3086 aut
1470 3012 1690 3108 Episcopales
1716 3011 1893 3086 Ecclesiae
1928 3010 2063 3099 multae,

687 3127 906 3201 celeberrima
931 3127 1158 3221 Mouasteria,
1185 3127 1324 3202 Ordines
1349 3127 1515 3221 Religiosi
1541 3131 1684 3219 integri,
1720 3128 1921 3220 singularem
1951 3126 2063 3198 Ritum

687 3244 814 3318 Missae
841 3243 1063 3318 celebrandae
1097 3253 1307 3318 conservent.
1360 3244 1431 3318 Sed
1463 3243 1548 3316 baec
1581 3241 1642 3314 lirit
1675 3246 1781 3338 prima
1816 3245 2063 3334 conjuratorum

688 3359 852 3434 adversus
878 3360 1065 3433 Romanam
1085 3359 1274 3436 Ecclesiam
1300 3369 1447 3450 tessera,
1472 3369 1509 3432 ut
1534 3359 1575 3434 ab
1593 3362 1666 3451 ejus
1682 3359 1853 3454 disciplina
1866 3358 2063 3450 longissime

687 3476 902 3548 recederent:
929 3485 963 3548 et
990 3480 1141 3571 quamvis
1168 3487 1217 3549 tot
1242 3477 1337 3572 primi
1362 3476 1614 3549 Reformatores
1642 3498 1688 3548 ex
1713 3477 1819 3547 sacris
1844 3472 1975 3547 familiis
2002 3472 2062 3544 lu-

687 3591 804 3682 gitivi,
831 3591 1095 3688 sacerdotioque
1122 3595 1236 3665 initiati
1263 3593 1351 3665 scire
1378 3591 1591 3682 debuissent,
1626 3591 1704 3688 quid
1729 3594 1764 3662 iu
1798 3613 1840 3664 ea
1876 3611 1922 3661 ex
1954 3591 2064 3662 veteri

686 3707 836 3782 instituto
875 3707 983 3800 ieret,
1022 3720 1121 3804 atque
1160 3708 1246 3781 adeo
1286 3713 1375 3780 omni
1409 3711 1535 3782 emoris
1576 3710 1765 3804 suspicione
1800 3714 1951 3794 careret:
1985 3703 2064 3799 quid

688 3831 806 3894 contra
832 3834 1005 3918 peccatum
1027 3825 1159 3917 luisset,
1186 3835 1285 3920 atque
1312 3826 1399 3900 adeo
1416 3823 1675 3913 emendandum,
1700 3844 1769 3895 uon
1795 3831 1868 3895 erat
1880 3821 1955 3894 talis
1972 3832 2062 3892 tem-

688 3941 806 4034 po'rum
833 3939 964 4013 illorum
990 3941 1150 4031 conditio,
1176 3950 1212 4011 ut
1238 3940 1415 4015 discrimen
1440 3939 1518 4012 illud
1539 3939 1792 4033 agnosciiacile
1811 3946 1937 4034 posset.
1989 3935 2062 4008 lta-

690 4077 755 4150 que
782 4057 812 4127 si
837 4055 1056 4130 leviusculum
1091 4055 1225 4153 aliquod
1258 4057 1435 4130 discrimen
1470 4053 1778 4128 animadvertebant
1808 4057 1895 4125 inter
1925 4060 2062 4124 veteres

689 4169 858 4264 Liturgias
885 4181 919 4243 et
944 4171 1083 4246 Missam
1107 4172 1315 4261 Romanam,
1338 4173 1462 4263 justum
1489 4171 1531 4242 db
1557 4169 1712 4242 Ecclesia
1740 4167 1913 4242 Gatbolica
1941 4169 2062 4238 trimu-

689 4287 789 4384 phum
815 4309 921 4382 agere
948 4287 1011 4361 sihi
1037 4287 1243 4362 videbantur.
1296 4287 1354 4360 Sic
1380 4287 1521 4362 Mathias
1549 4285 1701 4358 Flaccius
1727 4285 1879 4381 lllyricus
1908 4293 2062 4356 veterem

690 4403 848 4477 Ordinem
875 4404 1003 4478 Missae
1032 4403 1253 4497 jactabundus
1288 4402 1409 4494 edidit,
1441 4413 1596 4498 tanquam
1632 4401 1675 4473 ad
1704 4402 1879 4476 Romanae
1911 4399 2061 4491 vulgaris

688 4519 917 4593 contumeliam
945 4531 979 4592 et
1005 4521 1278 4610 destructionem;
1314 4523 1369 4615 qui
1396 4521 1504 4592 statim
1532 4520 1726 4592 temeritatis
1753 4527 1787 4590 et
1801 4519 1952 4588 inscitiae
1969 4535 2061 4610 poe-

687 4657 749 4708 nas
777 4632 884 4727 dedit,
911 4659 985 4710 cum
1013 4659 1051 4710 se
1077 4640 1151 4732 ipse
1177 4639 1316 4732 turpiter
1332 4645 1503 4726 remisere,
1526 4643 1560 4707 et
1579 4634 1784 4728 exemplaria
1810 4632 1898 4704 adita
1922 4631 2061 4726 suppri-

682 4776 780 4826 mere
806 4765 944 4827 coactus
971 4751 1079 4827 fuerit.
1130 4753 1263 4848 Nempe
1294 4773 1415 4844 magna
1449 4749 1503 4823 illa
1535 4749 1762 4823 Ecclesiarum
1793 4746 2062 4820 Reformatarum

686 4867 809 4942 lumina
849 4880 973 4941 tautum
1010 4869 1203 4964 discipliuae
1236 4866 1495 4942 sacramentalis
1536 4865 1702 4956 sciebant,
1745 4874 1900 4960 quantrmr
1934 4859 2062 4934 Missali

687 4987 822 5077 vudgari
849 4983 1096 5073 continebatur,
1129 4988 1190 5057 vix
1223 4984 1397 5081 quidquam
1430 4981 1580 5079 amplius.
1633 4981 1751 5075 Neque
1782 4978 1970 5073 negandum
1997 4982 2061 5064 est,

687 5103 879 5198 peritiorem
906 5099 992 5172 illius
1019 5100 1212 5195 disciplinae
1239 5102 1463 5195 coguitionem
1490 5097 1674 5191 Theologis
1707 5099 1831 5172 nostris
1859 5116 1966 5189 aeque
1994 5090 2060 5163 de-
