4670 6046
723 562 798 634 mo
1291 560 1576 658 aeota¹

723 763 800 826 quae
823 747 966 811 Osculum
990 747 1074 828 pacis
1097 747 1263 824 antecedit,
1294 764 1361 808 cum
1382 748 1498 829 reliqua
1520 769 1560 811 ex
1583 753 1730 813 communi
1753 751 1852 814 ollloio
1875 753 2095 833 peti‘soleant.

722 843 823 925 Atque
846 846 883 908 ah
907 865 944 910 eo
974 847 1042 908 loco
1071 847 1196 927 proprie
1225 847 1375 928 loquendo
1406 847 1510 929 incipit
1542 848 1723 928 Anaphoro,
1761 849 1882 912 Oblatio
1912 869 1969 913 seu
1997 870 2097 916 sacro

722 948 822 1008 actio:
845 947 925 1009 unde
948 948 977 1008 in
1001 945 1118 1008 Graeco
1142 946 1267 1024 codice,
1301 954 1370 1010 ante
1400 949 1566 1010 orationem
1588 956 1783 1029 sequentem,
1810 968 1888 1030 quae
1910 951 2097 1016 Praefationi

720 1053 844 1109 nostroe
867 1047 1041 1126 respondet,
1064 1046 1166 1108 titulus
1189 1046 1236 1108 hic
1260 1045 1405 1128 adjicitur.
1438 1035 1534 1132 Ἀρχή
1555 1043 1614 1130 τῆς
1635 1045 1872 1132 προςκομιδῆςε
1895 1067 1974 1130 quae
1998 1053 2096 1116 verba

721 1145 820 1208 Arabs
844 1147 995 1228 interpres
1017 1147 1118 1224 vertit,
1141 1145 1262 1208 Initium
1283 1145 1444 1226 Sacrificii.
1490 1147 1522 1208 ln
1546 1146 1722 1227 quibusdam
1746 1145 1880 1227 Coptieis
1904 1149 2097 1231 exemplari-

723 1245 780 1308 bus
811 1246 887 1308 haec
910 1248 1011 1307 oratio
1040 1246 1137 1308 oserdi
1160 1247 1251 1324 pacis
1287 1246 1402 1309 Severo
1432 1246 1588 1323 tribuitur,
1616 1245 1807 1308 Antiocheno
1838 1247 1971 1326 scilicet,
2003 1267 2097 1329 quem

721 1344 887 1426 Litargiom
909 1345 1082 1425 scripsisse,
1105 1345 1268 1406 communis
1291 1343 1494 1408 Jacobitarum
1511 1345 1632 1407 traditio
1654 1353 1711 1424 est,
1736 1353 1766 1408 et
1788 1365 1854 1408 eam
1874 1347 1957 1408 mulli
1975 1347 2097 1428 Syriaci

721 1443 852 1508 Codices
876 1451 1116 1526 repraesentant,
1141 1463 1181 1506 ex
1203 1462 1262 1524 qua
1285 1444 1360 1506 haec
1383 1442 1487 1507 Oratio
1510 1444 1668 1506 transferri
1690 1446 1803 1525 poluit,
1831 1443 1870 1506 ob
1894 1447 2097 1510 arctissimam

724 1543 806 1606 sedis
829 1542 1055 1606 Alexandrinae
1085 1543 1269 1606 Jacobiticae
1305 1561 1371 1605 eum
1393 1543 1582 1606 Antiocheno
1605 1545 1862 1624 conjunctionem:
1886 1546 2097 1629 singularem-

722 1662 781 1726 que
812 1643 918 1707 Seucri
947 1645 1178 1706 venerationem.
1229 1641 1304 1704 Nam
1333 1642 1399 1722 ejus
1436 1643 1548 1724 duplex
1577 1645 1720 1706 memoria
1749 1642 1795 1718 lit,
1833 1641 1933 1706 obitus
1963 1646 2095 1726 scilicet,

722 1749 812 1823 atque
842 1740 976 1822 eiusdem
1007 1743 1153 1806 adventus
1182 1744 1210 1804 in
1239 1741 1429 1824 Aegyptum,
1460 1744 1586 1824 septima
1617 1742 1710 1819 toth,
1745 1749 1776 1804 et
1802 1742 1936 1806 secunda
1967 1743 2095 1825 Paopbi.

720 1842 789 1904 Non
811 1851 909 1905 tamen
933 1843 1103 1904 existimare
1126 1843 1282 1922 quisquam
1305 1840 1394 1903 debet
1417 1861 1456 1904 ex
1478 1841 1528 1904 illo
1552 1841 1647 1918 titulo,
1672 1843 1819 1905 Severum
1840 1841 1933 1904 ullum
1957 1843 2096 1907 Patriar-

721 1942 806 2004 oham
833 1941 1069 2004 Alexandrinum
1096 1940 1209 2019 fuisse,
1238 1939 1319 2020 quod
1350 1941 1447 2003 Guido
1478 1942 1632 2004 Fabricius
1661 1940 1846 2004 hoderianus
1881 1940 1997 2023 absque
2031 1943 2096 2006 ulla

721 2043 879 2104 autoritate
908 2040 1044 2104 omnibus
1075 2059 1173 2121 prope
1203 2041 1372 2122 persuasit,
1404 2058 1470 2103 cum
1501 2040 1594 2102 edidit
1622 2039 1769 2102 Ritualem
1799 2040 1943 2120 Baptismi
1970 2041 2096 2122 librum,

719 2140 776 2203 suh
800 2140 906 2203 Severi
928 2140 1118 2202 Patriarchae
1140 2139 1338 2202 Alexandrini
1360 2139 1497 2216 nomine,
1521 2158 1588 2201 eum
1607 2137 1709 2201 ¹nullus
1732 2139 1812 2201 inter
1833 2139 2013 2220 permultos,
2041 2145 2095 2224 qui

720 2242 751 2302 in
772 2239 964 2303 Bibliothecis
988 2247 1110 2318 extant,
1134 2238 1312 2315 Codicibus,
1336 2239 1415 2301 hune
1438 2239 1554 2301 titulum
1576 2237 1737 2319 praeierat.
1782 2239 1889 2302 Nullus
1912 2257 1987 2302 sane
2009 2241 2096 2304 inter

719 2340 872 2403 Jacobitas
897 2339 1029 2402 Severus
1052 2338 1288 2401 Alexandrinam
1310 2337 1414 2400 sedem
1442 2340 1553 2400 tenuit:
1584 2345 1615 2399 et
1644 2338 1746 2419 lingua
1771 2337 1906 2420 Syriaca,
1929 2356 1989 2420 qua
2012 2341 2096 2403 liber

719 2438 770 2500 ille
794 2441 926 2520 scriptus
950 2447 1012 2512 est,
1042 2456 1193 2519 nunquam
1222 2439 1252 2499 in
1282 2439 1377 2500 saeris
1404 2437 1507 2500 olllciis
1535 2445 1681 2518 usurpata
1708 2437 1788 2519 apud
1816 2437 1991 2521 Aegyptios
2025 2440 2094 2504 suit.

719 2540 754 2600 ln
776 2540 911 2621 liturgia
941 2538 1043 2601 Basilii
1071 2537 1198 2620 Coptica
1227 2536 1373 2619 quaedam
1403 2538 1500 2600 oratio
1531 2539 1678 2614 occurrit,
1709 2556 1798 2619 quam
1826 2537 1948 2601 codices
1977 2558 2095 2604 manu-

720 2640 823 2720 scripti
847 2639 981 2703 nonnulli
1009 2638 1118 2701 loanni
1147 2636 1382 2719 Chrysostomo,
1413 2637 1461 2700 alii
1489 2638 1598 2701 loanni
1631 2637 1797 2716 Bostreno,
1826 2639 1892 2700 sive
1920 2636 2093 2704 Basorensi

719 2740 893 2804 attribuunt.
937 2738 1053 2800 Primus
1076 2744 1109 2799 ut
1132 2738 1295 2800 communis
1318 2736 1521 2799 Ecclesiarum
1543 2735 1666 2799 doctor:
1696 2736 1772 2799 alter
1793 2744 1826 2798 ιιι
1848 2738 1878 2798 io
1900 2736 2006 2800 cadem
2031 2758 2094 2819 qua

717 2838 864 2920 Aegyptii
885 2836 1041 2900 Jacobitae
1064 2845 1158 2913 secta,
1181 2838 1301 2918 agnitus
1324 2834 1395 2898 luit:
1430 2837 1577 2919 amboque
1607 2836 1726 2900 diversa
1753 2837 1870 2898 ratione
1893 2836 1983 2898 talem
1997 2837 2094 2926 'apud

719 2957 773 3002 eos
808 2940 996 3001 autoritatem
1024 2939 1105 3000 nacti
1136 2944 1221 3015 sunl,
1255 2945 1288 2998 ut
1315 2937 1467 2999 orationes
1497 2955 1536 2998 ex
1565 2934 1684 2998 illorum
1710 2936 1851 3019 Litargiis
1883 2936 1912 2997 in
1944 2935 2093 3017 Coptieas

716 3037 961 3101 transferrentur.

1046 3298 1172 3370 Scribo
1199 3319 1309 3391 opera
1336 3319 1412 3367 mea
1437 3298 1616 3368 secondom
1640 3297 1756 3368 aerbo.

810 3509 969 3590 0ascuaus
992 3519 1095 3597 locus,
1119 3537 1206 3600 quem
1229 3517 1395 3581 secundum
1417 3517 1595 3580 sententiam
1618 3517 1763 3600 Copticae
1796 3519 1948 3582 versionis
1979 3521 2091 3584 reddi-

716 3628 823 3706 dimus,
847 3633 878 3687 et
898 3643 986 3707 quem
1008 3623 1193 3703 interpretes
1216 3620 1345 3698 Arabes,
1368 3629 1427 3683 tam
1449 3622 1534 3684 istius
1557 3621 1671 3684 codicis
1693 3620 1828 3702 Coptici,
1853 3641 1940 3702 quam
1964 3622 2089 3704 Graeci,

715 3745 776 3789 non
798 3726 938 3788 videntur
959 3723 1154 3787 intellexisse.
1179 3723 1295 3784 Graeca
1317 3720 1426 3783 nullam
1449 3721 1662 3783 obscuritatem
1690 3721 1810 3783 hahent.
1861 3709 1993 3806 Ταύτης
2019 3721 2090 3802 μοῦ

713 3825 772 3910 τῆς
793 3817 989 3908 ἐλευθερίας
1010 3816 1183 3909 προςφέρω
1205 3837 1257 3883 σοι
1279 3811 1322 3883 aa}
1343 3811 1507 3900 σύμβολα·
1529 3819 1600 3893 τοῖς
1621 3809 1743 3903 ῥήμασί
1764 3835 1825 3882 σου
1847 3813 2023 3908 ἐπιγράψω
2046 3813 2090 3888 a&

714 3911 900 4011 πράγματα.
943 3923 1035 3985 Istius
1057 3922 1244 3984 liberationis
1264 3939 1367 3995 meae,
1390 3920 1523 3995 (seilicet
1543 3938 1600 4000 per
1623 3919 1782 3982 salutarem
1806 3919 1915 3982 Christi
1938 3922 1968 3982 in
1992 3940 2089 3986 carno

716 4025 1002 4105 dispensationem)
1028 4019 1121 4102 offero
1144 4021 1200 4082 tihi
1219 4019 1378 4102 Syrnhola:
1409 4020 1512 4081 corbis
1533 4022 1593 4081 tais
1614 4037 1666 4080 res
1686 4019 1839 4082 adscribo.
1885 4021 1968 4084 llaec
1991 4023 2089 4104 igitur

715 4124 863 4188 sententia
887 4129 950 4186 est:
973 4121 1070 4183 allero
1093 4119 1146 4182 tibi
1170 4120 1246 4182 haee
1269 4118 1424 4201 Symbola,
1456 4137 1512 4181 seu
1542 4119 1690 4181 elementa
1719 4121 1805 4199 panis
1834 4127 1865 4181 et
1894 4121 1973 4199 vini,
2004 4140 2090 4202 quae

715 4245 755 4288 ex
778 4232 847 4302 tuo,
872 4221 1005 4299 Christe,
1029 4221 1182 4296 instituto,
1206 4225 1435 4300 repraesentant
1458 4220 1630 4298 passionem
1653 4225 1750 4297 taam,
1773 4235 1831 4298 per
1852 4237 1941 4299 quam
1965 4238 1983 4280 a
2005 4240 2087 4303 pec-

716 4329 783 4384 cato
806 4332 989 4402 aeternaque
1013 4319 1201 4382 damnatione
1224 4317 1431 4380 liberationem
1454 4327 1635 4380 consecutus
1659 4335 1742 4392 sum,
1771 4317 1884 4380 iaciens
1911 4319 1993 4400 qued
2016 4323 2085 4404 ipse

710 4424 845 4505 jussisti:
868 4439 919 4484 res
942 4438 1035 4498 vere,
1058 4420 1124 4482 sire
1146 4417 1286 4481 allectum
1310 4419 1516 4498 promissionis
1540 4435 1556 4478 a
1580 4425 1610 4480 te
1633 4416 1748 4492 iactae,
1769 4419 1887 4498 quoties
1910 4421 2085 4484 memoriam

714 4524 756 4585 tui
779 4523 818 4585 ila
847 4537 1025 4604 aporema,
1054 4536 1113 4581 nen
1144 4519 1217 4580 meis
1240 4518 1371 4595 meritis,
1402 4518 1456 4580 sed
1484 4517 1586 4579 verbis
1618 4518 1694 4596 tuis,
1722 4535 1799 4598 quae
1828 4535 1898 4578 mox
1927 4518 2084 4583 recitanda

715 4630 785 4684 sant
808 4621 967 4696 adscribo,
1002 4621 1042 4681 ita
1072 4625 1104 4680 ut
1127 4618 1164 4680 ah
1187 4617 1305 4679 illorum
1328 4618 1439 4679 virtute
1463 4625 1493 4679 et
1514 4618 1730 4696 promissorum
1758 4623 1875 4678 tuorum
1904 4616 2084 4680 certitudine

713 4729 807 4784 totum
830 4728 1000 4802 expectem.
1023 4717 1122 4780 Arabs
1145 4719 1295 4797 interpres
1319 4718 1404 4797 cujus
1426 4716 1528 4778 versio
1551 4717 1705 4778 contextui
1731 4715 1869 4797 adjuncta
1893 4721 1940 4776 est
1963 4717 1993 4777 in
2016 4713 2082 4779 Co-

713 4821 782 4883 dice
804 4820 919 4903 hegio,
942 4821 982 4881 ita
1005 4821 1105 4880 vertit.
1150 4815 1252 4898 Offero
1275 4817 1330 4879 tibi
1350 4816 1491 4900 Symbola
1512 4816 1701 4878 liberationis
1721 4834 1807 4876 meae
1835 4816 1868 4876 io
1889 4815 1990 4877 oerbis
2011 4818 2081 4890 wis,

713 4921 837 5000 desiqoo
856 4926 1020 4999 praecepto
1042 4926 1107 4980 toa.-
1129 4918 1197 4997 quia
1220 4916 1351 4978 ultimam
1372 4935 1480 4978 vocem
1504 4913 1622 4976 videtur
1644 4916 1685 4976 ita
1708 4914 1837 4998 legisse,
1865 4922 1899 4976 ut
1919 4933 1960 4976 ex
1986 4903 2080 4997 rapti-

712 5037 821 5102 γματα
843 5016 949 5080 iecerit
970 5003 1195 5103 apocalypseos.
1219 5014 1403 5097 Compendia
1426 5017 1506 5090 enim
1528 5014 1698 5096 scripturae
1715 5013 1840 5078 Graecis
1858 5014 1989 5078 librariis
2011 5033 2077 5076 me-
