4760 6038
661 545 774 618 LXIV
1190 549 1578 626 DISSERTATIO

662 734 809 806 tollenda
836 738 968 830 penitus
990 735 1235 827 judicaverunt,
1260 757 1325 806 uec
1343 745 1454 806 tamen
1468 733 1621 806 omnibus
1638 735 1880 810 satisfecerunt
1906 737 2035 828 Ageno-

662 859 785 947 verunt
810 855 910 942 igitur
935 873 1090 942 magnam
1115 851 1231 923 ritibus
1258 860 1293 921 et
1318 853 1540 922 caeremoniis
1565 853 1679 922 inesse
1691 855 1760 922 vim
1787 853 1831 924 ad
1855 876 1896 924 aa
1923 857 2036 946 signi-

661 965 804 1054 ficanda,
831 989 917 1060 quae
933 968 1022 1037 circa
1042 965 1139 1038 fidem
1167 965 1290 1060 aliquid
1316 964 1527 1038 obscuritatis
1553 963 1682 1036 babere
1697 967 1908 1039 riderentur:
1934 970 2036 1040 multo

662 1085 770 1172 magis
805 1103 880 1151 cum
914 1103 983 1153 nou
1017 1081 1191 1170 obscuris,
1227 1093 1283 1153 aut
1316 1081 1497 1172 ambiguis,
1523 1081 1585 1152 sed
1610 1085 1798 1177 perspicuis
1824 1080 1941 1154 uerbis
1968 1083 2036 1154 ad-

657 1199 851 1287 junguntm,
879 1195 988 1290 qualia
1016 1206 1093 1268 sunt
1119 1221 1160 1269 ea
1187 1201 1298 1268 omnia
1325 1196 1443 1290 quibus
1465 1199 1636 1270 orationes
1656 1195 1848 1288 Liturgicae
1873 1207 2035 1270 constant

660 1311 748 1383 Nam
776 1335 850 1383 cum
877 1312 919 1383 ad
946 1312 1124 1407 populum,
1157 1335 1226 1386 non
1252 1311 1295 1382 ad
1321 1309 1518 1402 Tbeologos
1553 1309 1646 1384 solos
1672 1311 1898 1405 prolemntur,
1925 1317 2035 1385 statim

660 1429 797 1498 incurrit
823 1431 933 1499 animo
961 1428 1105 1522 simplex
1129 1450 1195 1498 nec
1220 1425 1370 1499 involuta
1397 1429 1570 1518 sententia,
1597 1449 1696 1520 quam
1720 1425 1876 1497 Ecclesia
1903 1429 2036 1501 Catbo-

662 1542 726 1614 lica
754 1540 860 1616 solam
887 1565 1020 1638 semper
1047 1546 1204 1634 agnouit,
1231 1565 1294 1614 nec
1330 1541 1428 1613 allam
1454 1541 1668 1631 Nestorium,
1694 1541 1870 1614 Jacobitae
1897 1553 1954 1613 aut
1980 1544 2036 1614 alii

661 1669 800 1732 veteres
832 1657 993 1730 baeretici
1025 1658 1270 1729 intellexerunt.
1313 1657 1378 1728 Ubi
1411 1679 1496 1728 vero
1530 1656 1648 1728 iisdem
1688 1656 1806 1729 verbis
1841 1658 2036 1754 simpliciter

663 1776 811 1869 acceptis
837 1777 919 1844 ritus
947 1773 1119 1862 accedunt,
1145 1796 1207 1868 per
1233 1794 1318 1867 quos
1344 1771 1544 1863 ambiguitas
1569 1770 1765 1861 verborum,
1791 1775 1909 1868 siqua
1935 1772 2034 1863 foret,

663 1889 901 1974 discuteretur,
937 1886 1025 1959 aliud
1059 1889 1267 1962 intellexisse
1306 1890 1362 1982 qui
1394 1887 1458 1960 illis
1490 1886 1608 1959 ritibus
1644 1885 1838 1980 utebantur,
1870 1890 1943 1961 fieri
1968 1911 2036 1960 nou

661 2013 790 2100 potest:
826 2012 883 2074 aut
916 2003 1035 2074 saltem
1067 2007 1196 2076 ratione
1223 2003 1346 2096 aliqua,
1371 2025 1415 2074 ue
1447 2003 1615 2098 simplices
1641 2002 1885 2097 deciperentur,
1911 2007 2035 2099 proti-

662 2119 798 2190 dissent.
833 2117 871 2189 ld
898 2120 985 2188 enim
1011 2122 1206 2190 necessario
1231 2117 1509 2206 Protestautibus,
1537 2121 1593 2212 qui
1618 2118 1729 2190 levem
1757 2117 1901 2213 aliquam
1927 2119 2035 2192 disci-

662 2235 773 2330 plinae
798 2237 926 2304 veteris
952 2234 1105 2306 umbram
1137 2237 1354 2322 retinuerunt,
1380 2233 1565 2304 laciendum
1591 2233 1664 2320 brit,
1691 2255 1766 2304 cum
1792 2244 1882 2304 muta
1908 2257 2035 2306 caerc-

661 2354 846 2421 moniarum
881 2352 979 2440 signa
1021 2371 1095 2420 eam
1131 2371 1229 2444 quam
1267 2346 1461 2441 abjecerant
1493 2347 1592 2420 fidem
1630 2351 1664 2419 in
1697 2353 1890 2421 memoriam
1923 2373 2034 2424 revo-

661 2473 785 2535 carent.

764 2579 880 2672 ltaque
907 2601 982 2650 cum
1008 2579 1051 2650 de
1078 2579 1294 2652 Orientalium
1319 2579 1560 2668 Ecclesiarum
1581 2601 1648 2650 non
1660 2581 1768 2652 minus
1787 2603 1884 2673 quam
1901 2579 2034 2654 Graece

661 2699 751 2766 circa
784 2694 884 2764 realis
910 2697 1124 2788 praesentiae
1158 2705 1193 2765 et
1223 2694 1596 2768 Trausubstantiationis
1632 2693 1815 2765 doctrinam
1852 2695 2034 2767 concordia

442 2791 484 2824 '⁰¹
541 2791 573 2824 '²⁰
592 2789 647 2824 ἠ’
661 2809 820 2904 disputari
856 2819 1009 2904 coeptum
1045 2821 1110 2895 est,
1136 2809 1225 2904 quod
1253 2815 1342 2882 serio
1373 2809 1496 2882 lacuum
1527 2819 1605 2880 ante
1640 2819 1757 2880 nostra
1786 2819 1939 2904 tempora
1972 2815 2035 2882 six

659 2925 741 3014 luit,
769 2923 919 2996 famosus
953 2923 1009 2995 ille
1043 2924 1222 3016 Claudius,
1258 2929 1314 3020 qui
1348 2936 1421 2998 arte
1448 2937 1482 2997 et
1516 2929 1653 3018 ingenio
1687 2923 1836 3014 valebat,
1870 2926 2033 3018 doctrino,

661 3043 901 3134 cumprimum
928 3040 1077 3112 scribere
1104 3044 1228 3135 coepit,
1255 3053 1328 3113 erat
1344 3044 1479 3113 omnino
1496 3040 1669 3128 mediocri,
1695 3039 1884 3132 intelligens
1911 3050 2034 3135 quanta

660 3159 714 3226 vis
742 3176 928 3228 consensus
964 3153 1050 3226 illius
1078 3159 1223 3227 omnium
1257 3155 1485 3230 Ecclesiarum
1523 3166 1633 3242 esset,
1660 3158 1800 3246 negavit
1825 3155 2034 3250 impudenter

659 3265 796 3362 probari
827 3270 991 3365 quidpiam
1022 3270 1129 3342 simile
1159 3293 1273 3365 posse.
1331 3273 1541 3364 Argumenta
1575 3269 1693 3366 quibus
1718 3267 1930 3368 παράδοξον
1954 3271 2034 3344 illud

660 3405 753 3454 suurn
785 3385 1015 3475 confirmaret,
1049 3385 1139 3456 nulla
1165 3384 1317 3480 protulit:
1349 3389 1379 3460 si
1414 3409 1512 3458 unum
1546 3389 1752 3481 excipimus,
1789 3408 1854 3480 quo
1886 3390 2033 3459 maxime

659 3497 860 3594 triumphare
887 3499 950 3571 sibi
976 3503 1070 3572 visus
1098 3511 1161 3592 est,
1187 3499 1425 3593 negligentiam
1453 3501 1582 3573 scilicet
1608 3502 1816 3575 Graecorum
1843 3511 1878 3572 et
1905 3500 2032 3574 Orien-

659 3615 791 3702 talium,
830 3619 864 3686 in
899 3615 1100 3688 celebranda
1133 3627 1190 3688 ant
1224 3617 1393 3690 servanda
1427 3615 1653 3689 Eucharistia:
1693 3630 1728 3689 ut
1764 3621 1909 3690 omnium
1946 3640 2032 3711 quae

659 3729 1036 3804 Transubstantiationis
1071 3732 1168 3804 fidem
1211 3741 1392 3827 sequuntur
1436 3735 1651 3805 omissionem
1686 3745 1742 3804 aut
1776 3734 2030 3824 ignoradouem.

661 3847 767 3932 Quam
793 3845 881 3918 falso
908 3844 991 3920 haec
1018 3847 1230 3919 affirmaverit
1260 3870 1307 3919 ex
1333 3847 1415 3920 solis
1441 3848 1640 3935 ltinerariis,
1677 3858 1733 3918 aut
1764 3847 2031 3918 contentissimis

660 3960 842 4050 autoribus,
870 3961 948 4033 alibi
973 3962 1148 4055 probatum
1177 3972 1237 4034 est.
1272 3961 1400 4033 Verum
1436 3961 1701 4056 quandoquidem
1735 3984 1870 4034 causam
1905 3964 2032 4033 uicisse

659 4074 893 4166 arbitrabatur,
921 4081 950 4150 si
977 4077 1051 4148 talis
1078 4086 1182 4166 esset,
1209 4076 1342 4172 qualem
1369 4081 1442 4172 ipse
1467 4077 1573 4166 linxit,
1601 4075 1817 4148 Orientalium
1844 4076 2030 4172 disciplina,

659 4189 723 4262 boc
750 4201 803 4263 est
828 4192 928 4281 nulla,
956 4195 1164 4264 autoritatem
1191 4214 1363 4265 sacrorum
1390 4192 1523 4264 Rituum
1548 4195 1699 4264 incautus
1713 4203 1748 4262 et
1775 4195 1897 4263 invitus
1916 4212 2031 4282 agno-

660 4307 717 4376 vit
745 4306 899 4378 Nondum
925 4306 1091 4402 explicata
1119 4310 1200 4380 satis
1227 4318 1301 4380 erat
1326 4307 1412 4379 illius
1432 4311 1683 4381 controversiae
1708 4329 1800 4402 pars,
1828 4329 1903 4378 oum
1921 4305 2031 4380 Clau-

660 4422 733 4492 dius
759 4423 890 4514 gloriae
923 4433 1027 4512 satur,
1063 4447 1082 4493 a
1118 4423 1296 4495 scribendo
1332 4427 1541 4518 conquievit:
1574 4433 1674 4518 atque
1701 4422 1787 4494 adeo
1814 4420 2029 4516 probationes

659 4557 705 4606 ex
730 4534 860 4609 Ritibus
886 4541 1024 4634 petitae,
1049 4541 1194 4611 intactae
1220 4537 1284 4609 buc
1310 4559 1417 4633 usque
1442 4549 1704 4634 permanserunt.
1731 4537 1835 4608 Pauci
1862 4539 1935 4628 ejus
1962 4537 2029 4609 ad-

658 4654 832 4724 miratores
866 4664 922 4724 aut
957 4653 1126 4748 discipuli,
1162 4676 1260 4748 qnam
1296 4653 1550 4749 disputationem
1583 4653 1811 4749 imperfectam
1837 4653 2030 4746 reliquerat,

660 4768 849 4856 attigerunt,
882 4790 1003 4862 nempe
1036 4791 1110 4838 cum
1143 4780 1340 4860 argumenta
1372 4792 1418 4841 ex
1443 4771 1540 4842 Actis
1567 4780 1601 4842 et
1625 4769 1786 4864 Epistolis
1820 4791 1866 4839 ex
1893 4766 2029 4839 Oriente

659 4884 862 4954 transmissis
890 4893 923 4954 et
950 4904 1036 4976 quae
1062 4878 1135 4954 111⁰.
1163 4883 1333 4956 volumine
1359 4888 1568 4956 continentur
1592 4887 1708 4979 petita,
1734 4892 1892 4972 opertere
1919 4886 2030 4956 conati

660 5005 744 5068 sunt.
771 4995 971 5070 Fredericus
998 4997 1131 5092 quidem
1156 4998 1375 5096 Spanbemius
1390 5001 1552 5073 Actorum
1579 5000 1710 5073 illorum
1737 5002 1947 5070 autoritatem
1959 5001 2029 5070 im-
