4778 6034
395 601 446 676 DE
461 598 718 676 titubaldum
734 595 988 674 ORlllNThLlUll
1007 595 1157 674 ORlGlNll
1174 597 1221 672 ET
1234 595 1483 674 bUTORleTE.
1545 591 1638 667 LVII

265 789 333 862 suis
358 789 530 876 inserere,
557 805 643 878 quae
668 785 702 854 in
727 804 826 856 unam
853 790 886 853 et
913 783 998 856 ultra
1024 783 1192 856 homiuum
1217 785 1409 854 memoriam
1442 785 1638 878 antiquissi-

264 925 351 977 mam
377 902 520 974 formam
546 898 773 971 conveniunt?
808 898 856 970 At
882 899 1111 994 quodcumque
1144 898 1277 970 taudem
1308 898 1566 971 Protcstantium
1597 900 1638 970 sit

264 1019 306 1091 de
331 1015 490 1109 Liturgiis
514 1015 688 1106 judicium,
715 1015 793 1108 quiu
822 1036 868 1085 ex
893 1014 956 1086 illis
970 1013 1053 1088 lides
1076 1013 1290 1086 Orientalium
1304 1013 1530 1086 Ecclesiamm
1546 1022 1638 1084 carto

265 1133 413 1206 eliciatur
439 1133 556 1222 negari
583 1151 650 1200 nou
677 1137 805 1224 potest,
834 1131 933 1200 etiam
961 1133 990 1202 si
1015 1132 1183 1202 nesciatur
1210 1152 1229 1201 a
1257 1127 1374 1224 quihus
1391 1133 1535 1224 scriptae
1563 1133 1637 1202 sint.

264 1248 389 1321 Vemm
420 1255 456 1318 ut
486 1243 705 1334 Lutberauis,
731 1243 935 1333 Helveticis,
961 1245 1177 1346 Anglicanis,
1207 1243 1462 1318 Genevcusibus
1499 1243 1638 1318 Cocuaa

265 1362 488 1436 celebrandae
513 1356 646 1450 formis,
672 1380 740 1432 non
766 1382 812 1431 ex
838 1369 988 1432 automm
1015 1363 1149 1433 nomine
1165 1371 1377 1456 comparatur
1395 1363 1567 1450 autoritas,
1595 1359 1638 1430 ad

265 1477 470 1575 probandam
497 1476 628 1549 illorum
654 1478 709 1569 qui
734 1473 798 1548 illis
824 1484 973 1565 utuntur,
999 1477 1118 1567 iidem,
1145 1476 1206 1550 sed
1239 1499 1285 1547 ex
1311 1498 1373 1546 usu
1400 1487 1434 1546 ct
1460 1474 1637 1571 approba-

265 1600 367 1685 tione,
394 1597 439 1666 ita
462 1593 505 1664 de
521 1591 744 1664 Orientalibus
757 1590 916 1684 Liturgiis
938 1590 1143 1664 statuendum
1170 1601 1240 1680 est3
1268 1613 1341 1662 cum
1367 1590 1513 1663 habeant
1531 1612 1638 1686 prae-

265 1721 357 1782 terea
393 1707 705 1781 commendatricem
739 1707 911 1802 longinqui
941 1709 1099 1803 temporis
1134 1709 1377 1801 antiquitatem,
1417 1727 1515 1801 quam
1554 1705 1639 1778 aliae

264 1848 331 1898 nou
357 1823 490 1897 hahent.

370 1939 547 2012 Orationes
582 1959 685 2034 porro
712 1937 807 2028 illae,
835 1961 933 2033 quam
959 1939 1136 2033 perspicue
1163 1937 1301 2009 faveant
1336 1935 1530 2010 Catholicae
1562 1937 1638 2009 Ec·
1668 1957 1963 2015 oracioneseonumna

266 2057 389 2129 clasiae
423 2053 569 2149 placitis,
600 2053 657 2124 val
691 2075 733 2124 ao
768 2053 843 2126 solo
871 2052 1126 2142 demonstratur,
1154 2052 1242 2146 quod
1269 2051 1311 2124 de
1337 2051 1401 2124 illis
1427 2074 1472 2122 ne
1498 2049 1638 2124 verburm
1653 2045 1785 2099 5⁰⁰¹⁰⁵l⁰⁰
1804 2045 1960 2100 carneum.

267 2171 397 2265 quidem
428 2170 571 2240 fecerint
596 2168 844 2256 Protestantes,
880 2190 954 2240 cum
981 2168 1151 2238 tamenin
1186 2165 1327 2242 Graecis
1355 2176 1389 2239 et
1414 2169 1447 2238 in
1476 2165 1637 2264 Copticis,

186 2303 191 2314 ·
265 2285 538 2379 Aethiopicisquo
571 2282 729 2374 Liturgiis
764 2305 850 2378 quae
882 2291 958 2354 ante
991 2283 1104 2377 plures
1131 2303 1239 2354 anuos
1265 2282 1386 2354 Latiae
1413 2281 1522 2354 editae
1549 2291 1636 2372 suut,

266 2400 396 2493 legatur
423 2397 603 2472 Confessio
639 2398 734 2489 fidei,
767 2397 809 2470 de
845 2421 910 2492 qua
944 2418 1027 2469 mox
1062 2395 1223 2488 diximus,
1250 2407 1327 2470 aute
1354 2406 1638 2471 sacramentorum

266 2515 526 2611 susceptionem:
563 2523 663 2610 atque
681 2512 783 2585 ·adeo
825 2515 974 2606 ignorari
1007 2532 1074 2583 non
1109 2516 1276 2608 potuerint
1317 2513 1359 2586 ab
1388 2514 1470 2606 illis,
1505 2517 1559 2610 qui
1592 2535 1639 2584 ex

266 2628 461 2728 quibusdam
488 2629 616 2701 illamm
642 2628 726 2700 locis
757 2631 904 2723 pessime
931 2631 1174 2723 interpretatis,
1208 2626 1469 2721 objectiunculas
1497 2632 1638 2725 quaesi-

265 2754 393 2818 venmt.
430 2742 582 2816 Officium
615 2746 690 2816 sive
723 2741 927 2818 ἀκολουθία
961 2751 1020 2839 τῆς
1045 2740 1148 2842 ἁγίας
1173 2739 1421 2843 putclq'apaaac,
1454 2748 1487 2816 in
1519 2743 1638 2816 Horo-

266 2859 357 2953 logio
387 2857 595 2932 Graecorum
622 2888 643 2930 a
671 2860 820 2932 ducentis
849 2863 943 2932 aunis
969 2859 1134 2932 multoties
1161 2859 1284 2932 editum
1311 2869 1374 2952 est,
1401 2863 1433 2932 in
1462 2883 1527 2956 quo
1543 2859 1638 2956 plura

267 2979 364 3048 etiam
392 2979 614 3064 continentur,
642 2984 676 3047 et
702 2975 744 3047 de
761 2997 803 3048 eo
832 2996 963 3070 quoque
981 2997 1136 3068 magnum
1154 2987 1205 3050 est
1229 2977 1403 3052 silentium.
1430 2977 1478 3049 At
1503 2979 1638 3068 ingenio

267 3101 299 3164 et
324 3089 504 3165 subtilitate
538 3112 638 3163 nemo
671 3093 752 3164 satis
787 3090 909 3182 valuit,
936 3101 972 3162 ut
999 3115 1084 3188 quaa
1111 3096 1288 3189 perspicua
1324 3103 1400 3166 sunt
1432 3095 1467 3164 in
1498 3091 1640 3164 ahenam

266 3227 405 3301 prorsus
433 3206 708 3298 significationem
735 3215 939 3278 avertantur.
966 3207 1053 3279 Nam
1080 3207 1173 3280 side
1201 3211 1334 3303 antiqua
1352 3208 1494 3280 formula
1509 3207 1641 3300 Corpus

268 3321 403 3394 Christi.
431 3323 558 3409 Amen,
595 3343 695 3394 ausus
731 3331 783 3392 est
808 3343 937 3413 negare
963 3321 1176 3413 Albertbrus,
1213 3346 1287 3395 eam
1313 3323 1357 3395 ad
1384 3329 1640 3410 sacramentum,

268 3437 354 3532 quod
387 3436 484 3512 simul
518 3434 760 3531 praebebatur,
795 3459 873 3511 esse
900 3437 1131 3528 referendam,
1158 3441 1238 3512 satis
1265 3461 1433 3534 superque
1460 3461 1506 3510 ex
1533 3437 1640 3509 disci-

267 3552 354 3647 plina
390 3550 570 3641 refellitur,
602 3575 677 3624 cum
710 3551 874 3648 Aegyptii
907 3555 941 3623 in
975 3549 1106 3623 Graeca
1140 3574 1213 3642 sua,
1248 3563 1284 3624 ut
1310 3555 1410 3625 etiam
1436 3557 1470 3625 in
1498 3549 1638 3647 Coptica

267 3669 435 3760 Liturgia,
476 3689 517 3738 ea
550 3666 657 3739 verba
689 3673 959 3762 pronuntiantes,
993 3666 1170 3738 ostendant
1204 3667 1300 3738 simul
1338 3671 1372 3740 in
1412 3668 1505 3740 disco
1542 3687 1640 3740 sacro

267 3783 494 3856 Eucharistiae
541 3781 752 3878 particulam,
797 3785 863 3855 imo
909 3784 943 3853 in
990 3780 1257 3853 Ordinationibus
1294 3781 1573 3872 sacerdotalibus,
1608 3792 1642 3852 et

267 3895 536 3994 Episcopalibus,
572 3919 645 3968 eam
671 3901 703 3968 in
734 3920 833 3968 manu
868 3897 1090 3968 ordinatomm
1130 3896 1311 3987 collocant,
1347 3897 1423 3969 dum
1460 3897 1640 3972 Confessio

231 4021 233 4032 ⁴
269 4009 458 4109 syllabatim
485 4010 526 4082 ab
555 4010 737 4084 Ordinante
764 4015 963 4104 suggeritur.

370 4126 501 4221 Nempe
537 4129 690 4221 wamiis
734 4126 809 4199 talis
850 4126 1046 4200 Oratiouum
1084 4133 1303 4227 perspicuitas
1339 4135 1399 4222 sit,
1434 4144 1470 4203 ut
1501 4130 1542 4204 ab
1577 4131 1640 4202 illis
1672 4149 1965 4218 significationemve-

269 4243 496 4336 pronuuciari,
524 4246 578 4336 qui
604 4241 730 4315 realem
756 4247 1062 4316 transmutationem
1093 4249 1257 4338 rejiciunt,
1289 4246 1474 4320 nullatcnus
1500 4249 1640 4343 possint,
1653 4238 1745 4335 ¹³⁰f¹¹³¹
1760 4239 1878 4338 'pronun
1899 4242 1965 4292 '¹⁸¹¹'

271 4357 541 4450 significationem
577 4368 688 4429 tamen
721 4356 850 4430 illarum
885 4358 1080 4431 detemninat
1114 4361 1308 4457 disciplinae
1340 4367 1437 4452 ratio,
1473 4387 1515 4434 ea
1542 4385 1639 4458 quam
1654 4324 1776 4389 “mm''

269 4471 440 4565 Liturgiac
465 4483 725 4569 repraesentant.
752 4475 872 4570 Neque
899 4478 932 4546 br
957 4475 1013 4546 illa
1030 4476 1136 4549 solum
1156 4488 1251 4573 parte
1265 4502 1351 4574 quae
1367 4477 1640 4552 communionem

270 4597 409 4684 spectat,
436 4588 497 4659 sed
523 4591 558 4660 in
584 4588 736 4661 omuibus
763 4589 849 4680 abis,
876 4589 950 4662 talis
983 4591 1038 4662 illa
1066 4601 1136 4683 est,
1163 4603 1199 4665 ut
1226 4593 1389 4667 adversus
1417 4603 1553 4666 coactas
1581 4597 1639 4665 iu-

270 4709 525 4799 terpretationes
560 4726 676 4778 omues
717 4705 790 4778 sola
832 4705 980 4778 sufficiat.
1033 4704 1250 4802 Praeparatio
1282 4713 1378 4805 panis
1411 4708 1641 4801 Eucharistici,

270 4839 494 4914 vasorumque
529 4841 718 4909 sacromm,
750 4825 925 4894 veneratio
953 4821 1192 4894 elementorum
1219 4827 1316 4896 etiam
1350 4835 1524 4921 autequam
1552 4848 1641 4899 con-

272 4945 455 5026 secrentur,
482 4939 559 5031 quia
584 4956 665 5007 mox
691 4937 939 5009 transmutanda
967 4945 1042 5010 sunt
1064 4940 1096 5009 in
1117 4960 1240 5034 corpus
1257 4950 1292 5011 et
1308 4945 1502 5032 sauguhrem
1520 4941 1643 5015 Christi

270 5049 419 5123 Domini:
452 5051 613 5144 religiosa
647 5055 869 5148 pronuntiatio
904 5055 977 5146 ejus
1012 5051 1213 5145 verbumm,
1255 5077 1329 5127 cum
1364 5060 1642 5130 circumstantium

319 5189 434 5232 romu
956 5231 960 5236 .
1408 5172 1433 5244 8
