4778 6034
1262 629 1639 710 Dtssnurlrlo

1308 1135 1494 1220 titur
1538 1135 1578 1220 ll.

769 1356 857 1445 (tort
880 1357 1093 1430 ecrtrtmtttm
1117 1360 1220 1430 statui
1241 1361 1352 1454 possit
1377 1358 1420 1429 dc
1452 1364 1601 1454 tempore
1627 1377 1692 1454 pao
1718 1358 1869 1449 scriptae
1894 1363 1972 1430 aaut
1999 1358 2127 1432 Oricrr-

1297 1473 1382 1546 lolcs
1407 1474 1595 1572 hitorpius.

465 1713 708 1770 incruentorum
722 1715 755 1770 de
825 1685 1011 1816 Quamnam
1037 1712 1245 1786 obscuritatis
1271 1713 1373 1784 sitin
1399 1731 1441 1782 cs
1468 1707 1510 1782 de
1536 1733 1601 1804 qna
1627 1732 1714 1783 nunc
1734 1711 1898 1804 agendum
1925 1724 1988 1804 est,
2016 1739 2126 1811 qnae-

447 1807 562 1956 ,Ἕξζξ
579 1808 754 1945 {ww
767 1833 876 1906 stione
903 1827 1111 1924 explicanda,
1137 1851 1223 1923 quae
1248 1826 1312 1899 huc
1337 1847 1443 1920 usquc
1466 1824 1607 1901 diximus
1634 1829 1714 1901 satis
1728 1827 1911 1902 ostendunt
1938 1829 2024 1904 Tres
2040 1856 2126 1908 vero

354 2013 361 2024 .
447 1973 515 2040 gae.
768 1944 810 2018 de
836 1969 879 2019 co
906 1955 1099 2036 argumento
1128 1947 1301 2040 opiniones
1333 1953 1417 2017 sunt
1460 1940 1571 2014 Prima
1602 1963 1718 2015 eornm
1751 1947 1807 2039 qni
1840 1944 1978 2038 iacchi,
2011 1946 2127 2024 Basilii

767 2072 802 2135 et
834 2060 1066 2158 chrysostomi
1099 2060 1267 2153 hitnrgias
1300 2058 1342 2132 ah
1377 2058 1442 2132 illis
1475 2058 1591 2153 quihus
1626 2059 1843 2132 attribuuntm
1874 2065 2014 2158 scriptas
2047 2085 2125 2138 csse

766 2177 977 2268 contendunt,
1009 2199 1116 2273 eaque
1148 2178 1329 2248 communis
1365 2185 1418 2248 est
1451 2173 1654 2248 Graecorum
1688 2179 1850 2268 omnium,
1885 2189 1918 2250 ct
1950 2179 2124 2253 multorum

767 2291 1011 2366 catholicorum
1044 2295 1215 2367 sententia.
1262 2289 1417 2364 Secunda
1449 2290 1578 2364 illorum
1609 2294 1665 2387 qui
1691 2294 1832 2387 scriptas
1858 2317 1879 2365 a
1905 2299 2123 2370 sanctissimis

765 2409 829 2484 illis
856 2413 939 2482 viris
967 2409 1058 2482 credi
1084 2408 1212 2498 volunt,
1238 2406 1299 2480 set
1325 2429 1392 2480 non
1420 2408 1552 2479 omnino
1579 2405 1694 2503 quales
1722 2406 1764 2479 ad
1789 2428 1852 2480 nos
1886 2420 2124 2504 pervencmmt,

765 2546 840 2596 curn
870 2547 936 2597 non
971 2548 1078 2621 pauca
1115 2523 1357 2620 posterioribus
1390 2521 1532 2601 saeculis
1568 2522 1678 2595 addita
1708 2521 1848 2614 luerim,
1884 2535 1917 2595 et
1950 2525 2125 2620 quamdam

765 2643 830 2714 sint
854 2641 1140 2737 interpolationem
1171 2661 1311 2737 passae:
1344 2641 1390 2712 ita
1416 2638 1521 2712 ferme
1559 2621 1740 2730 Bononiae,
1765 2639 1981 2714 Bellarminus
2010 2652 2043 2714 et
2069 2643 2125 2716 alii

764 2766 817 2829 sat
850 2757 949 2830 munti.
993 2756 1107 2829 Tertia
1142 2756 1275 2828 undem
1295 2765 1342 2827 ιιι
1375 2759 1519 2828 omnium
1552 2758 1720 2827 teterrima
1753 2760 1915 2828 sententia
1948 2767 2011 2846 est,
2037 2759 2123 2833 falso

763 2873 837 2946 illas
873 2896 951 2947 csse
985 2875 1067 2946 viris
1101 2875 1225 2946 sanctis
1252 2870 1458 2967 adscriptas,
1485 2893 1610 2966 easque
1637 2892 1714 2944 esse
1741 2875 1978 2968 supposititias,
2007 2873 2124 2965 salsas,

765 3000 863 3084 atque
889 2988 974 3062 adeo
1001 2989 1120 3062 nullius
1154 2992 1188 3061 in
1221 2985 1406 3079 Theologia
1440 2988 1632 3059 autoritatis.
1674 2986 1723 3059 Ita
1756 2987 1860 3080 vulgo
1894 2989 2123 3064 Protcstantes

763 3127 891 3196 omnes
927 3129 1010 3201 qnos
1044 3104 1174 3201 quidam
1200 3103 1361 3178 Catholici
1388 3106 1493 3176 secuti
1527 3112 1613 3192 sunt,
1645 3123 1712 3174 non
1738 3106 1919 3176 munemita
1945 3115 1981 3176 ut
2007 3127 2123 3196 agno-

764 3205 884 3312 verint,
912 3221 988 3296 dolo
1016 3223 1103 3294 malo
1130 3220 1288 3294 confictas
1324 3219 1397 3292 illas
1424 3239 1514 3307 esse,
1549 3228 1584 3291 at
1616 3229 1770 3313 tanquam
1803 3221 1930 3291 amanio
1957 3220 2121 3294 frumento

764 3336 927 3411 dominico
954 3341 1232 3435 superseminata:
1262 3336 1337 3408 illas
1363 3347 1473 3406 tanum
1499 3338 1672 3407 autoritate
1706 3334 1761 3407 illa
1801 3358 1865 3430 qua
1898 3337 2123 3410 commendari

765 3451 888 3526 Graeci
914 3476 973 3526 eas
1000 3452 1127 3543 volunt,
1154 3453 1290 3549 spoliari
1315 3450 1415 3523 facilc
1439 3455 1532 3547 passi
1557 3451 1723 3525 videntur.

478 3605 618 3663 empnam
633 3608 752 3664 rernm
870 3571 959 3644 Inter
985 3591 1044 3643 eos
1071 3571 1126 3666 qui
1151 3568 1354 3664 prudentius,
1381 3577 1415 3639 et
1441 3569 1624 3640 accuratius
1652 3567 1694 3641 da
1719 3567 1783 3640 illis
1806 3568 2004 3660 judicarunt,
2028 3568 2122 3642 Car-

439 3691 569 3759 judicium.
763 3685 881 3760 dinalis
908 3686 1087 3760 Perronius
1112 3683 1185 3775 luit,
1211 3685 1287 3756 dum
1304 3682 1522 3776 conjectando
1550 3694 1724 3757 assecutus
1749 3694 1811 3773 est,
1839 3707 1914 3755 eam
1941 3708 2027 3779 quae
2053 3685 2121 3758 Ja-

763 3803 838 3877 cohi
864 3803 991 3894 dicitnr,
1017 3793 1121 3876 luisse
1147 3799 1472 3897 Hierosolymitanac
1496 3800 1672 3874 Ecclesiae
1697 3803 1884 3897 propriam:
1912 3823 1997 3895 quae
2015 3798 2121 3873 lllarci

761 3918 1027 3992 Alexandrinae:
1054 3915 1168 3990 Basilii
1195 3928 1228 3989 ct
1255 3915 1485 4012 chrysostomi
1509 3916 1734 3990 Ecclesiarnm
1763 3915 2008 3988 Patriarchatns
2023 3916 2121 3990 Con-

763 4034 1040 4129 santinopolitani.
1079 4032 1131 4105 Ea
1157 4035 1286 4105 ratione
1312 4031 1437 4106 fraudis
1464 4036 1570 4106 omnis
1598 4037 1744 4129 suspicio
1769 4054 1907 4129 prorsus
1935 4035 2121 4122 evanescit,

763 4161 798 4224 et
821 4150 943 4222 frustra
975 4158 1050 4222 sunt
1084 4152 1346 4243 impugnatorum
1381 4146 1639 4224 Ecclesiasticus
1672 4147 1863 4245 disciplinae
1898 4147 2121 4222 calumniosae

763 4267 995 4354 divinationes
1021 4287 1085 4337 noc
1111 4263 1174 4337 illis
1200 4264 1417 4337 incommodis
1444 4262 1574 4336 laborat
1598 4263 1681 4336 haec
1697 4266 1859 4337 sententia
1886 4286 1971 4359 quae
1997 4264 2120 4336 irraliis

763 4384 909 4454 maxima
934 4389 1018 4454 sunt.
1045 4379 1093 4452 lta
1118 4401 1185 4452 non
1212 4382 1274 4452 erit
1299 4379 1503 4473 litigandum,
1531 4383 1603 4475 quis
1629 4379 1736 4472 hujus,
1761 4380 1820 4453 val
1845 4379 1931 4454 illius
1950 4380 2119 4472 Litrugiae

763 4507 857 4570 autor
881 4496 1000 4587 luerit,
1027 4520 1047 4569 a
1073 4517 1137 4592 quo
1172 4495 1275 4570 literis
1302 4500 1497 4589 consignata
1532 4499 1594 4586 sit;
1620 4518 1663 4568 an
1689 4519 1742 4586 ea,
1769 4518 1855 4591 quac
1882 4494 2024 4572 saeculis
2052 4518 2118 4566 au-

760 4624 867 4687 torum
910 4613 1026 4708 ‹prihus
1061 4611 1286 4686 adscrihnntnr
1318 4615 1538 4705 conveniant,
1570 4621 1815 4708 repraesentet,
1847 4635 1890 4684 an
1922 4614 2119 4684 mutationes

762 4731 887 4824 aliquot
911 4749 1012 4825 passa
1038 4733 1090 4802 sit.
1133 4728 1272 4803 Constet
1302 4728 1402 4803 modo
1435 4727 1533 4801 talem
1564 4726 1747 4822 Liturgiam
1781 4731 1952 4800 continere
1978 4726 2117 4801 formam

761 4844 988 4918 Eucharistiae
1013 4845 1272 4938 consecrandae,
1299 4868 1385 4941 quaa
1422 4843 1575 4916 smaltis
1603 4843 1744 4920 saeculis
1776 4855 1932 4942 usurpata
1963 4847 1997 4916 in
2029 4844 2119 4915 insi-

762 4961 881 5057 gnibus
906 4959 1068 5034 Ecclesiis
1093 4958 1204 5051 luerit,
1230 4962 1324 5038 salva
1339 4970 1392 5035 est
1405 4962 1477 5053 ejus
1493 4959 1634 5054 dignitas
1661 4968 1695 5033 et
1720 4963 1888 5034 autoritas.
1914 4960 2003 5034 Usus
2029 4961 2117 5030 enim

762 5078 889 5152 illarum
916 5073 1141 5152 Ecclesiamm
1168 5079 1224 5173 qui
1248 5075 1311 5149 huc
1335 5099 1441 5176 usqne
1466 5079 1581 5172 viget,
1612 5086 1648 5150 ut
1674 5087 1785 5155 certus
1812 5087 1876 5170 est,
1903 5076 1988 5150 adeo
2014 5084 2051 5147 nt
2074 5095 2118 5146 ne
