4670 6046
624 449 665 524 IN
690 445 897 524 thllllGlAll
924 443 1103 523 attauhu
1130 446 1160 522 S.
1186 445 1329 521 RASlLll.
1420 459 1422 466 ’
1573 443 1649 517 319

283 633 336 699 sed
360 632 539 715 plerumque
560 638 647 696 recte
669 640 700 695 et
722 631 867 709 fideliter,
890 638 922 694 ut
943 631 1094 712 interpres
1117 630 1204 712 hujus
1227 627 1379 692 Graecae:
1403 627 1551 692 hlaronita
1573 647 1651 710 pes-

283 733 366 795 sime.
415 731 472 793 Uhr'
491 739 604 794 mentes
625 739 763 794 cestrae:
786 749 852 794 cum
875 733 904 794 in
927 732 1039 794 nostris
1063 730 1235 808 codicibus,
1264 729 1385 812 Regiis,
1415 727 1596 794 colbertinis
1619 737 1652 794 et

282 831 348 893 aliis
371 829 507 914 legatur,
537 830 651 894 becole
680 832 776 894 cordo
805 839 922 893 cestro:
952 837 982 893 et
1008 830 1084 894 Sunt
1113 831 1196 910 opud
1216 829 1390 907 Dominum,
1421 846 1500 909 quae
1527 827 1652 892 Graecis

282 927 354 992 satis
377 930 574 1012 respondent.
625 930 742 993 Deinde
772 930 851 994 idem
880 930 1027 994 Maronita
1057 930 1225 994 orationem
1253 929 1293 991 ita
1324 929 1481 1010 pervertit.
1533 927 1651 1009 Dtpnus

282 1036 328 1092 est
348 1037 378 1092 et
390 1032 508 1110 justam,
533 1032 586 1111 put
601 1038 762 1111 permonet
778 1031 936 1112 princeps,
958 1037 1064 1093 contra
1080 1027 1225 1092 Graecam
1247 1037 1278 1091 et
1301 1026 1459 1108 Copticam
1478 1026 1648 1104 lectionem,

284 1147 362 1210 quae
385 1139 418 1192 ut
440 1129 518 1210 apud
541 1147 645 1193 omnes
667 1128 820 1192 Ecclesiae
842 1131 883 1192 ita
905 1129 1017 1210 incipit.
1062 1129 1191 1208 Dignum
1213 1136 1243 1190 et
1255 1130 1371 1208 justum
1393 1136 1455 1204 est,
1477 1136 1532 1194 etc.

254 1221 261 1236 ‘
368 1228 516 1292 Praelatio
540 1236 657 1308 autem,
680 1235 711 1292 ut
732 1227 825 1312 vulgo
848 1219 1009 1306 vocamus,
1037 1228 1141 1290 eadem
1164 1227 1312 1311 significat
1333 1229 1364 1290 in
1386 1227 1522 1290 omnibus
1544 1227 1648 1290 Litur-

281 1330 358 1411 gicis
382 1328 485 1392 officiis
508 1337 539 1390 et
561 1327 591 1389 in
613 1327 723 1409 hymno
746 1325 896 1412 Angelieo
918 1327 1042 1390 desinit:
1071 1327 1109 1390 de
1137 1345 1197 1407 qua
1220 1345 1285 1389 eum
1308 1326 1345 1390 ad
1368 1324 1523 1407 Copticam
1545 1326 1647 1390 Basilii

281 1428 447 1512 liturgiam
470 1426 579 1490 dictum
602 1428 655 1504 sit,
677 1427 749 1490 nihil
771 1436 911 1510 superest
933 1426 1077 1510 singulari
1100 1426 1314 1490 observatione
1338 1426 1469 1509 dignum.

412 1685 526 1764 Τοῦτό
552 1691 625 1764 ἐστι
651 1687 693 1762 cd
720 1686 825 1784 σῶμά
850 1716 934 1784 μου.
987 1689 1064 1760 Hoc
1091 1695 1142 1760 est
1168 1711 1293 1782 corpur
1317 1711 1433 1778 maora,
1461 1695 1524 1761 etc.

368 1899 461 1976 Hace
483 1917 532 1972 est
555 1908 797 1990 frequentissima
818 1909 979 1972 verborum
995 1909 1105 1974 Christi
1128 1907 1418 1990 pronunciandomm
1441 1907 1547 1987 forma,
1571 1927 1650 1992 qua-

283 2013 353 2076 liter
375 2013 487 2096 legitur
508 2012 539 2075 in
563 2011 717 2094 Gregorii,
740 2011 894 2092 Marcique
917 2013 1040 2076 Graecis
1062 2011 1222 2094 Liturgiis,
1247 2019 1280 2075 ut
1302 2013 1390 2076 etiam
1410 2009 1558 2094 Copticis:
1581 2032 1649 2076 nam

285 2115 435 2176 nescimus
459 2130 517 2193 qua
539 2112 656 2174 ratione
679 2111 825 2173 Maronita
847 2111 997 2194 interpres
1020 2120 1124 2174 contra
1147 2112 1277 2175 omnium
1298 2110 1442 2175 librorum
1464 2112 1552 2176 iidem
1574 2130 1649 2176 ver-

282 2215 370 2292 terit,
401 2213 482 2294 quod
500 2231 558 2290 pro
581 2211 681 2272 multis
702 2211 857 2286 medetur,
886 2219 917 2272 et
933 2231 993 2290 pro
1014 2211 1115 2273 multis
1135 2211 1276 2274 dubitur:
1306 2229 1372 2274 cum
1400 2210 1550 2275 Arabicae
1574 2231 1650 2275 ver-

287 2314 389 2376 siones
411 2329 518 2374 vocem
539 2309 669 2373 habeant
691 2327 768 2391 quae
790 2307 832 2393 τῇ
852 2295 1011 2387 stupeam
1033 2319 1174 2373 accurate
1202 2311 1383 2392 respondet,
1413 2318 1445 2372 ut
1474 2313 1563 2374 etiam
1586 2311 1650 2376 Co-

283 2413 383 2491 ptica,
407 2410 461 2474 sed
484 2411 568 2492 quus
591 2411 735 2472 rationem
758 2426 818 2470 non
846 2409 948 2471 habuit
972 2409 1003 2470 in
1032 2417 1095 2474 toto
1122 2410 1378 2490 interpretationis
1405 2428 1480 2474 suae
1508 2410 1647 2477 decursu.

285 2511 318 2572 ln
341 2510 447 2573 eadem
470 2509 593 2591 Coptica
617 2509 750 2590 liturgia
772 2509 967 2592 interjicitur,
989 2510 1101 2588 Amen,
1124 2511 1154 2572 in
1177 2510 1329 2592 plerisque
1353 2510 1531 2590 Codicihus,
1561 2519 1594 2574 ut
1617 2513 1649 2576 in

284 2608 417 2685 Graeca3
441 2608 496 2671 sed
518 2610 549 2671 in
571 2609 628 2671 ista
651 2607 723 2670 nihil
745 2607 862 2671 Graece
885 2609 1023 2690 adjicitur
1048 2615 1119 2691 post
1142 2608 1254 2673 Christi
1275 2609 1383 2674 verba:
1417 2610 1455 2673 ad
1482 2612 1649 2694 marginem

288 2708 414 2789 Coptica
437 2708 562 2789 legitur:
584 2707 650 2770 Hoc
672 2715 718 2769 cst
738 2709 770 2768 in
791 2710 839 2769 rei
859 2711 994 2770 oemtote.
1017 2709 1060 2771 lta
1081 2709 1112 2771 in
1135 2708 1248 2789 aliquot
1270 2708 1446 2772 Codicibus:
1470 2717 1500 2772 et
1514 2711 1650 2774 nonnulli

286 2807 415 2870 addunt:
440 2806 539 2868 Credo
561 2807 620 2869 hoc
641 2807 673 2868 in
698 2808 826 2868 caritate
855 2809 900 2870 tto
927 2827 1002 2872 csse.
1057 2809 1139 2871 Hanc
1168 2808 1292 2871 breuem
1321 2808 1391 2872 fidei
1420 2808 1650 2873 Confessionem

283 2909 372 2970 unico
395 2905 489 2968 Amen
511 2905 641 2984 includi,
671 2905 784 2968 veteris
807 2904 968 2970 Ecclesiae
996 2907 1165 2988 exemplum
1194 2909 1365 2972 confirmat:
1394 2910 1526 2990 pertinet
1554 2927 1649 2990 porro

285 3007 322 3069 ad
345 3005 569 3088 agnoscendam
590 3005 747 3068 veritatem
770 3004 932 3068 verborum
954 3007 1206 3089 Evangelicorum
1234 3008 1317 3070 circa
1347 3008 1562 3091 institutionem
1584 3010 1651 3072 Eu-

285 3105 459 3180 charistiae,
483 3122 542 3186 qua
563 3105 681 3167 ratione
703 3104 789 3166 simul
813 3107 986 3169 continetur
1006 3107 1214 3170 Eucharistiae
1237 3107 1330 3184 fides,
1361 3107 1441 3188 quod
1470 3094 1651 3173 satis'vert-

285 3205 380 3268 simile
403 3212 460 3282 est,
483 3204 618 3284 quamvis
642 3203 800 3267 Confessio
822 3213 892 3268 ante
914 3206 1149 3268 communionem
1178 3205 1258 3268 illam
1286 3206 1468 3271 suliioienter
1490 3210 1649 3290 exprimat,

287 3323 345 3386 qua
368 3303 406 3366 de
429 3321 464 3365 re
487 3301 596 3364 dictum
619 3303 726 3366 estad
750 3301 903 3384 Copticam
926 3303 1099 3388 Liturgiam.
1144 3304 1192 3366 An
1215 3305 1377 3385 antiquitus
1407 3309 1540 3370 extiterit
1570 3311 1650 3391 apud

287 3401 509 3467 Alexandrinos
533 3402 607 3464 baec
637 3399 780 3479 formula,
808 3421 869 3466 non
899 3405 1019 3467 omnino
1049 3412 1163 3466 certum
1193 3411 1256 3466 est:
1286 3421 1353 3466 cum
1384 3423 1424 3467 ex
1452 3405 1650 3471 Rubricarum

286 3503 405 3566 deiectu
426 3501 505 3564 levis
528 3500 684 3564 admodum
707 3504 879 3585 conjectura
902 3503 953 3565 sit:
975 3503 1084 3567 multae
1107 3521 1215 3585 nempe
1234 3505 1443 3568 caeremoniae
1468 3507 1648 3572 observatae

285 3610 357 3667 sunt
378 3602 457 3662 inter
480 3601 628 3663 actionem
655 3619 788 3680 sacram,
819 3619 896 3683 quae
924 3603 1056 3684 scriptae
1085 3619 1146 3666 non
1175 3609 1271 3667 erant.
1317 3601 1462 3685 Copticae
1492 3607 1646 3689 Liturgiae

285 3701 410 3786 formam
434 3717 522 3779 quam
544 3698 654 3762 habent
676 3721 716 3763 ex
739 3699 862 3763 Graecis
885 3719 1080 3782 expressam,
1104 3719 1164 3764 non
1186 3703 1305 3766 noviter
1327 3706 1492 3786 accepere,
1522 3725 1589 3770 curn
1618 3707 1649 3770 id

286 3800 397 3863 iactum
420 3799 475 3878 sit,
505 3799 596 3880 paulo
619 3807 688 3880 post
709 3800 992 3863 lluhamedanorum
1013 3803 1105 3866 initia.
1149 3801 1252 3882 ltaque
1275 3803 1347 3866 nihil
1376 3805 1414 3868 de
1441 3806 1497 3868 hac
1525 3806 1649 3872 conlea-

286 3901 371 3962 sione
393 3899 495 3961 verbis
517 3897 709 3980 Evangelicis
738 3899 911 3981 subjuncta,
939 3908 1054 3963 temere
1082 3901 1200 3964 videtur
1228 3904 1433 3983 statuendum,
1462 3907 1527 3970 sive
1553 3904 1649 3971 lorma

285 4004 463 4078 spectetur,
491 3999 557 4060 sive
585 3999 773 4081 significatio.
824 4000 992 4062 Ascensum
1025 4001 1188 4064 narrationi
1221 4021 1261 4065 ex
1289 4003 1455 4088 Evangelio
1488 4013 1650 4072 contextae

286 4097 452 4177 simplicem
482 4099 575 4160 verba
602 4099 667 4179 ipsa
698 4116 772 4179 prae
795 4116 829 4161 se
851 4097 968 4162 ferunt:
998 4108 1028 4162 at
1050 4098 1269 4164 contessionem
1292 4103 1329 4166 de
1352 4104 1480 4168 veritate
1510 4109 1649 4188 corporis

287 4195 397 4259 Christi
420 4196 450 4258 in
472 4197 659 4260 Eucharistia
682 4215 742 4260 non
765 4197 944 4275 excludunt,
967 4217 1034 4262 cum
1056 4198 1234 4283 Aethiopica
1256 4202 1391 4286 Liturgia
1422 4221 1499 4284 quae
1522 4223 1562 4268 ex
1585 4205 1649 4269 Co-

286 4295 367 4374 ptica
391 4313 538 4378 expressa
561 4305 625 4376 est,
656 4288 692 4359 et'
712 4314 728 4359 a
751 4297 930 4360 Patriarchis
960 4297 1173 4364 Alexandrinis
1203 4300 1357 4382 ordinata,
1387 4310 1542 4385 utramque
1570 4325 1649 4370 con-

286 4394 386 4456 tineat.

713 4561 891 4678 Inoocctio
918 4607 1069 4702 Spiritus
1094 4614 1214 4684 sancti.

369 4793 483 4872 Novom
506 4814 536 4869 et
559 4807 678 4892 insigne
700 4809 786 4872 nobis
808 4809 885 4872 haec
899 4811 1033 4896 liturgia
1055 4825 1261 4900 argumentum
1284 4817 1486 4882 subministrat
1508 4840 1567 4903 quo
1591 4840 1648 4884 an-

287 4908 409 4990 tiquitas
432 4909 518 4993 hujus
542 4912 703 4991 orationis,
735 4931 813 4994 quae
841 4931 913 4997 prae
944 4918 1072 4981 caeteris
1096 4918 1338 5002 adprobandum
1361 4925 1647 4989 verametrealem
