4736 6064
695 563 773 638 456
812 552 819 566 “
1086 563 1244 640 RITUS
1278 562 1680 640 ORDINATIONIS

696 750 859 845 dispergit
893 771 969 821 eos:
1005 751 1080 844 quio
1117 750 1344 820 mercenarius
1385 758 1457 837 est,
1497 757 1532 818 et
1563 769 1630 820 non
1663 752 1807 844 pertinet
1843 749 1885 820 ed
1921 775 1997 823 eum
2031 752 2070 824 do

697 866 828 938 ovibus.
880 862 959 957 Ego
986 887 1058 938 sum
1085 875 1202 959 postor
1234 861 1359 936 bonus:
1393 884 1635 958 eognoscoque
1668 885 1761 935 meas
1795 873 1830 934 et
1862 875 2071 956 cognoscunt

695 1001 749 1050 me
775 1002 882 1051 mene.
1012 971 1015 978 ’
1103 1055 1105 1060 ,

800 1095 869 1164 Hic
901 1097 1018 1165 senior
1051 1093 1245 1186 Episcopus
1278 1094 1445 1186 expondit
1469 1091 1693 1186 Eoonpeiium
1726 1114 1830 1184 super
1861 1101 1965 1186 ooput
1989 1093 2068 1164 Po-

696 1210 892 1297 trimodae,
920 1212 1008 1279 eioui
1030 1211 1131 1300 prior
1153 1212 1300 1300 fecerat.

773 1324 894 1417 *sicut
919 1327 1013 1396 novit
1039 1345 1093 1394 me
1120 1323 1221 1393 Peter
1247 1331 1281 1392 et
1307 1345 1374 1414 ego
1401 1343 1575 1414 cognosco
1595 1322 1730 1393 Patrem
1749 1333 1783 1394 et
1802 1327 1943 1395 andnam
1961 1347 2069 1396 meam

694 1460 785 1534 pono
812 1461 875 1533 pro
904 1436 1024 1511 ovibus
1051 1439 1145 1509 meis.
1198 1436 1242 1508 Et
1269 1436 1350 1510 olias
1377 1458 1461 1509 oves
1487 1433 1597 1508 habeo
1625 1459 1724 1544 quae·
1737 1461 1804 1511 non
1833 1422 1911 1510 sunt
1933 1462 1980 1510 ex
2005 1437 2069 1510 hoe

696 1553 794 1642 ovili,
823 1564 856 1624 et
881 1552 955 1624 illas
983 1561 1116 1646 oportet
1142 1575 1196 1623 me
1224 1551 1408 1644 adducere,
1435 1560 1469 1622 et
1493 1573 1614 1624 vocem
1641 1573 1749 1625 meam
1778 1553 1928 1644 audient,
1955 1563 1990 1624 et
2016 1552 2069 1624 det

694 1689 795 1740 unum
823 1667 915 1740 ovile
942 1677 975 1738 et
1001 1688 1085 1739 unus
1112 1666 1243 1740 Pastor.
1332 1697 1335 1706 f

798 1782 930 1853 Poeteo
955 1782 1170 1853 Potriorcdu
1197 1783 1289 1852 dicet
1315 1782 1513 1853 Orationem
1538 1784 1605 1856 oeli
1632 1807 1678 1855 en
1703 1783 1864 1878 Liturpio
1883 1781 1920 1852 S.
1939 1781 2068 1856 Badio·

694 1918 782 1990 quoe
808 1900 939 1990 incipit.
972 1896 1066 1968 Deus
1094 1899 1149 1992 qui
1175 1907 1313 1992 propter
1340 1918 1486 1969 amorem
1514 1908 1603 1970 tuum
1630 1919 1713 1990 erga
1731 1896 1893 1985 homines,
1921 1903 1956 1968 et
1976 1919 2066 1989 pro-

693 2015 846 2103 sequitur
883 2012 1076 2108 Liturpium
1115 2013 1296 2082 seeundum
1334 2013 1623 2101 consuetudinem,
1661 2013 1906 2106 distribuetque
1947 2019 2067 2083 corteto

693 2129 872 2217 mysterio,
900 2135 934 2198 et
957 2127 1085 2220 populo
1113 2126 1300 2197 benedicet.
1357 2127 1438 2197 Tum
1459 2134 1541 2220 posi
1561 2128 1760 2199 Orationem
1780 2130 1883 2220 pocie
1908 2126 2065 2214 uitiorum,

696 2248 820 2311 canent
847 2264 964 2312 corum
991 2265 1031 2312 eo
1060 2241 1104 2312 od
1132 2241 1238 2312 ultori
1264 2264 1369 2335 unque
1385 2241 1443 2312 'od
1466 2241 1720 2330 Secretorium,
1754 2247 1828 2313 sine
1852 2241 2067 2312 sacristiam.

694 2357 835 2427 Ecuem
870 2358 993 2428 deinde
1028 2357 1119 2428 ilium
1152 2360 1358 2428 uestimentis
1389 2356 1579 2450 Liturpioie
1610 2362 1793 2450 seniorque
1818 2358 2068 2450 Episcoporom

693 2473 811 2542 induet
837 2495 911 2543 eum
936 2472 1026 2543 siolo
1052 2476 1169 2567 niqra,
1198 2471 1447 2566 collocabitque
1473 2495 1548 2543 eum
1572 2495 1676 2566 nuper
1706 2473 1891 2559 Tdronum,
1921 2478 2067 2542 conent-

694 2607 759 2681 que
786 2609 904 2659 corom
930 2610 972 2659 eo
1001 2586 1122 2658 eteros
1149 2595 1183 2658 et
1208 2591 1315 2657 omniu
1336 2587 1482 2681 populus
1508 2587 1627 2659 lauden
1653 2591 1900 2659 conuenienter.

798 2701 879 2772 Cum
906 2702 1015 2774 cnidii
1041 2703 1084 2773 de
1110 2701 1272 2773 Ecclesia
1299 2701 1493 2789 Cotdolieo,
1525 2709 1563 2772 ut
1588 2710 1647 2773 eut
1673 2704 1719 2774 od
1743 2703 2004 2774 Potriorodium
2028 2703 2066 2774 S.

691 2817 817 2903 Murci,
844 2818 985 2888 vedetur
1002 2823 1155 2909 jumento
1182 2840 1264 2888 suo:
1289 2817 1511 2911 similiterque
1538 2840 1652 2890 omnen
1676 2818 1864 2911 Episcopi:
1896 2820 2067 2910 omnisque

689 2931 836 3023 populus
862 2955 936 3003 eum
961 2940 1133 3026 sequetur,
1157 2937 1381 3026 ferenturque
1408 2953 1525 3003 corum
1545 2954 1594 3011 ,eo
1621 2933 1751 3005 uexillo
1778 2933 1898 3027 quidue
1932 2933 2067 3003 cimelio

692 3053 860 3116 ornantur
892 3047 1010 3131 diebus
1039 3051 1157 3140 fertis:
1188 3047 1350 3141 minuique
1385 3052 1455 3117 tres
1490 3070 1628 3135 eruces,
1671 3056 1706 3119 et
1737 3051 1849 3141 imopo
1881 3047 1920 3118 S.
1952 3048 2067 3118 Murci

692 3160 946 3253 Eoonpeiistoe.

795 3277 937 3372 Reliqui
963 3301 1077 3350 omnes
1104 3301 1150 3349 en
1177 3275 1278 3348 utero
1305 3299 1381 3347 eum
1414 3277 1680 3365 comitabuntur,
1713 3284 1959 3371 prosequentes
1994 3301 2067 3348 cum

690 3392 823 3464 donoro
847 3417 983 3490 magno,
1010 3397 1253 3487 circuitumque
1274 3396 1409 3485 socient
1430 3415 1497 3485 per
1523 3393 1666 3464 medium
1691 3392 1804 3464 ordin.-
1826 3415 1966 3486 cumque
1975 3415 2066 3485 per-

691 3513 849 3580 venerint
874 3511 922 3581 od
948 3510 1157 3603 tetrapylon,
1185 3512 1371 3581 consistent
1377 3535 1392 3594 ;
1416 3507 1676 3602 Episcopueque
1701 3511 1818 3579 senior
1851 3507 1944 3579 dicet
1977 3508 2067 3580 donc

694 3623 899 3695 Orationem,
1126 3629 1129 3634 ’

742 3739 901 3812 Dicemus
930 3761 1046 3844 omnes
1069 3743 1211 3829 intente3
1238 3739 1396 3833 deprer
1444 3736 1617 3834 Εύιωμιν
1638 3737 1766 3821 πάντες
1795 3741 1955 3820 ἐκτενῶς·
1983 3733 2068 3810 δεύ-

692 3876 806 3926 comur
832 3865 880 3926 te:
907 3856 1049 3927 Domine
1077 3855 1209 3928 exaudi.
1252 3853 1359 3950 Kyrie
1396 3850 1498 3947 μεθύ
1516 3878 1597 3945 σου,
1615 3851 1716 3953 κύριε
1732 3850 1947 3943 ἐπάκουσον,
1967 3850 2068 3952 κύριε

691 3971 827 4043 eleison.
1391 3972 1543 4066 ἐλέησον.

741 4085 884 4157 Domine
926 4086 1152 4182 omnipotens,
1194 4086 1365 4172 coelestis,
1443 4083 1557 4184 Κύριε
1583 4081 1835 4184 παντόκρατορ
1866 4083 2068 4185 ἐνιουράνιε,
2112 4101 2113 4104 ’

688 4189 791 4275 Βειισ
821 4211 953 4298 patrum
987 4213 1193 4292 nostrorum,
1230 4202 1359 4296 depre-
1398 4199 1529 4286 ὁθεὸς
1551 4209 1627 4279 τῶν
1650 4207 1816 4300 πατέρων
1833 4200 1957 4296 ἡμῶν,
1981 4199 2067 4276 dni-

690 4339 804 4388 oamur
830 4325 864 4388 te
891 4316 1034 4389 Domine
1070 4317 1202 4390 exaudi.
1253 4315 1360 4414 Kpiie
1397 4315 1499 4412 μεθύ
1517 4343 1603 4410 σου,
1620 4315 1721 4418 κύριε
1738 4315 1954 4408 ἐπάκουσαν,
1968 4315 2068 4417 κύριε

689 4432 828 4504 eleison.
1391 4437 1543 4530 ἐλέησον.

739 4560 806 4632 Pro
844 4581 948 4655 pace,
981 4560 1181 4652 concordia,
1215 4572 1249 4633 et
1280 4571 1358 4634 stoa
1441 4549 1539 4649 Ὑπὲρ
1563 4553 1623 4646 τῆς
1645 4544 1782 4648 εἰρήνης
1810 4547 1871 4622 καὶ
1899 4547 2068 4642 ὁμονοίας

1395 4663 1456 4739 καὶ
1482 4661 1730 4748 καταστάσεως
1756 4669 1824 4738 τού
1856 4660 2068 4758 σύμπαντος

689 4845 835 4914 omnium
866 4852 1056 4915 sanctarum
1082 4845 1146 4916 Dei
1178 4841 1359 4917 Ecclesia·
1395 4804 1550 4923 {⁰2in
1572 4808 1633 4918 'fa‘
1659 4801 1816 4924 εἵαζσωὶς
1841 4802 1970 4916 ”qm
1990 4807 2093 4918 fw-

986 4948 993 4954 -
1398 4923 1598 4995 αγιωντου
1614 4901 1703 4972 &roo
1714 4894 2067 4992 metuendorum-

687 4982 1207 5076 rum:depreeamurteDomine
1225 4985 1357 5057 exaudi:
1396 5008 1453 5084 ed
1481 5034 1551 5086 σου
1581 5007 1682 5110 κύριε
1715 5007 1936 5102 ἐπάκουσον,
1967 5007 2067 5110 κύριε

687 4699 814 4773 bilitate
833 4741 840 4756 ι
856 4704 955 4774 totius
990 4702 1119 4791 mundi,
1161 4712 1195 4774 et
1233 4705 1357 4776 unione

687 5121 794 5219 Kyrie
821 5121 959 5195 eleison.
1389 5129 1543 5224 ἐλέησον.
