4736 6064
594 561 848 640 nttxlnnntttl
879 555 1145 636 JdCOBlThllUll
1169 549 1445 630 Ph'llllhRCHhE.
1629 547 1706 622 463

440 750 614 825 Credimus
642 770 792 846 quoque,
819 750 852 819 in
878 745 1022 818 Domino
1055 751 1173 816 nostro
1206 740 1289 814 Jesu
1326 736 1459 812 Christo
1492 735 1708 824 confidentes,

337 867 426 964 qnod
451 865 542 938 illum
568 864 667 940 nobis
694 863 813 936 iecerit
838 871 966 957 patrem
993 859 1140 951 dignum,
1167 855 1291 928 bonum
1308 853 1550 950 etperlectum.
1582 851 1708 945 Roga-

336 1004 475 1077 musque
490 980 598 1052 Deum
616 984 670 1075 qui
689 979 779 1051 illum
796 977 894 1051 nohis
917 976 1029 1068 elegit,
1056 983 1092 1046 ut
1111 971 1275 1045 concedat
1300 974 1333 1044 ei
1359 973 1502 1065 gratiam
1529 973 1707 1059 sermonis,

336 1097 517 1194 aperiendo
546 1119 586 1170 os
613 1099 686 1188 ejus
714 1095 756 1166 ad
769 1092 956 1190 proiectum
983 1091 1166 1163 animarum
1192 1098 1398 1160 nostrarum:
1425 1096 1526 1180 utque
1542 1105 1605 1156 nos
1620 1105 1708 1179 pro-

335 1224 410 1310 pter
430 1212 516 1284 hanc
543 1216 616 1306 eJus
635 1212 831 1285 electionem
857 1208 958 1281 iaciat
971 1210 1145 1278 immunes'
1158 1201 1200 1276 ab
1228 1208 1317 1275 omni
1332 1211 1493 1297 peccato,
1520 1211 1553 1273 et
1570 1209 1710 1298 propter

335 1331 567 1418 vocationem,
602 1349 698 1423 quam
733 1329 882 1421 accepit,
921 1324 978 1396 liat
1018 1344 1087 1418 pax
1124 1331 1159 1392 et
1197 1319 1287 1393 salus
1324 1318 1523 1416 populorum
1565 1320 1710 1392 omnium

336 1443 624 1532 Orthodoxomm3
650 1441 815 1538 nobisque
842 1440 994 1514 omnihus
1020 1437 1181 1530 largiatur
1208 1435 1440 1510 abundantiam
1459 1433 1712 1507 misericordiae

336 1582 434 1632 snae:
461 1581 523 1655 per
548 1562 808 1632 intercessiones
834 1557 998 1629 Dominae
1025 1557 1169 1627 omnium
1195 1562 1343 1624 nostrum
1366 1550 1534 1646 Deiparae
1561 1557 1713 1638 sanctae,

336 1697 536 1770 semperque
563 1676 711 1768 Virginis
737 1674 779 1745 D.
807 1674 953 1745 Mariae:
980 1680 1015 1742 et
1039 1693 1101 1765 per
1128 1671 1298 1741 orationes
1325 1667 1433 1738 Patris
1466 1667 1572 1737 nostri
1606 1665 1713 1736 sancti

335 1787 518 1864 beatissimi
544 1791 651 1862 Marci
677 1787 832 1884 Apostoli
859 1797 893 1860 et
909 1785 1165 1877 Evangelistae:
1192 1787 1362 1880 patrisque
1388 1785 1495 1854 nostri
1522 1779 1651 1870 deiferi,
1679 1789 1713 1851 et

336 1904 570 1998 gloriosissimi
587 1902 956 1995 SeveriPntriarchae,
984 1913 1018 1974 et
1044 1904 1142 1975 totius
1170 1899 1264 1973 chori
1290 1909 1480 1972 sanctorum
1500 1908 1713 1993 acceptorum

337 2042 452 2091 coram
479 2022 622 2093 Domino
648 2031 765 2094 nostro
791 2020 874 2092 Jesu
901 2018 1043 2092 Christo.

443 2134 616 2208 Credimus
644 2139 676 2207 in
702 2158 802 2208 unum
827 2138 936 2209 Deum
962 2136 1095 2207 Patrem
1121 2137 1397 2230 omnipotentem,
1434 2141 1468 2203 et
1494 2135 1528 2202 in
1553 2133 1714 2225 unigeni-

338 2260 406 2322 tum
431 2251 549 2322 Filium
577 2255 649 2344 ejus
675 2252 790 2325 lesum
818 2251 982 2325 Christum
1009 2249 1187 2323 Dominum
1212 2250 1379 2336 nostrum,
1414 2251 1447 2319 in
1473 2251 1597 2321 unitate
1623 2248 1715 2321 indi-

338 2371 424 2438 visa.
477 2365 569 2438 lllnm
597 2389 701 2456 vere,
728 2377 762 2438 ut
787 2378 915 2461 patrem
941 2369 975 2436 in
1002 2369 1136 2460 propria
1163 2386 1308 2460 persona
1334 2373 1464 2455 notum,
1491 2363 1611 2435 Filium
1637 2383 1716 2436 esse

340 2484 571 2575 agnoscimus:
598 2483 663 2555 duo
691 2485 777 2554 enim
810 2505 878 2556 non
911 2491 987 2555 sunt
1017 2480 1112 2570 Filii,
1152 2481 1212 2553 sed
1246 2480 1350 2552 Filius
1381 2502 1484 2570 unus,
1515 2482 1717 2573 unigenitus,

274 2669 278 2678 ,
340 2620 408 2670 non
433 2599 680 2694 pergratiam,
709 2608 766 2670 aut
791 2599 1067 2690 conjunctionem.

446 2713 620 2786 Credimus
647 2716 745 2786 etiam
771 2717 805 2785 in
831 2714 988 2811 Spiritum
1015 2720 1180 2786 sanctum:
1207 2713 1317 2784 cannis
1348 2714 1647 2803 resurrectionem,
1684 2722 1719 2784 et

342 2841 490 2904 sanctam
517 2829 703 2902 Ecclesiam
731 2827 946 2902 Catholicam.
999 2828 1091 2902 Dens
1119 2838 1228 2900 antem
1255 2827 1311 2899 det
1339 2827 1437 2902 nobis
1469 2828 1611 2901 verbum
1648 2827 1718 2900 do-

343 2947 470 3018 ctrinae
497 2944 540 3017 nd
567 2944 780 3040 aperiendum
807 2966 868 3017 ora
883 2955 1011 3033 nostra,
1038 2955 1075 3016 ut
1091 2948 1245 3017 vivamus
1259 2943 1440 3016 secundum
1458 2946 1562 3016 vitam
1579 2951 1717 3036 rectam,

343 3071 378 3133 et
403 3064 436 3130 in
464 3059 615 3131 omnibus
642 3063 800 3156 pietatem
825 3083 938 3133 coram
966 3059 1023 3132 illo
1050 3069 1246 3149 servantes,
1277 3083 1340 3156 per
1366 3060 1542 3132 Dominum
1568 3072 1719 3134 nostrum

342 3177 456 3249 lesum
485 3175 666 3248 Christum:
693 3199 755 3271 per
781 3198 880 3271 quern
907 3179 950 3247 sit
975 3176 1083 3266 gloria
1115 3174 1188 3248 laus
1224 3185 1258 3246 et
1290 3175 1398 3248 honor
1433 3177 1525 3248 Patri
1556 3177 1719 3270 simrdque

344 3291 479 3389 Spiritui
505 3301 642 3381 sancto,
669 3313 776 3382 nunc,
803 3301 888 3390 etc.⁸

695 3549 854 3642 Epistola
880 3548 1076 3641 Spstoticce
1102 3550 1241 3640 wengi
1265 3550 1377 3622 solito.

448 3741 543 3812 Haec
576 3748 629 3810 est
653 3737 805 3833 Epistola
840 3739 1009 3833 Systatica
1034 3734 1134 3810 Abba
1164 3736 1207 3808 N.
1239 3740 1438 3810 sanctissimi
1463 3739 1722 3836 Archiepiscopi

345 3877 489 3948 magnae
507 3854 598 3927 urbis
610 3853 851 3942 Alexandriae,
878 3854 1072 3949 Eostatique
1097 3853 1299 3949 Babylonis,
1325 3856 1567 3950 regionumque
1593 3855 1722 3950 Aegy-

344 3975 404 4068 pti,
430 3970 545 4043 Mares
572 3991 632 4042 seu
648 3968 828 4042 Thebaidis
847 3979 881 4041 et
897 3969 1120 4064 Pentapoleos
1135 3969 1290 4058 Abicae3
1317 3973 1558 4067 regionumque
1571 3972 1721 4046 Aethio-

345 4089 423 4182 piae
451 4097 485 4158 et
510 4082 657 4172 Nubiae,
684 4084 916 4157 Axnmitarum
944 4095 977 4157 et
1002 4085 1201 4176 blacureae,
1232 4090 1494 4181 provinciaeque
1528 4090 1721 4183 superioris.

346 4201 419 4274 Nos
434 4201 595 4297 Episcopi
622 4204 822 4295 congregati
848 4222 923 4272 eam
949 4199 1192 4298 subscriptione
1209 4201 1424 4292 firmavimus,
1452 4201 1722 4277 celebravimus-

349 4339 414 4412 qne
447 4316 656 4390 benedictam
693 4319 765 4409 ejus
803 4316 1064 4407 ordinationem,
1105 4321 1244 4412 ejusque
1276 4318 1580 4391 inthronisationem
1623 4339 1724 4414 snper

348 4431 539 4506 cathedram
567 4433 680 4506 divina
706 4433 872 4528 loquentis
897 4433 1022 4522 Marci,
1049 4435 1081 4504 in
1102 4432 1274 4507 Catholica
1301 4443 1336 4504 et
1353 4434 1550 4529 Apostchca
1567 4433 1726 4508 Ecclesia

348 4550 432 4639 Dei,
454 4553 551 4642 juxta
578 4548 849 4621 consuetudinem
875 4551 1082 4623 canonicam:
1110 4572 1251 4644 eamque
1276 4571 1393 4622 manus
1419 4560 1555 4621 nostrae
1571 4550 1726 4622 subscri-

348 4663 516 4760 ptionibus
542 4664 832 4752 confirmavimus,
867 4665 1045 4736 secundum
1078 4687 1119 4736 ea
1153 4688 1237 4759 quae
1265 4669 1298 4737 in
1324 4667 1397 4760 ipsa
1430 4669 1654 4739 continentur:
1682 4665 1725 4738 ad
1770 4729 1776 4742 .

349 4779 492 4872 gloriam
518 4782 590 4853 Dei.
616 4782 737 4853 Amen.

719 4963 1359 5015 ψ
