4778 6034
656 579 770 653 XXVI
1153 582 1518 662 DISSERTATIO

656 768 708 842 Ea
734 772 834 864 igitur
860 780 913 842 est
939 792 1023 865 opus
1052 767 1174 842 Graeci
1202 769 1358 865 alicujus,
1394 774 1449 867 qui
1476 771 1565 867 quod
1591 749 1682 844 multi
1709 769 1896 844 Orientales
1922 772 2023 846 ieco-

656 895 743 976 runt,
768 895 804 958 ut
831 908 869 959 se
895 888 1045 960 sinceros
1073 897 1107 960 et
1132 886 1300 983 perfectos
1328 885 1521 962 catholicos
1549 911 1627 962 esse
1653 888 1929 977 demonstrarent,
1957 887 2024 960 Li-

656 1003 805 1096 turgicos
832 1002 966 1076 codices
994 1005 1214 1100 scripserunt,
1250 1006 1283 1074 in
1317 1001 1435 1098 quibus
1469 1015 1604 1078 veteres
1635 1013 1713 1078 suas
1740 1004 1866 1077 lormas
1894 1004 2024 1078 Sacra-

656 1129 839 1191 mentorum
856 1117 1016 1191 Romanis
1043 1119 1356 1210 accommodavere,
1384 1131 1509 1192 temere
1536 1141 1688 1218 prorsuS,
1715 1130 1749 1192 et
1766 1123 1928 1216 imperite;
1949 1143 2023 1193 cunr

654 1233 808 1308 Ecclesia
842 1234 995 1307 Romana
1032 1239 1207 1330 antiquitus
1242 1245 1276 1308 et
1310 1238 1410 1310 etiam
1446 1259 1532 1308 nunc
1566 1235 1789 1310 Orientalibus
1825 1259 1905 1310 suos
1940 1243 2022 1312 ritus

656 1348 830 1445 relinquat.
865 1351 897 1425 ls
925 1372 1011 1424 vero
1040 1347 1191 1424 Graecus
1218 1352 1357 1425 Missam
1384 1376 1430 1425 ex
1456 1357 1590 1446 ingenio
1616 1376 1740 1426 novam
1767 1359 1964 1451 composuit,
1990 1358 2024 1426 in

656 1489 754 1561 quam
788 1466 888 1539 multa
922 1491 968 1539 ex
1003 1467 1237 1566 chrysostomi
1270 1469 1403 1542 Graeca
1435 1470 1617 1558 transtulit,
1650 1482 1718 1542 turn
1746 1470 1919 1544 Cononem
1944 1471 2024 1544 Ro-

654 1605 754 1656 mano
781 1587 815 1656 in
842 1581 994 1657 omnibus
1022 1586 1171 1673 similem,
1199 1587 1228 1658 si
1254 1608 1362 1681 pauca
1389 1589 1598 1681 excipiantur
1624 1609 1725 1682 quae,
1752 1609 1819 1659 non
1845 1585 2023 1678 intellecta,

594 1765 599 1772 .
654 1704 799 1797 pessime
826 1703 1060 1797 interpretatus
1096 1710 1157 1774 est.
1209 1701 1391 1774 Luctantur
1426 1713 1543 1775 contra
1576 1701 1675 1776 talem
1708 1703 1836 1776 larvam
1868 1712 2024 1799 quantum

630 1817 770 1908 ,volent
796 1817 1045 1907 Protcstantes3
1072 1817 1133 1889 sed
1160 1828 1346 1910 agnoscant
1373 1819 1469 1891 simul
1497 1815 1611 1892 Critici
1638 1822 1689 1892 sui
1715 1820 1941 1913 supinitatem,
1968 1822 2024 1914 qui

656 1937 686 2006 si
712 1957 786 2008 eam
812 1936 952 2028 legisset
979 1943 1036 2004 aut
1062 1936 1209 2026 origines
1243 1937 1316 2026 ejus
1350 1946 1449 2008 notas
1481 1935 1670 2022 habuisset,
1705 1932 1891 2006 tolerabilia
1922 1935 2024 2008 multa

657 2050 821 2126 adversus
846 2061 1116 2147 propugnatores
1142 2048 1228 2122 illius
1256 2050 1368 2124 dicere
1395 2035 1569 2148 potuissel,
1595 2074 1662 2124 nou
1693 2053 1833 2145 ineptire
1859 2050 2023 2124 adversus

655 2165 856 2260 Ecclesiam,
883 2190 969 2262 quac
994 2165 1177 2260 Liturgiam
1205 2165 1293 2238 illam
1319 2189 1484 2263 nunquam
1510 2171 1693 2264 usurpavit.

364 2283 643 2362 nonnpgunamo·
761 2285 856 2372 Quae
890 2283 931 2356 de
957 2282 1111 2378 Liturgia
1144 2281 1290 2366 Motbaei
1323 2286 1473 2380 scripsit,
1506 2287 1550 2355 ita
1585 2286 1670 2356 enirn
1705 2292 1808 2356 vocat
1839 2280 2023 2372 (lenonem,

326 2387 399 2438 Μ’
656 2413 691 2480 ut
716 2403 820 2496 vulgo
847 2401 1043 2498 appellatur,
1069 2400 1263 2492 generalem
1290 2399 1507 2498 Aethiopum,
1535 2399 1680 2473 absurda
1706 2402 1814 2492 magis
1842 2409 1874 2472 et
1899 2398 2024 2472 insulsa

657 2531 741 2594 sunt.
767 2520 864 2592 Edita
892 2527 944 2590 est
969 2517 1024 2590 illa
1050 2515 1201 2610 Liturgia
1227 2516 1436 2614 Aethiopica,
1464 2517 1507 2590 ad
1533 2516 1661 2591 calcem
1687 2515 1777 2590 Novi
1804 2515 2024 2604 Testamenti,

655 2636 744 2735 quod
778 2635 962 2730 Aethiopes
995 2655 1042 2703 ex
1072 2636 1180 2728 patria
1214 2632 1349 2728 prolugi
1385 2633 1428 2706 ob
1457 2634 1614 2707 Galarum
1649 2642 1684 2707 et
1707 2633 2026 2708 Muhamedauorum

654 2755 877 2828 incursionem
905 2771 992 2821 amm
1022 2747 1132 2824 lene.
1159 2747 1291 2820 Romae
1313 2749 1542 2823 excudendum
1569 2762 1780 2824 curaverunt.
1806 2750 1933 2825 Prodiit
1949 2749 2025 2821 La-

654 2876 722 2944 tina
749 2868 834 2942 illius
861 2869 990 2956 versio,
1018 2864 1079 2939 sub
1107 2865 1200 2938 titulo
1217 2864 1366 2938 (lenonis
1386 2868 1553 2960 generalis
1568 2867 1768 2964 Aethiopum
1788 2866 1910 2939 ibidem
1937 2865 2025 2937 edita

654 3010 743 3061 anno
774 2985 884 3060 1549.
920 2981 1038 3102 Neque
1064 2984 1097 3052 in
1125 2980 1281 3055 alterutra
1310 2983 1456 3057 editione
1482 2983 1841 3082 appellaturLiturpio
1858 2982 2024 3070 Matboci,

533 3101 540 3124 ‘
654 3115 710 3176 aut
736 3101 779 3176 ab
807 3101 928 3173 idoneo
956 3101 1119 3195 scriptore
1145 3098 1232 3187 ullo,
1264 3103 1319 3196 qui
1346 3101 1431 3174 illius
1458 3103 1651 3174 meminerit.
1704 3099 1773 3174 Sed
1799 3123 1862 3172 nec
1889 3123 1964 3172 eum
1989 3107 2025 3171 ut

654 3223 762 3312 gentis
790 3211 872 3290 suae
897 3216 1097 3313 Apostolum
1126 3219 1281 3307 agnoscit
1311 3217 1488 3292 Ecclesiae
1516 3217 1735 3315 Aethiopicae
1768 3216 1918 3304 traditio,
1950 3239 2024 3289 cunr

654 3337 793 3431 primam
818 3331 997 3425 Evangelii
1022 3331 1131 3408 lucem
1162 3336 1204 3408 ab
1230 3333 1390 3408 Eunucho
1416 3333 1571 3426 Reginae
1598 3333 1762 3407 Candacis
1798 3331 1861 3405 sibi
1892 3331 2025 3405 allatam

655 3449 841 3546 Aethiopes
869 3451 1077 3522 existiment:
1105 3463 1139 3524 et
1165 3451 1298 3524 taudem
1325 3449 1567 3538 aFrumentio,
1595 3472 1692 3544 quern
1712 3449 1915 3522 Athanasius
1941 3451 2024 3542 ipsis

654 3567 857 3665 Episcopum
878 3563 1054 3638 ordinavit.
1093 3568 1234 3641 Praeter
1251 3589 1457 3641 communem
1480 3565 1568 3638 illam
1590 3565 1785 3658 Liturgiam,
1804 3587 1890 3659 quae
1906 3562 2024 3636 Canon

656 3683 856 3779 reliquarum
891 3690 960 3771 est,
996 3679 1079 3754 alias
1112 3681 1253 3770 habent,
1286 3706 1424 3779 quarum
1457 3693 1598 3779 quatuor
1630 3681 1738 3754 editae
1770 3691 1845 3754 sunt
1876 3678 2024 3775 reliquae

655 3802 919 3895 manuscriptae:
947 3807 981 3868 ct
1006 3797 1135 3870 illarum
1161 3800 1249 3872 nulla
1268 3797 1424 3872 Mathaeo
1451 3796 1611 3871 tribuitur.
1646 3796 1732 3885 Quid
1758 3799 1857 3889 igitur
1882 3818 2024 3890 magnus

653 3916 708 3990 ille
733 3925 885 3990 veterum
912 3915 1110 4011 scriptorum
1138 3915 1290 3990 censor?
1321 3917 1485 4003 Meminit,
1511 3917 1630 4010 inquit,
1663 3914 1821 4007 Epocluc
1855 3920 1891 3984 ct
1923 3915 2024 3984 curci

652 4035 792 4104 nomem.
823 4031 953 4125 Nempe
979 4029 1154 4104 Vorsiouis
1183 4043 1279 4106 autor
1304 4033 1388 4106 haec
1415 4033 1550 4123 adjecit,
1577 4053 1662 4126 quae
1689 4033 1723 4102 in
1738 4029 1937 4125 Aethiopico
1956 4050 2024 4100 uon

652 4157 784 4248 entant:
812 4156 846 4217 et
874 4149 1025 4240 quamvis
1051 4150 1085 4218 in
1113 4168 1155 4220 eo
1182 4149 1386 4242 legerentur,
1412 4147 1628 4220 nesciebame
1655 4144 1853 4243 computum
1875 4137 2022 4216 Aethio-'-

650 4269 761 4362 picum
789 4286 809 4335 a
835 4261 983 4358 Josepho
1012 4262 1185 4358 Scaligero
1214 4265 1353 4357 editum,
1384 4263 1564 4338 secundum
1591 4286 1687 4359 quem
1714 4262 1834 4336 festum
1861 4259 2023 4336 Paschale

632 4377 940 4454 'annunciabaturl
975 4379 1013 4452 Si
1048 4381 1224 4477 quidquam
1251 4385 1352 4475 igitur
1379 4382 1468 4478 quod
1494 4405 1540 4453 ex
1567 4379 1705 4474 alicujus
1730 4378 1906 4454 Ecclesiae
1934 4399 2023 4449 con-

653 4497 827 4570 suetudine
848 4496 1008 4590 Liturgiis
1030 4500 1188 4570 insertum
1211 4509 1273 4588 est,
1301 4497 1515 4594 corruptelae
1542 4507 1575 4568 et
1600 4495 1676 4570 lalsi
1702 4506 1781 4569 nota
1809 4517 1887 4570 esse
1913 4491 2023 4584 debet,

651 4636 695 4686 ne
721 4611 807 4686 ullus
836 4613 966 4708 quidem
992 4611 1113 4710 publici
1139 4637 1219 4687 usus
1247 4613 1333 4688 liber
1362 4617 1538 4710 supererit,
1565 4637 1586 4686 a
1612 4613 1669 4686 teli
1695 4634 1836 4686 censura
1862 4613 2022 4684 immunis.

653 4729 737 4803 Cum
764 4729 807 4801 de
820 4729 979 4822 Liturgiis
994 4729 1200 4828 Aethiopicis
1228 4730 1356 4803 dicendi
1383 4730 1478 4804 locus
1506 4733 1580 4824 erit,
1605 4729 1701 4827 plura
1723 4730 1765 4802 ad
1785 4728 2021 4801 demonstran-

654 4846 728 4919 dam
754 4846 867 4919 Riveti
894 4847 1055 4920 inscitiam
1082 4847 1114 4917 iu
1141 4846 1284 4920 medium
1311 4841 1533 4921 conferemus.

363 4967 401 5021 ⁰⁰
414 4967 501 5023 nasum
514 4977 540 5022 a
555 4969 640 5040 cnry-
757 4960 840 5036 Erat
867 4984 949 5036 sane
977 4961 1161 5036 abstrusior
1193 4961 1278 5034 haec
1312 4967 1467 5053 materia,
1503 4974 1537 5036 et
1570 4972 1701 5059 captum
1733 4959 1889 5051 hominis,
1924 4969 2022 5031 enlm

324 5040 432 5092 salomi
448 5038 568 5108 Liturgiis
591 5041 639 5094 lli·
1289 5083 1297 5099 ,
1403 5084 1410 5100 ,
1541 5079 1544 5086 .
1598 5083 1606 5098 ,
1994 5077 2002 5094 .

325 5109 534 5178 resumpsere„
608 5135 611 5140 ·
651 5077 745 5154 locos
784 5101 974 5154 communes
1016 5101 1098 5152 suae
1132 5077 1341 5173 Theologme
1376 5102 1456 5178 vix!
1475 5101 1608 5172 egressi
1643 5076 1837 5176 superabat:
1880 5086 1914 5148 at
1948 5097 2021 5170 quas

506 5381 514 5417 l
