4778 6034
635 576 781 652 XXXVI
1155 579 1533 657 ulssunvnvlo

340 800 353 834 ο
384 787 430 837 aaa
467 784 473 796 ·
503 801 523 836 ι.
634 767 743 841 multis
768 770 970 860 argumentis
995 765 1160 863 probavit
1213 767 1305 838 llaec
1332 788 1433 862 porro
1461 778 1537 841 suut
1562 789 1647 862 quae
1672 770 1706 842 iu
1732 768 1787 842 illa
1813 767 1995 865 Amphilo-

635 881 698 956 cbii
723 887 792 979 vita
819 885 984 977 leguntur,
1012 895 1046 956 et
1072 905 1158 979 quae
1182 881 1288 956 refert
1311 883 1448 956 Aeneas
1474 883 1684 976 Parisieusis,
1710 887 1743 956 in
1769 885 1853 958 baec
1878 885 1997 959 verba.

634 1000 722 1072 Post
746 1001 911 1096 quoddam
938 1006 1049 1072 cotem
1075 1007 1201 1092 tempos
1221 999 1409 1108 postolavit
1432 1001 1558 1088 Demo,
1587 1007 1625 1072 ot
1649 1001 1750 1072 daret
1774 1002 1825 1074 illi
1849 1006 1997 1098 qratiam

633 1123 735 1210 atque
761 1117 963 1190 intellectum
992 1118 1146 1210 propriis
1176 1115 1385 1188 commatibus
1418 1119 1545 1211 offerre
1577 1120 1830 1213 inconquinemn
1854 1123 1996 1214 sucrifi-

499 1253 503 1262 ·
632 1237 718 1304 ciem
743 1232 803 1320 illi,
831 1238 867 1304 et
890 1235 1007 1304 venire
1032 1254 1134 1326 snper
1160 1253 1233 1302 enon
1257 1235 1369 1304 sancti
1394 1233 1544 1326 Spirihrs
1574 1234 1760 1306 ademtam.
1812 1235 1900 1308 Post
1924 1237 1999 1309 dier

578 1423 583 1436 ,
630 1369 713 1420 cero
739 1371 812 1437 rec,
838 1352 926 1421 simet
951 1352 988 1418 io
1014 1355 1134 1421 eutoso
1156 1352 1271 1441 [octus
1295 1348 1442 1420 advento
1457 1353 1568 1422 sancti
1587 1350 1746 1444 Spiritoc
1772 1354 1916 1444 septimo
1940 1353 1997 1424 die
2039 1440 2043 1452 ⁴

631 1465 915 1559 apprehendente,
944 1468 1058 1558 coepit
1081 1467 1276 1536 ministrare
1300 1465 1397 1554 Deo,
1431 1487 1497 1559 per
1528 1466 1677 1560 sinqulos
1708 1467 1789 1538 dies.
1842 1468 1890 1538 Et
1918 1475 1998 1563 post

631 1582 771 1676 aliquod
796 1588 931 1674 tempos,
956 1582 1025 1674 fide
1051 1588 1087 1652 et
1111 1583 1282 1670 oratione,
1308 1585 1422 1675 coepit
1442 1584 1702 1676 propriomona
1715 1581 1869 1655 scribere
1890 1589 1996 1657 mini-

631 1701 808 1770 strationis
832 1700 1003 1791 mysterio.-
1054 1699 1168 1792 Atque
1193 1719 1262 1766 nno
1286 1703 1388 1767 nocte
1413 1697 1596 1769 adveniens
1626 1701 1659 1770 ei
1685 1698 1850 1771 Dominae
1876 1703 1911 1770 in
1937 1703 1996 1772 ci-

631 1819 729 1888 sione
755 1838 828 1886 enm
853 1813 1045 1908 Apostolis,
1068 1815 1337 1907 propositionem
1367 1817 1469 1907 punis
1497 1817 1633 1906 socians
1666 1817 1702 1885 in
1735 1821 1854 1886 sancto
1881 1815 1996 1904 ultori,

632 1934 798 2002 oscitent
814 1930 989 2018 Basiliam,
1016 1931 1133 2002 dicens
1150 1931 1195 2019 ei,
1220 1929 1399 2002 secundum
1416 1952 1510 2001 moro
1528 1929 1798 2022 postulationem
1838 1931 1996 2025 Repleo-

632 2055 688 2120 tar
714 2069 754 2120 os
779 2055 867 2118 tntum
894 2047 1012 2135 lande,
1047 2052 1085 2116 ut
1112 2067 1178 2139 per
1209 2049 1372 2139 proprior
1396 2066 1568 2118 ammones
1593 2048 1721 2140 offerus
1745 2049 1998 2142 inconquinemn

620 2167 846 2257 ,scothorum
874 2166 932 2258 qni
957 2183 1025 2233 noo
1048 2166 1168 2255 serens
1191 2163 1368 2248 visionem,
1401 2163 1555 2234 sumccit
1579 2184 1653 2231 cnm
1679 2167 1842 2249 nonme,
1871 2171 1905 2235 et
1930 2186 1997 2236 nc-

633 2281 755 2352 cedens
780 2280 828 2350 od
852 2279 965 2350 ultore
992 2281 1106 2370 coepit
1131 2277 1247 2348 dicere
1272 2276 1425 2348 scribens
1450 2280 1487 2347 in
1513 2277 1636 2348 charta
1660 2280 1721 2366 sic,
1744 2277 1934 2372 Repleotor
1959 2300 1999 2352 os

631 2419 736 2468 meson
762 2395 873 2484 tonde,
901 2399 964 2466 etc.
991 2393 1118 2467 scilicet
1143 2391 1287 2488 rebquns
1313 2391 1485 2484 Linugiae
1510 2415 1641 2488 preces.

322 2525 619 2592 najumrnnmomum
735 2511 960 2602 Agnoscimus
976 2531 1057 2582 sane
1085 2511 1118 2579 in
1145 2511 1208 2580 ista
1234 2511 1424 2580 narratione
1442 2505 1647 2580 Graecorum
1673 2506 1906 2607 φιλόμυθονς
1932 2530 1996 2581 nec

311 2628 347 2664 cx
359 2615 411 2664 vita
421 2612 517 2666 Bmilii.

631 2633 666 2702 in
691 2625 889 2699 vindicanda
916 2624 1001 2698 illins
1037 2628 1179 2700 veritate
1212 2647 1316 2721 opera
1347 2623 1531 2697 abutamur:
1565 2623 1644 2696 illud
1669 2626 1893 2698 tantummodo
1928 2623 1997 2697 ob-

632 2741 840 2818 servabimus
857 2740 1039 2836 simplicem
1052 2740 1139 2814 illius
1154 2743 1352 2815 narrationis
1368 2761 1502 2812 sensum
1519 2763 1608 2832 esse,
1624 2739 1793 2830 Basiliam,
1820 2752 1997 2835 antequam

632 2883 747 2934 sacras
775 2858 944 2950 liturgiae
970 2879 1088 2954 preces
1116 2857 1297 2947 ordinaret,
1322 2856 1430 2928 Deum
1457 2859 1653 2946 invocasse,
1682 2879 1789 2952 ecque
1816 2859 1997 2952 inspirante

630 2999 714 3073 opus
741 2973 934 3070 perfecisse.
986 2973 1128 3068 Reliqua
1154 2995 1262 3068 neque
1290 2975 1395 3045 sancti
1421 2975 1487 3045 viri
1511 2972 1692 3062 humilitati,
1718 2995 1827 3066 neque
1845 2972 1997 3067 discipli-

632 3115 698 3164 nae
724 3092 942 3179 conveniunt,
973 3093 1172 3185 praesertim
1206 3112 1280 3161 cum
1312 3092 1345 3160 in
1378 3093 1452 3184 ipsa
1484 3088 1633 3182 Liturgia
1666 3110 1786 3184 preces
1822 3099 1999 3162 occurrant

631 3209 717 3282 illius
744 3202 947 3301 temporibus
975 3208 1195 3300 antiquiores,
1227 3215 1263 3277 ut
1296 3215 1371 3278 sunt
1395 3204 1581 3296 Praelatio,
1613 3203 1753 3301 hymnus
1781 3203 1997 3299 Cherubicus,

633 3325 786 3396 recitatio
813 3319 994 3394 verborum
1013 3320 1146 3408 Christi,
1172 3321 1344 3394 Invocatio
1365 3320 1505 3416 Spiritus
1532 3323 1649 3411 sancti,
1676 3320 1792 3393 Oratio
1810 3319 1998 3411 Dominica,

630 3441 763 3514 Sorrcta
787 3441 928 3527 sanctie,
955 3446 989 3508 et
1015 3437 1178 3532 quaedam
1204 3435 1291 3508 aliae
1317 3441 1404 3510 sacri
1420 3437 1526 3510 Officii
1551 3447 1674 3533 partes.
1727 3436 1845 3532 Neque
1872 3459 1997 3532 operae

629 3559 769 3653 pretium
805 3564 856 3626 est
887 3555 954 3626 viri
987 3552 1167 3628 doctissimi
1197 3551 1317 3624 haeobi
1353 3552 1468 3626 Goarii
1501 3552 1678 3649 exemplu,
1713 3552 1755 3624 de
1790 3553 1997 3626 concilianda

492 3655 495 3664 ¹
629 3671 741 3746 Procli
766 3673 967 3760 narratione,
996 3691 1070 3741 cum
1096 3668 1368 3765 Amphilochiana
1396 3680 1574 3762 satagere,
1603 3691 1676 3741 cum
1702 3670 1766 3742 ista
1792 3669 1996 3742 mirabilibus

629 3789 694 3862 illis
727 3784 928 3871 insecuritate
953 3789 1136 3861 novitatem
1162 3788 1235 3880 ipsa
1262 3807 1354 3858 suam
1382 3785 1581 3858 sufficienter
1606 3784 1743 3880 prodat:
1777 3783 1882 3856 altera
1909 3789 1995 3858 sim-

630 3903 711 4000 plex
738 3909 779 3976 sit
804 3907 979 3998 magisque
1005 3901 1212 3989 verisimilia,
1247 3925 1343 3998 quam
1371 3901 1493 3974 idcirco
1521 3903 1628 3975 solam
1654 3899 1812 3973 Trullana
1838 3899 1995 3996 Syncdus

631 4020 810 4115 adoptavit.
872 4018 927 4090 Ex
963 4042 1003 4091 ea
1039 4021 1125 4090 enim
1160 4021 1240 4091 satis
1276 4017 1487 4090 confirmatur
1524 4021 1579 4113 pia
1611 4019 1754 4089 omnium
1790 4013 1994 4089 Graecarum

631 4137 781 4225 traditio,
832 4134 1013 4208 secundum
1054 4157 1150 4229 quam
1197 4157 1317 4230 preces
1350 4133 1600 4206 Eucharisticae
1645 4154 1731 4227 quae
1774 4130 1997 4205 versabantur

633 4254 775 4324 omnium
789 4251 953 4343 manibus,
980 4250 1074 4324 etad
1101 4250 1216 4325 altaria
1242 4263 1312 4324 toto
1339 4254 1461 4348 passim
1479 4250 1615 4323 Oriente
1640 4247 1893 4344 usurpabautur,
1919 4271 1999 4322 esse

633 4367 803 4441 aBasilic
827 4372 924 4461 juxta
958 4378 1128 4464 receptam
1155 4367 1424 4441 consuetudinem
1451 4365 1636 4456 ordinatas,
1663 4387 1790 4460 usuque
1815 4361 1994 4436 Ecclesia-

632 4503 705 4553 mm
729 4484 888 4580 probatas
915 4493 949 4557 et
975 4484 1196 4573 confirmatas,
1226 4467 1441 4557 existimant.¹

347 4625 621 4681 vermandensem
741 4600 865 4674 Verum
900 4610 994 4674 extat
1025 4604 1188 4697 antiquius
1220 4599 1321 4674 multo
1365 4601 1407 4673 de
1440 4600 1590 4692 Liturgia
1623 4597 1739 4671 anilii
1770 4598 1838 4689 jam
1872 4598 1993 4693 scripta

313 4711 562 4766 ⁰¹⁸⁰⁰¹¹il⁰¹³⁸¹¹¹i¹
576 4711 621 4764 m-
634 4717 854 4791 testimonium
874 4718 963 4791 Petri
978 4717 1133 4809 Diaconi,
1162 4727 1195 4790 et
1221 4718 1360 4791 aliorum
1372 4715 1624 4808 Monacborum,
1651 4717 1706 4810 qui
1731 4716 1765 4785 iu
1791 4733 1893 4786 causa
1918 4710 1994 4784 lidei

311 4799 404 4869 turgia.

634 4854 681 4903 ex
707 4830 842 4907 Oriente
869 4833 1010 4908 Romam
1036 4837 1129 4907 missi
1153 4833 1296 4927 fuerant,
1322 4837 1355 4907 in
1381 4833 1465 4906 libro
1492 4833 1535 4906 de
1561 4832 1791 4906 lucarnatioue
1818 4839 1853 4900 et
1878 4826 1992 4901 Gratia

634 4947 767 5021 Domini
793 4954 898 5026 nostri
923 4952 1006 5025 lesu
1031 4951 1153 5025 Christi
1180 4951 1222 5024 ad
1247 4951 1456 5043 litigantium
1483 4960 1518 5022 et
1543 4951 1625 5023 alios
1643 4948 1830 5043 Episcopcs
1845 4943 1994 5030 Africae,

637 5061 770 5159 Christi,
797 5078 832 5140 ut
858 5071 959 5163 aiunt,
985 5069 1197 5143 consessione
1224 5068 1416 5142 decoratos:
1448 5089 1568 5164 nempe
1594 5087 1669 5138 cum
1696 5088 1716 5135 a
1743 5062 1992 5138 Tbrasamundo
