4778 6034
471 521 521 598 nn
533 519 791 597 nnnnonnnn
806 518 1060 598 ORIIIIIIALIUII
1075 519 1225 598 ostentu
1239 523 1287 598 ΕΤ
1302 522 1552 601 antonimus.
1595 519 1708 595 XXIII

332 708 500 780 centiores
527 707 789 799 exscripserunt,
814 705 954 778 Andrea
986 703 1120 776 Riveto.
1173 705 1206 776 ls
1233 729 1308 778 enm
1336 705 1469 780 Graece
1496 712 1598 784 sciret
1623 733 1704 784 me·

333 822 500 912 diocriter,
514 830 606 896 esset
619 822 653 890 in
667 821 789 912 linguis
805 819 1029 892 Orientalibus
1043 818 1143 914 plane
1155 819 1290 915 hospes,
1306 822 1442 896 codices
1461 829 1706 921 manuscriptos

332 936 440 1010 nullos
466 937 618 1026 vidisset,
645 934 701 1006 tali
728 937 906 1031 supercilio
933 956 1108 1008 censuram
1134 938 1168 1006 in
1195 946 1331 1010 veteres
1358 948 1495 1012 autores
1521 939 1705 1015 Ecclesia-

333 1057 435 1126 sticus
462 1053 625 1141 exercuit,
650 1073 750 1123 nemo
776 1059 813 1122 ut
838 1050 880 1122 de
906 1050 970 1122 illis
1002 1060 1069 1121 tam
1103 1052 1318 1145 imperatorie
1346 1057 1543 1127 sententiam
1571 1056 1704 1144 dixerit,

333 1171 531 1265 praeserdm
559 1167 601 1238 de
627 1165 797 1257 Liturgiis.
850 1164 934 1238 Cmn
960 1186 1044 1262 vero
1072 1187 1114 1236 ea
1140 1174 1265 1238 tantum
1293 1154 1379 1262 quae
1406 1168 1450 1241 ad
1480 1171 1610 1242 illarum
1637 1193 1705 1242 an-

332 1287 527 1379 tiquitatem,
555 1292 589 1353 et
614 1279 813 1355 αὐθεντίαν
838 1284 1015 1377 pertinent,
1031 1290 1177 1352 tractare
1203 1279 1301 1354 nobis
1315 1287 1521 1378 propositum
1548 1289 1603 1375 sit,
1618 1307 1705 1378 qnae

333 1398 376 1472 ad
402 1419 519 1470 omnes
545 1407 697 1494 spectant
723 1399 909 1470 summatim
935 1418 1161 1492 exponemus:
1187 1396 1281 1490 plura
1311 1397 1353 1469 de
1372 1399 1510 1490 singulis
1538 1399 1604 1472 alin
1630 1399 1705 1472 loeo

334 1513 462 1586 dicturi.
515 1513 602 1585 Nam
635 1512 677 1583 de
703 1535 744 1583 ea
780 1533 867 1605 qnae
893 1511 1014 1584 Jacobi
1040 1510 1164 1582 titulum
1191 1510 1305 1602 habet,
1333 1534 1471 1605 agemus
1498 1517 1532 1585 in
1557 1513 1705 1614 Praeia7

333 1633 423 1704 tione
451 1628 494 1700 ad
521 1627 713 1723 Syriacam:
741 1627 790 1698 de·
811 1626 883 1698 aliis
911 1648 1043 1722 quoque
1070 1628 1139 1697 suis
1165 1625 1260 1700 locis.

438 1805 557 1877 Omnia
584 1827 670 1876 vero
695 1804 821 1895 Riveti,
849 1801 957 1876 Cavei
980 1814 1014 1876 et
1040 1804 1178 1876 aliorum
1193 1805 1356 1878 adversus
1375 1805 1560 1898 Litnrgiem
1586 1806 1706 1880 Jacobi
1736 1820 2026 1892 statuendamqu-

336 1919 514 2010 Graecam,
541 1942 627 2014 quae
654 1919 725 1990 sola
744 1921 826 2013 ipsis
852 1929 931 1990 nota
959 1929 1044 2008 erat,
1071 1929 1267 2011 argumenta
1292 1943 1335 1992 eo
1355 1931 1519 2015 spectant,
1542 1931 1578 1993 ut
1599 1920 1706 2015 qualis
1718 1915 1812 1960 '‘W''

337 2040 446 2110 estin
475 2035 616 2108 Graecis
652 2031 838 2121 codicibus,
873 2056 892 2105 a
923 2031 1054 2105 Jacobo
1082 2037 1207 2128 scripte
1234 2056 1312 2106 csse
1338 2057 1407 2106 non
1432 2040 1546 2131 possit
1600 2034 1637 2105 In
1664 2058 1705 2108 ea

336 2152 463 2226 scilicet
489 2151 642 2245 usurpari
665 2171 773 2221 voees
799 2146 1014 2242 Ὀμιιουσίου
1040 2159 1074 2220 et
1102 2145 1290 2240 Θεοτόκου,
1317 2153 1464 2244 quaein
1490 2151 1642 2224 Nicaeno
1672 2161 1706 2223 et

335 2249 504 2366 ldplresino
540 2264 698 2338 Consiliis
730 2266 961 2360 premrdgatae
997 2272 1089 2338 sunt:
1115 2268 1311 2337 memoriam
1339 2266 1498 2338 Ordinum
1524 2267 1705 2340 Ecclesia-

335 2387 490 2456 sticorum
518 2383 573 2476 qui
598 2377 741 2451 nondum
770 2390 865 2452 erant
890 2379 974 2468 lieri,
1001 2389 1037 2450 ιιι
1064 2377 1305 2454 Confessorum
1340 2390 1374 2451 et
1398 2380 1704 2456 Anaehoretarum:

336 2501 524 2590 Trisagium
551 2498 696 2585 recitari,
725 2505 759 2568 et
782 2495 913 2569 similia.
956 2494 1038 2568 Inde
1064 2494 1264 2567 conficiebat
1289 2494 1441 2588 Rivetus‚
1469 2496 1588 2570 falsam
1615 2518 1706 2587 esse,

336 2625 370 2687 et
396 2615 600 2708 suppositam
627 2608 747 2682 Jacobi
768 2611 965 2722 Litnrgiam,
991 2609 1148 2705 nulleque
1174 2611 1251 2683 loeo
1265 2611 1470 2684 habendam:
1498 2611 1615 2708 quibus
1642 2635 1706 2682 ra-

335 2728 477 2803 tionibus
505 2749 580 2798 eam
607 2749 739 2822 quoque
766 2726 942 2799 evertebat
968 2748 1055 2822 quae
1087 2725 1205 2798 lllarco
1238 2726 1405 2800 tribuitur:
1439 2727 1530 2800 Petri
1555 2731 1646 2816 item,
1673 2735 1707 2798 et

338 2844 535 2939 Aethiopum
564 2841 756 2933 Canouem,
784 2847 839 2937 qui
873 2842 1048 2932 Matbaeo,
1082 2851 1118 2912 ut
1143 2844 1217 2938 ipse
1250 2847 1315 2933 ait,
1348 2842 1562 2918 tribuebatur.
1614 2843 1708 2916 Peo-

337 2965 424 3034 cavit
450 2957 671 3053 multipliciter
697 2957 761 3029 hoc
787 2961 822 3029 in
851 2958 975 3049 judicio
1003 2979 1064 3029 suo
1100 2957 1259 3031 Rivetus:
1287 2982 1379 3049 eum,
1409 2970 1446 3030 ut
1476 2959 1638 3032 Beronius
1674 2969 1708 3032 et

336 3075 553 3148 BeIIarminus
576 3077 647 3164 jam
674 3071 953 3164 observaverant,
980 3077 1087 3169 possit
1113 3098 1134 3146 a
1158 3073 1288 3146 Jacobo
1316 3079 1439 3170 scripta
1466 3074 1571 3148 luisse
1585 3074 1705 3148 Litur-

336 3196 400 3285 gia,
430 3201 463 3262 et
491 3213 532 3261 ea
559 3192 731 3283 recepisse
759 3213 805 3262 ex
831 3193 994 3261 communi
1020 3211 1083 3262 usu
1105 3193 1248 3262 onmium
1261 3190 1501 3282 Ecclesiarum,
1529 3213 1615 3286 quae
1642 3213 1705 3264 se-

337 3306 510 3402 quentibus
538 3303 680 3378 saeculis
707 3305 890 3376 introducta
919 3315 1002 3378 sunt.
1057 3305 1142 3376 Nam
1169 3309 1225 3396 ita,
1262 3304 1506 3399 Gregorianam
1533 3329 1599 3380 non
1627 3330 1705 3380 esse

333 3421 473 3494 Missam
504 3420 689 3491 Romanam
723 3420 932 3514 probaretur,
969 3444 1010 3493 eo
1042 3423 1117 3516 ipse
1151 3432 1367 3514 argumento,
1403 3445 1477 3493 cum
1504 3432 1706 3514 sanctorum,

337 3541 483 3633 quinon
511 3538 574 3606 nisi
601 3546 679 3630 post
711 3558 816 3608 annos
850 3561 870 3608 a
899 3535 1066 3626 Gregorio
1093 3537 1212 3609 multos
1239 3541 1413 3625 vixerunt,
1449 3539 1581 3608 nomina
1617 3561 1705 3609 con-

270 3637 272 3648 ’
335 3657 445 3724 tineat.
488 3649 607 3744 Neque
633 3659 783 3721 veterem
811 3650 1013 3724 Gallicanam
1041 3655 1260 3746 antiquiorem
1285 3653 1327 3722 I).
1355 3652 1498 3724 Martino
1526 3655 1705 3725 existima-

336 3789 466 3854 remus,
503 3769 578 3860 quia
611 3765 748 3837 Missam
786 3767 829 3837 ad
862 3771 934 3859 ejus
965 3766 1086 3838 festum
1113 3765 1347 3838 celebrandam
1373 3774 1621 3862 repraesentet:
1650 3777 1705 3838 aut

335 3880 581 3956 Mosarabicum
608 3881 745 3954 Urbano
772 3881 830 3953 IV.
859 3886 934 3978 quia
961 3881 1114 3953 Cilicium
1140 3879 1217 3953 lesti
1245 3878 1405 3978 Corporis
1443 3879 1561 3954 Christi
1593 3882 1705 3973 habet,

334 3995 571 4071 vetustioribus
599 3995 786 4088 adjunctum
814 4020 833 4068 a
862 3996 1039 4069 Cardinale
1066 3997 1234 4087 Ximenio,
1261 4021 1335 4070 cum
1362 4001 1436 4091 ejus
1456 3997 1601 4071 IlIissalis
1629 3997 1705 4068 cdi·
1756 3993 1758 3998 ’

334 4115 456 4184 tionem
483 4115 686 4206 procuravit.

438 4277 520 4368 Sed,
546 4287 581 4349 ut
607 4301 723 4350 verum
757 4277 937 4367 fateamur,
967 4283 1091 4373 justam
1132 4281 1284 4382 triumphi
1325 4285 1498 4354 materiam
1532 4280 1707 4352 Ecclesiae
1738 4283 1926 4336 materonum
1940 4300 1954 4334 ι
1970 4286 2031 4352 qui-

335 4393 539 4468 adversariis
560 4393 716 4471 homines
735 4399 841 4467 nostri
858 4395 1093 4492 praebuerunt,
1121 4421 1195 4468 cnm
1221 4397 1344 4470 bonam
1371 4419 1508 4470 causam
1524 4395 1707 4471 rationibus
1720 4369 1826 4422 ΜΝ
1846 4367 1992 4421 ⁰⁸¹h⁰¹³⁰⁵⁸'

335 4520 369 4582 et
394 4507 623 4584 autoritatibus
651 4534 767 4606 parum
793 4512 913 4587 idoniis
941 4511 1122 4585 defendere
1150 4517 1282 4605 agressi
1309 4522 1393 4586 sunt.
1427 4511 1583 4607 Plerique
1610 4516 1708 4603 enim,

335 4629 435 4698 etiam
464 4649 548 4721 quos
576 4637 670 4699 aetas
696 4626 751 4698 illa
786 4626 916 4718 ferebat
943 4627 1173 4720 doctissimos,
1208 4633 1254 4700 ita
1282 4632 1416 4702 suntin
1443 4652 1544 4701 causa
1571 4633 1708 4718 versati,

335 4751 372 4812 ιιι
399 4764 445 4812 ex
470 4741 704 4816 Decretalibus
730 4742 888 4838 Epistolis
915 4747 1096 4838 primorum
1122 4745 1329 4837 Pontificum,
1357 4768 1403 4817 ex
1424 4747 1578 4840 Dionysii
1603 4744 1709 4834 libris,

261 4892 265 4898 ·
337 4866 370 4928 et
397 4857 469 4930 aliis
495 4881 564 4930 non
590 4862 701 4944 minus·
726 4860 986 4951 contemnendis,
1013 4860 1133 4933 Jacobi
1158 4862 1342 4954 Liturgiam
1374 4862 1570 4936 conlirmare
1598 4884 1708 4932 cona-

335 4982 465 5046 rentur:
501 4995 608 5048 voces
641 4974 855 5070 Ὁμοουσιου
889 4987 923 5048 et
961 4973 1138 5052 Θιοιόκου
1172 4979 1411 5052 contenderent
1450 4987 1528 5052 ante
1560 4977 1709 5051 Nicaena
