4736 6064
610 477 866 554 temnuntur
892 474 1160 553 Jtuoutmuuu
1186 469 1460 550 tumultum..
1668 467 1742 547 451

422 662 522 761 Ὑπὲρ
539 666 662 761 micio
678 659 857 758 πνεύματι
875 661 968 762 ἀγὲῳ
984 662 1048 757 βε-
1132 660 1199 731 Ριο
1226 659 1319 730 lirma
1353 660 1425 750 ejus
1456 666 1491 728 et
1515 659 1571 753 pia
1602 659 1636 728 in
1663 653 1749 749 Spi-

369 777 545 875 βαίαςκαὲ
562 776 850 875 ριὐεβοῦςαύτοῦ
863 774 1043 852 καταστά-
1079 777 1143 847 ritu
1170 783 1287 848 sancto
1315 775 1566 863 constitutione,
1599 779 1748 844 sanctum

370 913 473 977 σεως·
504 891 571 970 τὸν
597 889 704 994 ἅγιον
730 891 955 987 aevaeum·
976 897 1042 966 τοῦ
1080 889 1314 986 supplicemus.
1333 889 1510 962 Dominum
1520 886 1748 983 deprecemur.

371 1009 501 1110 κυρίου
519 1006 722 1104 dandulum.

423 1123 524 1223 Ὑπὲρ
550 1130 611 1220 τῆς
643 1124 920 1225 ὲγχειρισθεὲσης
950 1119 1049 1219 αὐτῷ
1126 1121 1193 1192 Ριο
1209 1120 1364 1192 Ecclesia
1379 1121 1442 1215 ipsi
1460 1121 1650 1190 commissa.
1669 1116 1748 1188 Do-

372 1240 571 1334 e'xxlpoloc·
589 1247 656 1315 τοῦ
672 1239 801 1339 κυρίου
815 1236 1016 1336 δεηθῶμρυ.
1075 1239 1198 1310 ιιιίιιυυι
1226 1235 1454 1332 deprecemur.

424 1354 523 1453 Ὑπὲρ
546 1362 607 1450 τῆς
625 1353 738 1430 αὐτοῦ
755 1351 847 1428 κατὰ
875 1351 966 1428 θεὸν
988 1349 1051 1426 εὐ-
1127 1351 1194 1423 Ριο
1222 1373 1283 1438 ρο,
1319 1360 1354 1423 ut
1380 1351 1455 1423 Deo
1489 1347 1631 1444 placeat.
1670 1350 1750 1422 Do-

373 1466 607 1571 αρεστήσριυς·
625 1475 691 1545 τοῦ
703 1470 832 1567 κυρίου
842 1466 1043 1565 δεηθῶμρυ.
1076 1470 1199 1540 miuruu
1227 1465 1454 1560 deprecemur.

425 1584 525 1685 Ὑπὲρ
560 1592 622 1682 τῆς
658 1583 805 1675 totone
838 1580 951 1658 αὐτοῦ
989 1580 1050 1658 καὶ
1127 1582 1195 1653 Ριο
1223 1579 1312 1653 bona
1340 1584 1409 1652 vita
1437 1582 1521 1672 ejus
1551 1587 1750 1650 mansuetu-

374 1699 584 1802 cupedenses,
593 1699 654 1775 καὶ
662 1700 840 1783 ἐπιεικείας
852 1702 897 1783 εἰς
904 1706 1044 1799 γνῶσιν
1083 1698 1159 1769 dine
1191 1708 1225 1769 et
1259 1696 1423 1768 modestia
1456 1694 1498 1765 ad
1526 1697 1752 1786 coguitionem

374 1814 589 1914 εὐθύτητος·
611 1823 679 1892 τοῦ
695 1816 825 1915 κυρίου
841 1813 1042 1912 δεηθῶμεν.
1082 1811 1295 1884 rectitudinis.
1322 1813 1501 1885 Dominum
1522 1809 1749 1906 deprecemur.
1872 1874 1876 1883 .

426 1931 525 2030 Ὑπὲρ
557 1939 625 2006 τοῦ
653 1933 928 2027 καταξιωθῆναι
958 1929 1051 2026 ἡμᾶς
1128 1929 1173 2001 Ut
1205 1929 1296 2020 digni
1331 1925 1514 2000 efficiamur
1540 1921 1660 1999 bravio
1688 1950 1751 2000 su-

375 2055 442 2122 τυῦ
465 2046 646 2145 βραβείου
678 2053 737 2143 τῆς
767 2046 844 2122 ἄνω
879 2043 1044 2142 κλήσεως·
1083 2068 1209 2142 pernae
1235 2044 1435 2117 vocationis.
1479 2043 1657 2116 Dominum
1685 2041 1751 2113 de-

374 2169 442 2238 τού
455 2162 585 2261 κυρίου
601 2161 803 2259 deoduinus.
1085 2181 1269 2257 precemur.

429 2275 569 2361 Πάντες
589 2277 678 2379 ὑπὲρ
703 2282 840 2353 ἑαυτῶν
860 2277 921 2352 καὶ
938 2275 1052 2374 alltc}-
1131 2279 1256 2351 Omnes
1285 2297 1346 2371 pro
1373 2274 1471 2347 nobis
1498 2277 1591 2371 ipsis,
1620 2282 1653 2347 et
1671 2296 1751 2346 mu-

377 2400 454 2470 tao
469 2397 711 2495 dmwcorspoo
736 2392 802 2470 τὸν
821 2390 949 2494 κύριοι]
971 2394 1045 2468 ἱκε-
1086 2405 1142 2466 tuo
1160 2395 1316 2464 intentius
1330 2390 1508 2462 Dominum
1524 2389 1752 2484 deprecemur.

378 2507 571 2604 τεύσωμρυ.
1132 2507 1294 2601 Populus.
1334 2507 1440 2603 llyrie
1467 2506 1613 2594 eleison,
1641 2511 1705 2575 ter.

420 2814 547 2886 Senior
566 2812 759 2906 Episcopus
780 2813 960 2884 dexteram
975 2837 1070 2884 suom
1082 2816 1232 2906 imponet
1244 2834 1348 2906 super
1365 2817 1468 2906 capot
1490 2813 1562 2899 q‘oa
1576 2807 1705 2880 dicens.

480 3033 651 3105 Vacemus
685 3032 726 3105 N.
763 3032 905 3105 electum
939 3055 1075 3107 servum
1107 3037 1172 3106 Dei
1207 3032 1507 3128 Archiepiscopum
1541 3043 1575 3104 et
1600 3032 1753 3106 Patriar-

377 3148 491 3239 cham,
518 3151 551 3218 in
578 3145 734 3220 Ecclesia
767 3146 918 3220 defectus
954 3160 1113 3243 experte,
1149 3158 1265 3221 sancta
1291 3147 1355 3220 Dei
1389 3149 1584 3236 invisibilis,
1611 3158 1645 3219 et
1669 3151 1754 3235 vivi,

377 3263 470 3336 urbis
498 3261 663 3336 Christum
690 3265 843 3350 amantis,
870 3261 1089 3336 Orthodoxaa
1104 3263 1349 3350 Alexandriae,
1377 3272 1411 3334 et
1428 3266 1578 3355 regionis
1591 3262 1754 3358 Aegypti,
1781 3270 1787 3287 ‘

379 3390 414 3451 et
439 3378 549 3450 linium
578 3381 666 3470 ejus:
695 3377 738 3448 ed
763 3376 905 3470 gloriam
932 3388 966 3450 et
991 3377 1152 3452 honorem
1173 3383 1402 3451 sanctissimae
1428 3386 1462 3450 at
1479 3377 1753 3450 consubstantia-

378 3494 420 3568 lis
447 3493 635 3582 Trinitatis,
662 3494 786 3581 Putris,
815 3502 849 3565 et
874 3492 966 3582 Filii,
994 3504 1027 3565 et
1053 3493 1195 3589 Spiritus
1223 3497 1338 3566 sancti.
1391 3493 1578 3588 Adpacem
1595 3502 1629 3564 et
1656 3492 1755 3564 ecdi-

379 3611 566 3682 ficationem
593 3607 769 3682 Ecclesiae
797 3622 953 3700 sanctae,
981 3634 1079 3705 quam
1105 3609 1264 3683 formavit
1278 3633 1340 3704 per
1360 3609 1623 3682 lucarnationem
1650 3631 1754 3695 suam,

380 3734 414 3796 et
439 3747 500 3821 per
526 3727 719 3796 universam
746 3725 1028 3821 dispensationem
1046 3749 1150 3813 suam,
1177 3749 1239 3822 per
1256 3724 1506 3799 crucifixionem
1524 3746 1630 3814 suam,
1656 3745 1755 3796 mor-

378 3851 447 3912 tem
474 3847 508 3910 et
533 3843 813 3922 resurrectionem
840 3862 947 3931 suam,
973 3842 1066 3914 Deus
1094 3864 1140 3912 ex
1165 3843 1258 3929 Deo,
1285 3843 1472 3932 unigenitus
1498 3839 1602 3911 Filius
1628 3840 1755 3926 Patris,

379 3953 542 4028 Dominus
568 3965 685 4027 noster
709 3955 808 4028 lesus
829 3953 994 4028 Christus:
1023 3956 1066 4028 ad
1092 3957 1409 4028 demonstrationem
1431 3955 1627 4047 judiciomm
1656 3958 1756 4026 veri-

380 4073 469 4158 tatiS,
491 4079 745 4165 sanctarumque
760 4071 1041 4167 praedictionum3
1058 4071 1287 4167 donommque
1302 4092 1490 4144 sacrorum:
1508 4070 1755 4142 doctrinarum-

381 4205 446 4278 que
485 4184 657 4257 illustritun
698 4186 860 4277 fidelium,
896 4197 931 4258 et
963 4189 1243 4260 resurrectionem
1277 4209 1322 4257 ex
1359 4188 1516 4273 mortuis,
1560 4195 1594 4256 et
1634 4189 1756 4280 pignus

381 4298 583 4373 immutabile
608 4321 714 4396 usque
739 4306 773 4373 in
800 4310 979 4376 ueternum.
1031 4303 1153 4374 Amen.

424 4427 566 4522 Ἄξιος,
595 4429 711 4524 ἄξιος,
741 4431 840 4518 ἄξιος
872 4432 977 4531 ἅββα
1009 4442 1049 4509 Δ.
1135 4434 1289 4528 Populus
1324 4433 1457 4506 οὲυιιιαὲ.
1516 4435 1667 4526 Dignus,
1702 4431 1755 4504 di-

382 4541 664 4645 ἀρχιεπὲσκοπος.
1090 4572 1195 4644 gnus,
1223 4549 1341 4642 dignus
1369 4559 1422 4622 est
1445 4548 1547 4621 Pater
1567 4548 1608 4621 N.
1628 4545 1758 4621 Auchi·

1090 4669 1279 4763 episcopus.

491 4793 571 4864 Tum
598 4793 732 4864 elocant
757 4817 861 4886 super
888 4803 992 4890 eaput
1018 4803 1090 4890 eJ'ua
1116 4805 1264 4893 quotuor
1289 4795 1491 4889 Eooopelin,
1520 4805 1554 4869 et
1579 4798 1655 4868 dom
1676 4798 1755 4869 cln-

382 4913 512 4995 motur,
547 4908 676 5002 Dignus
704 4919 771 4994 est,
804 4912 979 5004 imponant
1006 4936 1050 4984 eo
1085 4918 1192 5007 cupiti
1228 4919 1324 5004 ejus.v
1369 4913 1456 4985 Mox
1487 4937 1532 4984 eo
1561 4924 1758 5002 reuocent,-

412 5047 526 5090 romust
1489 5035 1549 5110 73
