4684 6042
721 571 795 646 118
1202 572 1605 650 PRAEFATIO

716 759 913 832 cedentibus
938 706 1071 852 aliquot
1092 761 1249 848 secutis,
1277 759 1433 855 Captitos
1458 767 1588 832 tontum
1619 760 1756 856 tinprrac
1784 761 1944 834 Graecae
1965 760 2088 855 focut-

716 881 819 945 tatem
845 897 914 946 non
939 875 1109 965 babuisse,
1144 883 1182 947 ut
1213 880 1298 949 istas
1323 878 1501 974 Liturpias
1534 881 1762 971 composuisse
1790 880 1983 971 potuerint:
2013 901 2089 949 cum

716 995 819 1062 etiam
850 991 1098 1099 culpatissimas
1128 992 1296 1086 formulas
1327 1016 1415 1087 quoe
1437 997 1567 1087 passim
1592 1000 1777 1065 occurrunt
1801 997 1838 1064 in
1864 996 2001 1088 officiis,
2028 1016 2088 1067 eos

714 1111 777 1177 cicc
802 1107 1010 1180 inteltesisse
1032 1112 1249 1202 perspicuum
1274 1113 1327 1180 sit.
1379 1108 1437 1180 Ita
1462 1109 1610 1181 sdtimam
1635 1113 1736 1182 istam
1760 1133 1829 1182 nou
1854 1113 1962 1181 minus
1988 1133 2088 1204 quum

711 1226 854 1317 priores
881 1224 976 1313 duas,
1003 1223 1268 1296 Alexandrinae
1294 1226 1476 1299 Ecclesiae
1507 1230 1688 1321 propriam
1710 1230 1819 1321 fuisse
1844 1248 1914 1298 non
1939 1233 1991 1298 est
2017 1227 2085 1297 du-

715 1338 908 1411 bitandum.-
939 1344 1039 1412 istam
1071 1344 1138 1412 imo
1174 1345 1400 1436 antiquiorem
1432 1349 1467 1413 et
1496 1347 1672 1436 puriorem
1706 1345 1905 1414 existimare
1936 1349 2084 1436 oportet,

714 1478 783 1525 uon
808 1455 908 1526 modo
935 1457 1027 1549 quod
1057 1461 1176 1530 noeais
1205 1457 1274 1530 iltis
1306 1479 1390 1551 quos
1411 1457 1728 1552 Mouopbpsiturmn
1758 1457 1914 1530 haeresis
1939 1459 2084 1548 inducit,

713 1573 889 1663 infuscata
914 1592 983 1641 non
1010 1579 1071 1661 est,
1097 1595 1212 1644 oerum
1237 1577 1339 1644 etiam
1358 1575 1456 1668 quod
1480 1574 1543 1644 ilio
1568 1578 1645 1668 ipso
1669 1575 1828 1645 uideatur
1848 1597 1922 1647 esse
1948 1575 1991 1646 de
2018 1596 2085 1667 qna

390 1672 701 1745 ⁸¹“'·⁰”'0¹⁸'·¹·⁵·P·3⁶2·
718 1685 915 1758 Tbeodorus
940 1686 1126 1758 Balsamou
1152 1689 1299 1760 absurde
1321 1710 1467 1782 prorsus
1501 1695 1535 1759 et
1547 1692 1662 1783 inique
1678 1690 1860 1780 judicavit.
1904 1689 1994 1761 uteo
2007 1690 2084 1760 sai-

714 1807 780 1872 tem
806 1807 878 1894 cjus
903 1807 1093 1875 testimonio
1121 1805 1344 1900 inteltipimus,
1370 1827 1464 1876 usum
1488 1804 1579 1877 itlius
1603 1804 1749 1898 atiqncm
1773 1810 1810 1877 in
1831 1807 1991 1900 partibus
2002 1807 2083 1878 Ae-

712 1921 824 2010 pppti,
859 1941 901 1990 eo
937 1943 1002 2014 quo
1037 1921 1212 1993 scribebat
1245 1927 1397 2016 tempore
1428 1924 1592 2016 siqnisse,
1626 1921 1717 2015 quod
1742 1922 1880 1993 aliunde
1904 1944 1974 1994 uon
1998 1925 2084 1995 satis

712 2039 863 2122 constat,
895 2039 963 2108 nisi
996 2037 1088 2131 quod
1124 2040 1288 2107 nemiuem
1319 2037 1398 2130 stpti
1431 2038 1618 2108 euercendi
1648 2041 1766 2130 pratia
1797 2039 1884 2110 tales
1908 2038 2085 2134 Liturpias

710 2155 900 2245 scripsisse,
927 2177 995 2224 non
1021 2154 1204 2225 verisimile
1228 2154 1339 2242 modo,
1365 2154 1427 2224 sed
1451 2157 1671 2225 certissimum
1696 2154 1863 2225 uideatur.

815 2268 931 2340 Habet
955 2269 1017 2339 itta
1042 2291 1111 2341 non
1136 2271 1236 2341 modo
1264 2276 1402 2363 purtem
1429 2273 1538 2364 officii
1569 2269 1819 2358 Eucharistici,
1853 2291 1942 2364 quae
1974 2271 2081 2340 Ana-

706 2382 822 2476 pbaro
844 2389 990 2478 proprie
1016 2386 1161 2474 dicitur,
1197 2391 1231 2456 et
1263 2408 1352 2480 quac
1386 2387 1520 2457 Camoni
1549 2387 1707 2460 nonum
1742 2387 1857 2481 atiquo
1891 2386 1990 2457 modo
2016 2409 2083 2458 re-

709 2501 863 2591 spondet,
891 2503 973 2594 quio
997 2501 1130 2572 scilicet
1154 2524 1291 2573 sacram
1316 2502 1499 2573 Actionem
1510 2505 1671 2591 continet,
1698 2502 1963 2595 aProesationc
1978 2525 2084 2597 mque

709 2615 758 2685 ad
783 2619 1054 2708 communionem,
1081 2623 1116 2688 et
1141 2621 1317 2690 ocutiones
1341 2622 1531 2714 pretiorum
1556 2621 1722 2690 actionis:
1746 2619 1925 2690 sedetiam
1938 2619 2084 2692 atteram

709 2752 798 2825 quoe
828 2754 952 2826 preces
986 2739 1022 2804 et
1054 2737 1141 2806 ritus
1172 2733 1217 2804 ab
1250 2737 1349 2805 initio
1384 2735 1565 2831 Litnrpiae
1604 2755 1710 2828 usque
1741 2734 1799 2804 ad·
1818 2734 2083 2829 Praefationem

707 2855 957 2941 repraesentat.
997 2849 1055 2921 dtu
1089 2853 1177 2920 enim
1210 2851 1506 2961 dispositaeusnut
1533 2850 1726 2922 Orientates
1752 2873 1866 2922 omnes
1890 2850 2082 2945 Liturpiae,

578 3049 580 3063 ι
708 2971 747 3035 ut
771 2987 845 3034 cum
872 2965 991 3038 Conon
1016 2966 1201 3056 Ronmnus,
1224 2973 1368 3061 praeter
1393 2991 1494 3038 unam
1520 2972 1580 3037 out
1606 2967 1750 3037 atteram
1777 2970 1968 3038 orationem
1992 2967 2083 3038 idem

707 3103 840 3174 semper
867 3103 942 3154 esse
967 3082 1095 3154 soteot:
1121 3105 1208 3177 quae
1224 3082 1489 3177 Proesotionem
1503 3083 1719 3170 antecedunt,
1745 3083 1926 3154 secundum
1952 3082 2083 3155 dierum

704 3199 936 3292 festorumque
960 3199 1192 3270 diversitatem
1216 3203 1315 3269 varie
1340 3221 1379 3271 se
1404 3197 1573 3269 babeant:
1598 3202 1635 3268 in
1662 3199 1802 3270 Oriente
1829 3201 1945 3294 primo
1970 3203 2083 3293 officii

701 3336 801 3406 pars,
827 3315 858 3385 si
884 3314 1047 3387 lectiones
1073 3338 1120 3386 eu
1152 3314 1268 3388 Veteri
1298 3314 1521 3403 Testamento,
1547 3313 1756 3408 Enanpetiis,
1788 3316 1890 3386 Actis
1919 3315 2081 3409 Aposto-

706 3429 825 3518 lorum,
852 3436 889 3501 et
912 3430 1079 3524 Epistotis
1104 3434 1302 3525 excipimus,
1324 3437 1493 3524 perpetuo
1519 3433 1565 3501 sit
1591 3429 1732 3518 eadem,·
1757 3432 1871 3504 uitcra
1895 3433 1932 3501 in
1956 3434 2079 3524 sinpo-

706 3545 749 3616 tis
774 3545 941 3640 Liturpiis
965 3549 1012 3617 sit
1036 3546 1184 3636 diversa,
1211 3552 1248 3618 ot
1273 3546 1358 3618 abibi
1379 3550 1491 3640 [usius
1516 3548 1741 3640 ecpourimus.

809 3662 852 3734 In
879 3662 1007 3734 Codice
1031 3665 1145 3760 Repio
1174 3663 1494 3737 Graeco-Arabico
1521 3666 1671 3757 quamvis
1696 3666 1796 3734 initio
1810 3663 1976 3758 quaedum
1986 3663 2079 3757 [otia

705 3779 952 3867 desiderentur,
979 3785 1127 3874 apparet
1151 3784 1263 3852 tamen
1289 3783 1426 3874 intepra
1446 3780 1581 3872 prioris
1605 3780 1817 3872 officiiittius
1839 3783 1965 3874 forma,
1987 3801 2078 3872 quae

704 3900 742 3966 ut
767 3899 804 3966 in
831 3894 982 3988 copticis
1008 3894 1201 3984 Codicibus,
1226 3894 1362 3967 Basilio
1388 3893 1561 3983 tribuitur,
1587 3900 1623 3965 et
1644 3917 1744 3989 qnam
1758 3896 1838 3966 iude
1859 3900 1982 3989 petere
2008 3895 2076 3966 de-

705 4011 832 4083 bebant
856 4011 1076 4099 Sacerdotes,
1103 4034 1177 4082 cum
1203 4010 1334 4082 duobus
1359 4010 1438 4082 otiis
1457 4011 1620 4105 Greporii
1646 4017 1681 4081 et
1697 4009 1826 4103 cyrilti,
1852 4013 1926 4081 sice
1949 4011 2076 4098 Marci,

705 4128 753 4198 ad
778 4125 1016 4198 celebrandum
1040 4128 1248 4219 sucrificium
1272 4126 1463 4198 utebantur.
1490 4124 1532 4196 In
1557 4127 1718 4215 secundo,
1744 4131 1783 4197 ut
1806 4129 1843 4196 in
1870 4129 1975 4197 tertia
2001 4126 2077 4198 Co-

702 4246 817 4339 pticis,
850 4242 936 4314 nibil
967 4242 1091 4333 simite,
1125 4244 1188 4314 sed
1225 4242 1417 4338 simpulares
1456 4247 1584 4312 tuntum
1623 4242 1790 4337 quosdam
1822 4245 1999 4314 orationes
2029 4242 2078 4313 od

705 4360 854 4433 usmetum
874 4361 987 4453 pacis,
1013 4364 1048 4429 et
1074 4359 1121 4430 od
1145 4358 1327 4456 Eccnpelii
1351 4359 1549 4431 lectionem:
1574 4363 1613 4430 ct
1637 4362 1674 4430 iu
1691 4358 1830 4431 Graeca
1855 4360 1980 4448 Marci,
2001 4364 2077 4429 tota

700 4480 803 4572 prior
823 4499 922 4570 pars,
949 4496 1038 4570 quoe
1063 4497 1169 4570 usque
1194 4476 1242 4547 od
1265 4476 1527 4568 Praetutianum
1553 4475 1760 4562 extenditur,
1783 4477 1982 4568 perscripto
2015 4479 2076 4545 est.

702 4593 929 4664 Diuersitatis
960 4589 1057 4684 injus
1090 4595 1205 4664 statim
1243 4595 1398 4665 occurrit
1430 4594 1525 4663 ratio
1558 4591 1659 4662 auide
1691 4590 1824 4685 quidem
1856 4593 2015 4682 speciosa
2041 4596 2077 4661 et

699 4707 910 4802 probabilis,
937 4710 1029 4801 quod
1052 4706 1140 4780 boec
1174 4708 1335 4804 Liturpia
1366 4707 1492 4796 Marci,
1520 4728 1620 4801 quom
1650 4705 1773 4795 solum,
1807 4712 1846 4776 ut
1875 4707 2076 4801 sipuificare

703 4824 891 4895 Batsamon
915 4824 1061 4913 uidetur,
1089 4825 1218 4897 Graeci
1249 4823 1499 4921 apuoscebant,
1531 4823 1608 4895 sota
1634 4845 1766 4918 quoque
1793 4823 1885 4918 apud
1909 4822 2075 4894 Aleuas-

703 4941 823 5013 driuos
849 4941 978 5012 Graeci
1001 4944 1099 5028 ritus,
1125 4941 1373 5034 usurpabatur:
1397 4940 1487 5012 uude
1511 4946 1548 5011 ut
1574 4943 1751 5012 orationes
1774 4962 2078 5040 προπαρασκευα-

703 5055 835 5148 στικαί,
860 5059 933 5128 sive
959 5060 1255 5150 praeparatoriae
1275 5057 1551 5151 odjunperentur,
1577 5077 1717 5129 necesse
1742 5063 1830 5131 erat.
1865 5056 1938 5128 Sed
1962 5054 2079 5126 obstet
