4670 6046
670 652 722 728 llll
739 647 1200 728 tumultuabuntur.
1221 645 1368 722 nlslltl.
1603 703 1611 722 ,
1628 641 1705 714 269

337 839 497 922 diligenter
528 835 728 898 administrari
757 835 881 898 calicem
908 854 926 896 a
954 834 1096 896 Diaconis
1124 830 1247 915 jubeat,
1281 831 1322 892 ita
1350 835 1383 890 ut
1410 828 1548 911 juniores
1577 844 1613 888 ea
1641 827 1707 889 sola

336 940 453 1002 ratione
477 955 494 1000 a
516 935 567 998 tali
589 935 753 998 ministerio
775 933 981 996 excludantur.
1032 932 1125 1006 Deus,
1148 931 1255 1012 inquit,
1275 927 1440 1010 prohibeat
1462 947 1501 989 ne
1521 945 1578 1006 per
1605 945 1708 987 eanum

335 1037 544 1120 nepliperstiam
571 1035 732 1115 qidquam
760 1034 793 1093 in
820 1040 934 1094 terram
965 1032 1101 1105 decidat,
1135 1035 1165 1092 et
1198 1035 1360 1109 eapropter
1384 1027 1568 1107 pravissimo
1588 1025 1708 1104 judicio

338 1141 398 1200 sint
419 1134 553 1198 obrmeii.
598 1131 631 1194 ln
654 1130 842 1194 Colleclione
866 1119 1020 1193 Cannnum
1041 1127 1199 1191 Ebnassali
1222 1145 1286 1206 cap.
1311 1123 1363 1188 tn.
1391 1127 1538 1189 statuitur.
1583 1124 1628 1188 Ne
1650 1142 1709 1186 ou-

338 1237 383 1297 lin
403 1253 497 1314 nsque
518 1233 561 1295 ad
582 1231 672 1294 labro
693 1231 875 1310 impleatur,¹
892 1232 938 1292 ito
959 1238 992 1292 ut
1013 1225 1116 1308 effluat
1136 1227 1251 1308 aliquid
1273 1226 1354 1287 etin
1384 1233 1498 1288 terram
1528 1221 1707 1305 effiardctnr.

338 1335 371 1397 lu
402 1331 574 1396 Canonibus
597 1331 647 1411 qui
677 1337 835 1392 vocantur.
882 1329 1053 1408 Praecepto
1077 1325 1290 1406 Apostolorum
1316 1325 1458 1388 secanda.
1506 1323 1710 1403 Unusquisque

338 1449 484 1493 mmraam
505 1449 613 1494 curam
635 1429 797 1504 adhibebit,
820 1449 859 1490 ne
887 1430 954 1508 qais
975 1427 1104 1506 infidelis
1125 1425 1169 1486 ad
1189 1427 1425 1486 communionem
1445 1423 1710 1485 Sacramentorum

340 1532 535 1593 admittatur:
562 1538 598 1591 ut
617 1531 708 1591 etiam
728 1547 767 1589 ne
788 1547 867 1603 mres,
896 1535 950 1590 aut
977 1527 1061 1588 atiud
1082 1523 1198 1586 anicani
1219 1524 1262 1585 ad
1283 1543 1321 1584 ea
1343 1523 1486 1596 accedat,
1517 1529 1572 1582 aut
1596 1522 1711 1602 otiqmd

340 1631 478 1692 deoidm:
501 1637 531 1691 et
548 1635 663 1708 peccet,
686 1646 754 1689 cum
775 1628 822 1687 sit
837 1645 948 1705 corpus
970 1625 1084 1688 Christi
1104 1631 1134 1685 et
1155 1625 1280 1704 sanqrns
1302 1627 1373 1703 ejres.
1396 1621 1501 1684 Omnis
1521 1623 1614 1702 ipitnr
1631 1621 1710 1700 fide-
1739 1630 1743 1638 '

340 1731 379 1792 tts
400 1731 452 1810 qui
471 1729 679 1790 Sacramentis
701 1727 916 1801 communicat,
937 1746 998 1789 non
1020 1726 1107 1788 debet
1128 1728 1213 1790 drea
1235 1727 1310 1788 illud
1330 1727 1483 1807 neptiqerrs
1510 1743 1591 1798 esse,
1617 1741 1712 1803 neque
1734 1761 1735 1764 =

340 1830 418 1890 enim
439 1833 558 1907 oportet
577 1825 692 1905 aliquid
713 1821 826 1904 effimdi
847 1844 887 1885 ea
908 1825 1004 1886 calice
1022 1833 1183 1906 postquam
1201 1827 1233 1887 in
1249 1826 1310 1888 Dei
1321 1825 1441 1886 nomine
1463 1823 1634 1886 bundisius
1656 1827 1710 1896 est,

341 1936 371 1992 et
390 1929 472 1990 ilium
490 1927 636 2006 percepit,
659 1925 731 2004 quia
753 1926 879 2004 sanquis
908 1931 954 1986 est
976 1922 1097 1986 Christi.
1144 1923 1226 1986 Coae
1253 1926 1352 2004 ipitius,
1375 1924 1549 2004 quinamque
1570 1922 1629 1996 sis,
1658 1939 1711 1981 se-

340 2027 421 2102 dulo,
442 2045 481 2088 ne
502 2025 576 2104 quid
598 2042 638 2084 ea
660 2041 696 2084 eo
717 2019 903 2101 effundatur,
927 2041 964 2083 ne
987 2043 1053 2084 enm
1075 2024 1220 2085 immundi
1241 2024 1369 2102 spiritus
1386 2021 1539 2102 polluant,
1568 2038 1663 2100 neque
1676 2020 1712 2079 is

342 2135 406 2188 esto
428 2124 480 2206 qui
500 2123 675 2202 usperrreris
697 2123 872 2201 sanquinem
895 2120 1023 2196 Christi,
1052 2141 1178 2203 rarisque
1199 2124 1244 2183 sis
1270 2129 1411 2201 tanquam
1439 2127 1604 2182 contemtor
1631 2118 1712 2179 iilius

341 2226 498 2304 sanquinis
518 2242 576 2304 qao
598 2221 748 2283 redemtus
770 2238 812 2282 es.
849 2220 883 2282 ln
906 2218 1057 2293 Quaesitis
1080 2229 1111 2283 et
1132 2221 1297 2302 Responsis
1320 2221 1358 2282 de
1387 2219 1461 2282 Jure
1491 2219 1629 2281 statuitur
1651 2218 1711 2282 Sa·
1839 2255 1843 2268 ‹

342 2307 506 2399 cerdonem,
529 2321 615 2400 euJ'us
637 2318 823 2401 negligentia
847 2319 956 2399 aliquid
979 2338 1020 2381 ex
1042 2336 1172 2400 corpure
1204 2328 1255 2383 aut
1284 2321 1432 2401 sanguine
1463 2317 1574 2384 Christi
1602 2315 1710 2378 cecidi

341 2441 435 2503 saper
457 2419 551 2484 altare
574 2425 625 2480 aut
647 2426 752 2496 extra,
783 2417 831 2480 vel
854 2418 885 2478 in
907 2434 994 2480 sacra
1020 2419 1215 2498 vestimenta,
1250 2419 1397 2482 abstineri
1422 2437 1480 2498 per
1508 2417 1711 2498 quadraqinta

341 2521 408 2581 dies
428 2518 467 2579 ab
490 2519 600 2580 ahons
621 2519 787 2580 ministerio
809 2525 838 2578 et
859 2519 1075 2594 communione,
1090 2521 1290 2601 jejunareque
1309 2538 1366 2598 per
1387 2519 1462 2580 illud
1482 2525 1606 2595 anua,
1634 2514 1711 2576 abs-

339 2619 460 2680 tinendo
501 2617 542 2679 ab
572 2635 626 2678 esu
658 2635 760 2678 renem
785 2617 958 2696 pinquium,
992 2624 1023 2678 et
1047 2621 1155 2698 pacis
1181 2625 1269 2680 noete
1294 2618 1510 2698 quinquaqinta
1537 2621 1711 2677 metanoeas

336 2716 452 2795 [acme
476 2715 508 2778 ln
533 2715 666 2778 Historia
688 2713 880 2777 Patriarchali
901 2713 1014 2798 legitur
1036 2716 1074 2779 de
1096 2719 1178 2781 Vaza
1201 2717 1260 2780 lilio
1283 2716 1357 2799 Reja
1380 2723 1539 2798 antequam
1561 2712 1599 2776 ad
1622 2710 1710 2775 tidem

340 2814 536 2878 Christianam
560 2821 801 2892 converteretur,
825 2831 894 2876 eum
916 2813 1072 2878 Ecclesias
1101 2815 1236 2900 Bngdadi
1267 2815 1497 2896 frequentasse,
1526 2821 1559 2874 ut
1585 2812 1710 2875 Eucha-

338 2915 453 2977 ristianr
476 2913 691 2992 conculcaret,
723 2931 782 2994 quo
804 2912 966 2996 sacrilegio
989 2920 1148 2994 tantopere
1170 2914 1274 2978 alliicti
1298 2923 1367 2978 sunt
1389 2913 1564 2992 Christiani,
1595 2920 1627 2975 ut
1654 2911 1709 2973 Li-

341 3014 470 3096 turgiam
492 3015 673 3077 omitterent.
719 3014 794 3077 Sunt
816 3011 961 3076 adversus
984 3014 1188 3098 negligentiae
1214 3016 1299 3078 isius
1327 3031 1398 3076 reos
1426 3013 1630 3094 poeniteutiae
1654 3029 1709 3074 ca-

340 3113 468 3175 nonicae
490 3129 552 3174 non
575 3111 670 3175 leves.
715 3112 762 3174 Na
791 3112 856 3192 quis
886 3131 962 3175 vero
990 3111 1104 3194 judicet
1132 3114 1208 3178 haec
1238 3132 1308 3177 esse
1336 3114 1456 3194 quidem
1482 3113 1643 3174 constituta
1671 3109 1709 3172 ad

342 3210 538 3275 continendos
560 3213 591 3274 in
614 3211 716 3276 allicio
740 3210 934 3284 Sacerdotes,
951 3217 990 3274 'ut
1019 3231 1107 3276 sacra
1136 3214 1281 3277 decenter
1308 3214 1434 3291 obeant,
1469 3231 1530 3276 nou
1560 3211 1640 3292 quod
1670 3209 1708 3271 tle

342 3312 416 3393 ipsis
439 3309 640 3374 Sacramentis
662 3329 735 3374 cura
757 3310 820 3374 ulla
842 3311 890 3389 sit,
914 3311 1034 3374 obstant
1057 3331 1093 3376 ea
1116 3331 1194 3395 quae
1215 3314 1248 3375 in
1268 3313 1408 3376 Juridicis
1428 3312 1593 3395 Responsis
1615 3329 1709 3391 prae-

343 3411 492 3492 cipiuntur
522 3411 602 3472 circa
625 3410 831 3473 Eucharistiae
859 3411 1011 3474 vomitum.
1063 3413 1124 3489 Qui
1148 3433 1215 3475 eam
1241 3415 1390 3475 vomuerit
1416 3431 1505 3490 amu,
1540 3417 1570 3473 et
1597 3411 1710 3490 absque

343 3511 431 3590 euripo
452 3529 520 3586 rua,
542 3511 618 3572 nihil
644 3511 729 3573 atiud
752 3510 858 3589 facere
887 3516 1003 3572 tenetur
1028 3520 1153 3591 praeter
1177 3513 1400 3592 prostrationes
1427 3519 1559 3573 amnem:
1589 3516 1713 3588 etpost

342 3611 474 3672 triduum
496 3609 745 3672 cornmnnicabit:
762 3615 836 3688 post
857 3607 979 3670 biduana
1000 3628 1084 3688 aero,
1107 3613 1136 3672 si
1156 3611 1311 3673 Sacerdos
1332 3612 1387 3685 sit,
1410 3618 1440 3672 et
1458 3610 1557 3671 rruilus
1578 3609 1657 3670 alius
1679 3609 1711 3668 in

341 3711 410 3790 ipso
431 3709 498 3770 ioco
520 3710 711 3788 reperiatur:
741 3708 797 3770 sed
818 3714 891 3786 post
916 3708 1054 3787 sapietur
1076 3712 1308 3788 mosnmioues.
1357 3709 1404 3770 De
1428 3727 1464 3771 eo
1491 3725 1605 3789 quoque
1632 3706 1713 3787 quod

343 3809 455 3870 uomitu
477 3815 608 3888 eqesbtm
630 3815 676 3870 est
697 3826 773 3870 crtra
794 3807 970 3881 habebitur,
993 3809 1074 3869 etin
1094 3807 1287 3887 praliumem
1306 3809 1492 3886 projicietur,
1515 3808 1622 3869 autin
1643 3806 1711 3867 loco

343 3907 454 3969 mundo
476 3907 643 3986 sepelietur,
666 3924 733 3968 eum
758 3907 882 3981 honore,
909 3913 1034 3985 propter
1061 3906 1296 3971 Eucharistiom.
1346 3906 1382 3968 Si
1403 3924 1462 3986 per
1487 3895 1662 3967 ebrietatem
1683 3911 1714 3965 et

343 4007 602 4084 adamannum
623 4007 752 4067 uomitus
774 4006 906 4085 contipit,
929 4007 994 4066 siae
1023 4013 1136 4085 sporcio,
1159 4008 1224 4068 siae
1250 4005 1312 4068 alio
1335 4013 1457 4085 capeate
1477 4006 1579 4067 ninum
1608 4021 1713 4066 mna·

344 4108 411 4168 cius
431 4105 577 4181 hamerit,
606 4106 791 4184 poenitentia
814 4106 877 4183 ejus
899 4105 942 4164 ad
962 4106 1167 4185 quadraqinto
1192 4106 1259 4166 dies
1280 4105 1486 4183 producetur:
1517 4111 1607 4184 atque
1634 4101 1712 4163 idem

344 4204 543 4286 praecipitia
565 4203 826 4285 Responsionibus
848 4205 912 4266 suis
935 4205 1015 4266 circa
1035 4222 1182 4285 poenam,
1212 4203 1339 4267 llliehacl
1361 4203 1531 4284 Episcopus
1553 4201 1710 4264 llelichae.

345 4304 467 4366 Homini
484 4310 633 4384 perpetua
651 4305 779 4382 pituitae
801 4304 938 4366 molestia
961 4303 1123 4382 laboranti,
1146 4305 1236 4366 licere
1257 4301 1375 4385 quidem
1398 4302 1632 4364 communionem
1653 4319 1713 4363 vo-

345 4405 426 4477 lunt3
447 4403 539 4465 modo
562 4405 603 4464 sit
623 4404 796 4465 iaooietudo
814 4410 970 4484 perpenna
1003 4401 1077 4465 Cum
1098 4423 1171 4473 aero
1193 4405 1316 4482 occidit,
1338 4409 1372 4466 at
1389 4409 1461 4482 post
1480 4401 1714 4462 communionem
1844 4405 1846 4410 “

344 4504 483 4583 pituitam
506 4508 619 4582 eperat,
643 4512 753 4564 caveat
771 4523 810 4565 ne
830 4505 863 4565 in
890 4510 1004 4566 mnam
1022 4504 1177 4583 prm‘iciat,
1201 4503 1256 4564 sed
1276 4509 1427 4575 animet,
1457 4500 1553 4562 donec
1574 4500 1607 4560 in
1628 4517 1714 4560 mare

343 4602 519 4683 projecerit,
541 4607 596 4664 out
615 4603 647 4664 in
670 4603 737 4665 loca
758 4603 869 4664 maredo
891 4605 1049 4682 sepelierit.
1095 4601 1170 4666 Eum
1199 4603 1250 4683 qui
1278 4601 1419 4665 continno
1447 4600 1559 4661 vomitu
1587 4596 1713 4672 laborat,

347 4708 432 4763 arcet
454 4719 471 4761 a
494 4701 703 4764 communione
726 4701 853 4764 Michael
875 4701 1022 4765 lllelichae
1051 4703 1232 4783 Episcopus,
1254 4702 1317 4763 nisi
1337 4700 1525 4779 ecperieatio
1551 4716 1608 4777 per
1636 4715 1715 4777 qra-

347 4801 490 4880 drapinta
512 4802 578 4862 dies
596 4801 685 4881 facta
703 4800 807 4879 faerit,
830 4821 899 4863 anm
914 4802 1065 4864 imminuto
1088 4802 1155 4864 cibo
1178 4802 1273 4863 lecim
1295 4819 1328 4861 se
1349 4796 1468 4860 habeat.
1498 4795 1605 4876 Neque
1629 4795 1715 4858 aliter

348 4905 482 4962 statuunt
511 4899 619 4962 Graeci
650 4900 804 4963 Canonunr
834 4900 1018 4981 Interpretes
1052 4901 1212 4964 Balsamnn
1239 4901 1269 4963 in
1303 4895 1468 4980 llesp.12.
1504 4895 1541 4959 ad
1571 4895 1714 4970 Quaesita

348 4995 444 5058 llarci
472 4998 685 5079 Alexandrini,
723 5001 805 5062 circa
838 5017 893 5064 eos
924 5001 975 5080 qui
1009 5000 1226 5064 Eucharistiam
1253 4999 1432 5063 vomuerint.
1476 4996 1609 5061 loannes
1640 4995 1714 5059 Citri

347 5093 528 5180 Episcopus,
551 5117 627 5182 erga
649 5099 806 5162 Ecclesiae
834 5100 994 5180 ministros,
1026 5116 1154 5181 quorum
1182 5098 1368 5183 negligentia
1405 5096 1517 5178 aliquid
1544 5099 1575 5160 in
1603 5103 1714 5159 terram

1409 5213 1509 5288 ’ὅθ’
