4686 6060
601 583 642 658 tlt
667 579 875 658 ttionemn
901 574 1082 654 obludint
1108 576 1139 654 S.
1165 574 1292 652 ultor.
1565 572 1640 647 335

275 769 362 833 cbam
384 767 621 830 Alexandrinum
642 763 861 850 inOrigiuibus
873 760 1029 824 Ecclesiae
1051 778 1140 840 suae,
1163 776 1310 841 peccasse
1333 767 1391 822 tam
1412 760 1558 843 graviter.
1582 757 1644 824 Sed

274 867 352 933 baec
374 867 461 947 alibi,
484 874 627 947 quantum
650 883 727 947 opus
751 870 833 944 erat,
857 859 1007 942 explicata
1029 867 1107 924 suut.

801 1125 922 1197 Oratio
949 1125 1123 1196 introitus.

371 1318 462 1399 Cura
486 1351 525 1394 ne
541 1329 695 1393 introitum
718 1329 767 1391 bic
788 1327 939 1412 intelligas
954 1326 1089 1391 Romano
1111 1317 1206 1391 m'ore.
1235 1325 1263 1388 ls
1287 1327 1364 1389 enim
1387 1323 1425 1388 dc
1448 1343 1509 1407 quo
1532 1325 1643 1409 agitur,

272 1443 320 1499 est
342 1454 430 1517 quem
453 1435 562 1500 Graeci
583 1434 730 1496 Minorem
752 1432 910 1496 introitum
931 1438 1056 1510 vocant,
1078 1431 1172 1494 illatio
1194 1429 1309 1494 scilicet
1330 1429 1497 1510 Evangelii,
1522 1429 1560 1492 de
1584 1447 1643 1512 qua

273 1552 345 1598 mox
367 1535 493 1599 dicetur.

874 1705 941 1793 Itu,
969 1704 1040 1775 αι’.

384 1901 429 1980 lm
452 1910 563 1993 aliquid
586 1909 695 1973 deesse
717 1909 833 1972 notavit
855 1909 968 1990 primus
991 1906 1090 1971 editor
1112 1914 1143 1970 et
1164 1907 1314 1989 interpres
1336 1906 1472 1970 loannes
1495 1925 1513 1968 a
1536 1913 1642 1970 sarrcto

274 2015 407 2080 Andrea.
451 2013 512 2078 Sed
534 2012 665 2077 fortasse
688 2011 796 2075 desunt
817 2009 903 2093 plura
927 2029 1014 2091 quam
1043 2010 1111 2092 ipse
1141 2011 1330 2074 existimavit.
1378 1997 1492 2082 Οὕτως
1512 2002 1569 2071 καὶ
1591 1995 1643 2096 ἐφ’

285 2107 295 2130 Ι.
329 2113 344 2128 u
432 2103 441 2126 ἢ

151 2118 156 2130 ’
272 2135 362 2200 ημας
382 2133 461 2186 τοος
481 2096 736 2198 περιεστηκότας
762 2101 902 2182 δούλους
924 2126 984 2173 σου
1010 2103 1045 2173 ἐν
1065 2106 1106 2194 τῇ
1127 2097 1241 2192 sicodor
1262 2106 1321 2195 τῆς
1347 2101 1530 2194 ἱερουργίας
1550 2096 1643 2182 eds*

272 2214 345 2288 τοῖς
366 2198 578 2290 ἐπισκόποις,
600 2210 638 2274 ad
660 2210 737 2272 baec
758 2209 853 2273 verba
878 2211 1039 2272 annotavit.
1061 2208 1155 2271 Deest
1175 2209 1290 2290 aliquid
1310 2209 1343 2270 in
1362 2215 1503 2271 contecto
1514 2207 1643 2286 (ἔπιεοο,

273 2315 362 2395 quote
384 2321 429 2376 est
449 2302 626 2398 πρόςδεξαι
647 2296 776 2392 δεήσεις
803 2310 922 2388 ειιεοίρε
950 2309 1105 2370 orationes
1124 2307 1355 2388 Episcoporom,
1378 2315 1433 2368 etc.
1462 2312 1517 2368 out
1539 2309 1644 2388 potins

272 2406 464 2496 ἐπιβλέψας
485 2395 687 2495 δωρούμενος
708 2396 751 2470 τὰ
773 2393 933 2491 ἀναγκαῖα
946 2406 1026 2484 τοῖς,
1039 2413 1094 2471 etc.
1117 2405 1196 2468 Nintl
1210 2407 1318 2486 minus,
1341 2415 1374 2469 ut
1389 2404 1521 2468 videtur.
1537 2404 1642 2468 Oratio

274 2519 322 2574 est
343 2509 558 2586 Absolutionis,
588 2506 743 2593 generalis
767 2507 885 2570 scilicet
906 2504 996 2586 illius,
1019 2523 1097 2588 quae
1119 2508 1178 2569 ritu
1200 2505 1408 2569 Alexandrino
1430 2507 1510 2576 inter
1532 2505 1643 2586 primas

273 2609 517 2694 praeparatorius
540 2606 619 2672 solet
640 2607 774 2684 recitari,
797 2623 858 2668 non
880 2605 970 2670 modo
999 2620 1092 2687 super
1115 2607 1360 2686 circumstantes,
1390 2604 1446 2669 sed
1468 2622 1561 2687 super
1584 2603 1643 2668 Sa-

276 2709 431 2774 cerdotem
454 2707 667 2786 celebrantem,
691 2705 728 2768 ab
752 2723 789 2769 eo
812 2707 864 2789 qui
886 2705 1006 2787 dignior
1028 2713 1086 2784 est,
1109 2706 1135 2768 si
1152 2705 1219 2788 quis
1235 2705 1389 2788 Liturgiae
1411 2706 1538 2768 intersit.
1559 2699 1643 2768 'Sen-

274 2828 327 2874 sus
350 2809 443 2891 igitur
464 2806 610 2894 abruptus
640 2814 704 2883 est,
734 2807 792 2868 nisi
821 2805 965 2887 periodus
995 2804 1095 2886 aliqua
1124 2812 1313 2886 supponatur
1341 2804 1469 2884 deesse,
1499 2823 1577 2886 quae
1604 2804 1642 2868 ad

273 2907 492 2972 absolutionem
514 2904 592 2967 illam
616 2905 774 2985 pertineat.
820 2903 953 2986 Cumque
990 2905 1021 2966 in
1050 2904 1186 2988 Liturgia
1219 2905 1322 2969 Rasilii
1361 2913 1506 2986 sequatur
1536 2903 1643 2967 Oratio

273 3009 381 3096 thuris,
405 3007 491 3086 cujus
512 3004 624 3068 mentio
647 3011 694 3066 est
715 3003 746 3065 in
757 3003 859 3066 verbis
882 3002 941 3065 illis
964 3022 1041 3084 quac
1060 3003 1197 3067 lacunam
1212 3006 1348 3086 proxime
1364 3013 1542 3088 sequuntur,
1565 3004 1642 3066 duae

273 3107 425 3170 orationes
447 3105 478 3165 in
500 3120 589 3166 unam
610 3104 763 3182 videntur,
787 3111 837 3166 aut
858 3103 1048 3166 librariorum
1075 3103 1280 3188 negligentia,
1311 3112 1362 3166 aut
1385 3104 1499 3168 codicis
1521 3103 1640 3167 mutila-

272 3207 356 3269 tione
378 3203 539 3268 coaluisse.
1103 3193 1107 3208 ¹

539 3389 683 3478 Εἰςοδος
709 3391 939 3494 Εὐαγγελίοο.
991 3393 1158 3466 introitus
1184 3395 1373 3490 Evangelii.

384 3589 417 3666 ls
447 3608 495 3663 est
522 3586 752 3683 quamproprie
779 3595 903 3672 sicodor
932 3595 1040 3661 Graeci
1063 3598 1232 3680 appellant,
1263 3600 1349 3682 cnjus
1375 3599 1465 3662 ritum
1499 3610 1641 3666 accurate

276 3705 435 3786 descripsit
464 3701 596 3766 lacobus
628 3700 755 3765 Goarius
785 3703 816 3765 in
847 3703 926 3766 notis
955 3701 992 3764 ad
1018 3703 1139 3765 blissam
1167 3701 1292 3765 loannis
1322 3701 1543 3784 chrysostomi,
1573 3725 1640 3768 eum

274 3804 392 3868 scilieet
415 3802 542 3864 infertur
563 3801 796 3884 Evangeliorum
819 3801 896 3864 liber
925 3821 991 3865 cum
1022 3803 1119 3865 cereis
1142 3802 1289 3880 accensis,
1313 3801 1469 3866 thuribulis
1497 3803 1640 3867 fumanti-

274 3901 342 3977 bus,
365 3909 396 3964 et
417 3901 697 3965 Ecclesiasticorum
720 3901 928 3981 processione.
980 3901 1092 3965 Eadem
1114 3899 1310 3963 Orientalium
1337 3899 1393 3964 bac
1416 3902 1446 3963 in
1474 3910 1560 3984 parte
1591 3902 1640 3965 di-

246 3987 400 4082 'sciplina
424 4008 481 4080 est,
504 3998 542 4062 de
565 4017 624 4082 qua
646 4000 755 4063 dietum
778 4009 825 4062 est
848 3999 885 4062 ad
898 4001 1062 4084 Liturgiam
1076 3999 1188 4064 Basilii.
1211 3999 1285 4064 Eam
1300 3999 1457 4082 Evangelii
1478 4000 1640 4065 illationem

275 4101 412 4182 sequitur
435 4099 531 4164 oratio
561 4106 629 4161 ante
653 4099 718 4180 ejus
740 4098 917 4163 lectionem:
948 4100 1002 4164 sed
1033 4119 1099 4164 curn
1129 4099 1205 4162 aliae
1228 4099 1364 4162 dicantur
1393 4108 1463 4163 ante
1492 4101 1639 4165 lectiones

274 4200 478 4281 Epistularum
500 4197 593 4276 Pauli,
616 4204 647 4261 et
670 4196 900 4279 catholicarum,
930 4199 1115 4282 supplendae
1142 4199 1211 4262 illae
1239 4207 1309 4262 sunt
1339 4219 1379 4263 ex
1406 4200 1464 4262 alia
1493 4199 1638 4285 liturgia,

274 4299 346 4361 nihil
369 4300 447 4362 enim
469 4317 509 4360 ex
532 4295 695 4378 Scripturis
718 4296 829 4382 legitur
858 4300 889 4362 iu
918 4298 1063 4363 Orientali
1091 4300 1165 4378 ritu,
1199 4298 1314 4380 absque
1341 4301 1466 4381 praevia
1494 4300 1639 4384 singulari

275 4385 423 4463 oratione.
468 4396 553 4470 Ouae
576 4395 614 4458 ad
635 4396 831 4480 Evangelium
854 4399 1016 4482 legendum
1044 4399 1188 4482 pertinet,
1219 4399 1353 4481 ejusdem
1381 4401 1548 4464 sententiae
1579 4407 1637 4480 est,

275 4515 310 4561 ac
332 4496 383 4560 illa
406 4514 494 4577 quam
517 4495 623 4561 Codex
645 4495 799 4580 Copticus,
824 4500 942 4582 Syriaci
965 4500 1066 4564 etalii
1089 4507 1326 4582 repraesentant.

862 4761 1058 4857 ibiaaqisun.

1688 3399 1718 3452 P.
1738 3401 1832 3458 121.1.
1852 3403 1895 3456 10.

1687 3709 1821 3782 ΕιιεΙιοῑορ.
1837 3731 1861 3782 ρ.
1885 3714 1928 3766 to.

1683 4775 1714 4833 Ρ.
1734 4779 1794 4832 125.
1812 4779 1829 4830 t.
1847 4781 1874 4833 1.

363 4951 437 5030 Hoc
458 4963 527 5026 loco
550 4979 612 5025 non
634 4962 806 5046 assignatur
839 4962 871 5025 in
893 4965 958 5028 aliis
980 4963 1132 5046 liturgiis.
1176 4962 1265 5036 Ouod
1292 4981 1367 5028 vero
1390 4962 1502 5046 legitur
1523 4964 1581 5043 hic,
1602 4971 1637 5028 ut
1742 4979 1750 4987 “

274 5065 353 5148 apud
380 5064 573 5130 Orthodoxos
597 5066 663 5129 cani
685 5064 812 5148 solebat,
835 5067 949 5150 absque
979 5068 1129 5131 additione
1149 5066 1268 5132 illorum
1289 5068 1452 5132 verborum
1481 5070 1534 5152 qui
1560 5089 1636 5134 crn-
