4670 6046
591 559 643 633 ΑΒ
661 556 869 634 LITURGIAM
887 555 1080 634 cornuali
1095 558 1126 634 S.
1142 558 1286 635 unsnh
1551 561 1627 635 273

255 745 348 808 calice
372 741 608 816 transfunditur,
632 759 694 804 non
715 740 855 804 videntur
878 739 1048 816 dubitasse,
1071 742 1190 823 quando
1222 761 1289 806 cum
1311 743 1409 806 Laicis
1441 745 1642 828 communio--

253 863 321 906 nem
343 841 539 918 distribuunt,
563 842 669 905 dicere
691 841 806 920 solent,
830 839 902 902 illud
925 839 1007 921 quod
1029 841 1193 922 praebetur
1215 859 1285 906 esse
1307 843 1486 925 sanguinem
1506 843 1627 909 Christi.

252 943 358 1024 Neque
382 949 480 1005 tamen
503 942 584 1004 circa
601 941 882 1004 transmutationem
903 939 1052 1003 ullatenus
1075 941 1339 1023 philosophantur:
1362 941 1418 1006 sed
1441 962 1508 1006 cum
1530 944 1628 1008 tirmi-

252 1051 300 1106 ter
321 1040 447 1104 credant
468 1041 603 1102 mirumas
627 1040 792 1120 particulas
816 1057 886 1102 esse
909 1057 1021 1120 corpus
1045 1039 1173 1118 Christi,
1201 1047 1233 1104 et
1254 1041 1363 1104 stillam
1385 1060 1533 1123 quamque
1557 1061 1627 1106 esse

253 1140 387 1224 ejusdem
410 1142 596 1222 sanguinem,
620 1141 709 1202 triam
731 1139 935 1204 cochlearium
957 1139 1152 1221 quantitatem
1174 1139 1312 1203 sumcere
1329 1141 1482 1222 judicant,
1508 1149 1540 1205 ut
1562 1148 1626 1204 tota

250 1241 332 1316 riui,
356 1239 437 1321 quod
461 1248 669 1302 consecratum
696 1256 757 1300 non
787 1237 859 1317 tuit,
888 1240 1012 1302 materia
1040 1257 1081 1302 ex
1108 1240 1159 1303 illa
1187 1239 1337 1304 inlusione
1366 1248 1561 1321 penetretur,
1590 1245 1625 1300 ut

251 1357 354 1402 omnes
380 1340 431 1421 qui
453 1357 493 1400 cx
515 1339 609 1402 calice
637 1338 825 1402 ministeriali
855 1341 1086 1417 communicant,
1115 1340 1263 1420 accipiant
1291 1341 1470 1424 sanguinem
1502 1340 1623 1406 Christi

248 1438 292 1502 Ea
314 1439 434 1502 ratione
457 1440 574 1515 omnis,
597 1439 722 1518 siquae
747 1445 794 1500 est
816 1437 994 1518 diblcultas,
1017 1441 1136 1520 penitus
1160 1439 1345 1504 dissolvitur.

335 1538 408 1600 Post
430 1536 618 1600 distributam
646 1553 720 1599 vero
752 1537 1006 1616 communionem,
1037 1537 1172 1620 aequalis
1201 1555 1274 1600 cura
1297 1538 1470 1619 adhibetur,
1501 1559 1540 1604 ne
1563 1560 1623 1623 qua
1705 1557 1773 1616 cora
1790 1563 1947 1635 reliquarum

247 1637 395 1720 particula
418 1638 563 1719 supersit,
587 1643 648 1698 tum
670 1655 709 1698 ne
733 1635 805 1716 quid
828 1635 858 1696 in
882 1636 978 1699 calice
1000 1644 1166 1716 remaneat,
1190 1655 1249 1719 qua
1272 1639 1310 1702 de
1333 1656 1368 1701 re
1392 1646 1495 1702 extant
1517 1639 1873 1705 inCa-Euehsrutiearun.

248 1739 378 1802 nonibus
400 1753 494 1816 saepe
517 1735 645 1830 laudatis
669 1734 907 1798 constitutiones
929 1737 1043 1798 variae.
1066 1735 1284 1800 Echmimensis
1307 1757 1373 1818 cap.
1397 1738 1427 1800 d.
1450 1745 1480 1814 s.
1503 1739 1532 1800 6.
1556 1739 1622 1802 Ca-

246 1843 340 1899 ceant
361 1837 520 1916 dilipenter
541 1834 725 1898 Sacerdotes
746 1841 777 1894 et
797 1833 930 1896 Diaconi
949 1853 988 1895 ne
1009 1835 1170 1915 quidquam
1193 1854 1233 1896 ea
1249 1834 1447 1898 Eucharistio
1469 1839 1623 1901 residens

246 1937 303 2010 sit,
332 1943 363 1996 et
390 1937 434 1996 ito
456 1934 607 2012 judicium
628 1933 843 2012 pravissimmn
865 1934 1041 2008 incurrant,
1064 1934 1200 2013 eaemplo
1220 1935 1349 2013 Simum
1366 1934 1474 1998 Aaron
1495 1944 1526 1997 et
1544 1936 1622 2014 Heli,

247 2053 323 2115 quos
345 2033 527 2112 disperdidit
547 2032 679 2112 Spiritus
700 2039 845 2106 sanctus,
876 2032 949 2111 quia
969 2033 1165 2112 neplipentias
1193 2033 1449 2096 administrabant
1468 2036 1623 2114 sacrificia

246 2131 313 2194 Deo
335 2131 449 2194 oblata.
472 2130 593 2206 Quanto
606 2149 680 2193 cero
701 2132 801 2210 mapis
821 2130 855 2192 id
876 2131 1062 2192 memoradum
1084 2138 1131 2193 est
1147 2133 1207 2194 illis
1230 2133 1283 2212 qui
1302 2133 1485 2212 mpuqenrer
1505 2153 1539 2195 se
1559 2133 1622 2196 ba-

251 2231 321 2293 bent
342 2247 419 2309 erpa
441 2247 553 2308 corpus
576 2235 605 2290 et
625 2231 801 2310 saapnriaern
817 2228 931 2292 Christi
942 2229 1073 2292 Domini.
1096 2229 1129 2292 ln
1151 2230 1316 2312 Responsis
1340 2229 1500 2295 Canonicis
1524 2251 1623 2313 quae·

246 2330 323 2392 ritnr
355 2347 397 2390 on
420 2328 576 2407 particula
597 2336 738 2407 reperta,
764 2335 925 2409 postquam
945 2328 1100 2393 Sacerdos
1121 2349 1231 2411 aquam
1252 2331 1377 2406 bibe-it,
1406 2331 1447 2392 ab
1469 2349 1506 2392 eo
1525 2334 1625 2412 possit

248 2429 377 2492 abeund.
422 2426 576 2509 Negatur:
599 2426 655 2489 sed
678 2427 833 2502 statuitur,
863 2435 897 2488 ut
923 2427 1017 2488 abead
1037 2427 1202 2493 Sacerdmi
1228 2431 1277 2492 oet
1296 2429 1435 2492 macone
1463 2434 1515 2511 qai
1536 2449 1623 2493 conr-

247 2530 419 2591 munionem
436 2528 627 2605 perceperit,
657 2544 714 2588 nec
734 2544 846 2606 aquam
865 2533 975 2605 postea
996 2527 1125 2603 biberit,
1149 2530 1355 2608 praebentem,-
1385 2537 1439 2591 aut
1459 2530 1573 2604 Laiao,
1595 2532 1626 2592 si

247 2628 345 2689 modim
367 2627 447 2688 alius
462 2628 585 2704 jeirrnus
607 2627 787 2704 reperiatur.
810 2624 846 2686 Si
866 2625 963 2686 notar
984 2629 1115 2704 omnino,
1156 2626 1312 2691 Sacerdos
1329 2636 1423 2708 ponet
1438 2629 1624 2708 carmardam

249 2744 270 2786 a
290 2744 325 2788 se
346 2732 500 2804 repertam
521 2727 554 2787 in
575 2725 672 2798 unco,
695 2742 781 2805 quem
802 2725 879 2785 celis
900 2726 965 2786 suis
986 2727 1109 2804 operiet,
1134 2728 1334 2808 accendetque
1356 2727 1444 2789 circa
1465 2728 1547 2789 illurn
1569 2747 1624 2791 ce-

247 2843 318 2886 reos
338 2826 429 2886 duos:
452 2830 482 2885 et
502 2825 673 2904 lampadem
694 2824 737 2885 ad
758 2823 928 2886 Orientem:
950 2826 1071 2904 ipseque
1084 2825 1237 2888 Sacerdos
1255 2825 1424 2888 crmtodiam
1444 2827 1526 2889 illisas
1547 2847 1623 2889 cor-

246 2925 332 3003 poris
353 2931 498 3001 assumet,
520 2943 613 3004 usqae
634 2924 667 2984 in
689 2928 858 3002 nemoralem
879 2923 968 2998 diem,
991 2941 1060 3003 quo,
1082 2943 1149 2986 mum
1164 2925 1365 2988 celebrabitur
1386 2925 1535 3008 Liturpia,
1558 2929 1624 3006 ipse

247 3021 321 3082 titud
339 3024 489 3102 percipiet
501 3025 635 3103 jejunus,
657 3023 738 3084 nuda
758 3022 888 3103 saepem
908 3025 951 3084 ad
972 3024 1073 3086 ancre
1092 3025 1271 3087 ministerio.
1315 3024 1371 3088 His
1388 3029 1526 3105 peractis
1542 3046 1624 3108 poe-

247 3121 406 3182 nitentiam
427 3130 501 3202 apet
520 3123 730 3197 durissimam,
760 3121 799 3182 ob
820 3121 1029 3201 mottpenrian
1057 3141 1145 3184 mons
1167 3142 1243 3202 erpa
1264 3142 1376 3203 carpus
1398 3131 1429 3185 et
1447 3128 1624 3205 sanquinem

247 3219 318 3280 Filii
338 3220 414 3295 Dei,
437 3223 489 3300 qm·
515 3219 626 3301 effusus
655 3230 701 3282 est
731 3238 789 3299 pru
810 3220 907 3282 salute
934 3228 1154 3284 mensurarum.
1201 3221 1340 3296 Quodsi
1359 3231 1489 3304 nequem
1508 3243 1623 3288 cacare

246 3324 313 3402 ipse
334 3325 418 3384 solus
439 3325 596 3386 custodiae
618 3325 759 3404 corporis
779 3321 894 3394 sancti,
924 3319 963 3381 ob
990 3323 1220 3399 praecedentem
1247 3322 1382 3402 cipitiam
1403 3326 1515 3398 noctis,
1544 3343 1622 3404 qaae

247 3418 420 3502 Liturpiam
441 3425 614 3498 antecessit,
636 3425 800 3502 adianpere
821 3419 882 3481 sibi
899 3421 1080 3498 permittitur
1101 3419 1296 3483 Sacerdotem
1323 3421 1451 3501 atiqrrem
1472 3425 1521 3485 oet
1540 3424 1621 3486 ota-

248 3538 368 3584 conum
416 3521 497 3585 ldem
519 3523 704 3602 praecipitur
726 3522 755 3582 in
778 3517 907 3582 dirersis
930 3515 1175 3598 collectionibus,
1200 3527 1230 3581 et
1253 3519 1283 3580 in
1307 3518 1420 3583 Codice
1443 3521 1522 3603 Syro
1546 3522 1622 3586 Col-

248 3620 370 3684 bertino
394 3620 550 3704 singulare
573 3620 712 3702 quiddam
733 3620 792 3682 hoc
814 3619 845 3680 in
866 3635 981 3698 genere
1005 3618 1154 3681 occurrit:
1176 3635 1284 3698 nempe
1307 3626 1339 3680 ut
1360 3619 1515 3684 Sacerdos
1532 3631 1622 3702 post-

248 3737 339 3798 quam
361 3720 482 3782 discum
495 3721 653 3802 dilipenter
667 3720 820 3794 abstersit,
842 3724 872 3780 et
892 3717 1018 3779 calicem
1029 3717 1133 3797 abluit,
1156 3719 1251 3793 dicat,
1273 3720 1302 3779 si
1312 3719 1475 3781 menabrum
1488 3722 1621 3803 aliqnaod,

248 3817 306 3880 hac
328 3825 374 3880 est
390 3821 546 3898 partienda
568 3821 705 3900 corporis
727 3817 859 3893 Christi,
881 3820 1075 3894 remanserit,
1098 3819 1243 3880 scientiae
1264 3825 1352 3895 tuae,
1381 3837 1460 3900 quae
1481 3823 1622 3884 mmrdum

249 3918 381 3992 amarit,
410 3927 534 3980 maneat
555 3919 809 3981 commendaturus
839 3925 903 3979 esto
931 3919 961 3978 ei
989 3925 1091 3980 nutes
1119 3917 1263 3994 Domine,
1293 3925 1324 3980 et
1351 3919 1439 3981 nobis
1462 3921 1621 3999 propitius.

248 4015 365 4097 Nempe
387 4025 420 4079 ut
442 4017 524 4081 clare
553 4019 641 4080 docet
662 4017 896 4092 lichmimensis,
925 4017 1007 4078 nrdla
1034 4023 1081 4078 est
1102 4014 1273 4097 diffmeruiu
1300 4017 1380 4079 inter
1407 4021 1541 4096 majores
1567 4029 1622 4082 aut

248 4120 383 4180 rumores
409 4117 621 4180 Eucharistiae
643 4125 769 4198 portes,
799 4119 890 4180 etiam
919 4115 1151 4193 mirmtissimas,
1187 4116 1266 4177 adeo
1294 4124 1328 4177 ut
1362 4119 1517 4179 amaron
1553 4122 1621 4182 acie

248 4218 452 4280 animadverti
476 4217 689 4295 nonpossint,
719 4234 798 4296 quae
826 4217 961 4278 eamdem
987 4215 1211 4276 ceneraticm
1240 4223 1406 4291 mereatur,
1430 4218 1621 4299 eumdemque

246 4335 378 4394 prorsas
406 4317 579 4396 drpnitatem
608 4315 719 4377 habent
739 4335 778 4377 ac
807 4323 899 4378 toturn
926 4317 1040 4394 ipsum,
1071 4322 1101 4375 et
1128 4313 1235 4393 quibus
1262 4316 1364 4376 unitur
1386 4314 1537 4392 camna,
1559 4337 1621 4380 non

250 4418 349 4476 mines
369 4433 458 4494 peram
480 4414 613 4494 reliquis.
658 4413 717 4478 Sed
741 4414 779 4477 de
802 4413 848 4477 his
871 4422 993 4495 totaque
1016 4412 1211 4476 Orientalium
1235 4413 1370 4477 doctrina
1394 4415 1475 4476 circa
1496 4414 1620 4477 Eucha-

249 4514 353 4575 ristiae
384 4511 608 4577 Sacramentum
638 4513 812 4594 plenissime
841 4513 1016 4576 tractabitur
1044 4513 1074 4574 in
1109 4511 1312 4594 singularibus
1340 4513 1619 4577 Dissertationibus.

251 4611 383 4674 Tandem
406 4620 529 4692 peracta
552 4613 761 4675 communione
791 4612 905 4691 discus,
926 4611 1023 4692 calix,
1053 4619 1084 4674 et
1114 4611 1255 4674 cochlear
1277 4610 1438 4694 diligenter
1459 4611 1620 4676 abluuntur

249 4729 266 4773 a
299 4710 513 4775 Sacerdotibus
542 4719 593 4774 aut
616 4711 814 4790 aDiaconis,
838 4712 985 4793 aquibus
1015 4729 1093 4793 aqua
1122 4710 1298 4791 ablutionis,
1328 4720 1361 4774 ut
1388 4713 1467 4795 apud
1494 4711 1619 4776 Latinos

250 4809 316 4872 lieri
339 4809 428 4889 solet,
453 4811 576 4891 bibitur,
600 4819 631 4875 et
653 4819 758 4893 postea
782 4828 854 4875 vasa
884 4811 921 4874 ad
950 4813 1130 4890 sacrarium,
1161 4829 1216 4875 seu
1245 4811 1510 4895 scevophylacium
1531 4808 1618 4874 rele-

248 4917 363 4971 rttttlur.
