4684 6042
748 683 1376 764 sanortotntttt.
1695 682 1750 757 49

371 884 476 964 tores,
503 873 612 946 standi
638 895 752 947 coram
780 882 813 944 te
839 877 873 944 in
899 871 965 944 hoc
991 871 1069 946 loco
1097 882 1234 962 sancto,
1261 882 1296 944 et
1328 871 1521 967 perficiendi
1551 877 1750 968 mysterium

370 987 436 1062 hoc
463 1000 613 1062 sanctum
646 999 682 1061 et
712 989 877 1063 coeleste:
910 997 947 1061 ut
980 986 1257 1083 quamadmodum
1289 986 1397 1060 fecisti
1428 1010 1492 1062 nos
1526 987 1647 1082 dignos
1681 991 1747 1062 ista

371 1104 582 1200 perficiendi,
617 1107 662 1178 ita
699 1107 799 1176 etiam
837 1104 929 1196 digni
968 1103 1147 1176 efficiamur
1186 1106 1418 1177 communione
1457 1113 1492 1174 et
1527 1105 1748 1199 perceptione

370 1220 511 1292 illorum.
565 1220 617 1291 Tu
653 1223 709 1316 qui
745 1223 904 1315 aperuisti
939 1217 1057 1292 oculos
1093 1241 1292 1306 coecorum,
1326 1222 1420 1314 aperi
1452 1218 1569 1292 oculos
1597 1219 1749 1292 cordium

370 1347 571 1423 nostrorum,
598 1345 635 1407 ut
659 1335 861 1431 repellamus
889 1357 908 1405 a
935 1333 1033 1406 uobis
1060 1335 1217 1409 tenebras
1246 1357 1363 1407 omnes
1390 1335 1534 1407 malitiae
1562 1346 1596 1406 et
1621 1338 1746 1430 nequi-

370 1455 450 1540 tiae,
478 1474 564 1546 quae
589 1451 740 1522 maculae
767 1449 1009 1522 similitudinem
1036 1449 1176 1524 babeat:
1202 1461 1238 1522 ut
1263 1454 1432 1546 possimus
1450 1449 1603 1522 attollere
1629 1453 1747 1524 oculos

371 1579 507 1640 nostros
534 1566 576 1639 ad
604 1566 816 1664 splendorem
847 1566 978 1658 gloriae
1009 1577 1087 1638 tuae
1117 1577 1263 1640 sanctae.
1316 1566 1428 1662 Atque
1463 1569 1548 1639 sicut
1580 1565 1744 1638 mundasti

371 1682 459 1756 labia
486 1686 580 1756 servi
605 1687 652 1755 tui
675 1684 786 1756 Isaiae
811 1680 1013 1777 Prophetae,
1041 1681 1174 1777 quando
1201 1680 1376 1779 Seraphim
1402 1703 1486 1754 unus
1514 1685 1643 1777 accepit
1668 1678 1746 1752 for-

372 1801 446 1894 cipe
474 1797 655 1871 carbonem
682 1798 828 1894 desupcr
855 1796 960 1885 altari,
989 1807 1023 1868 et
1049 1799 1194 1870 accessit
1220 1797 1262 1868 ad
1280 1819 1368 1887 eum,
1395 1796 1544 1892 dixitque
1569 1795 1634 1868 illi:
1662 1819 1745 1867 ecce

372 1917 479 2006 tetigit
504 1914 569 1986 hoc
595 1913 684 1987 labia
718 1925 792 2005 tua,
824 1923 858 1984 et
892 1912 1085 1984 auferentur
1116 1916 1302 2007 iniquitates
1337 1921 1414 1983 tuae
1440 1923 1474 1984 et
1504 1910 1746 1986 mundabuntur

291 2041 295 2048 '
373 2033 483 2102 omnia
510 2041 651 2125 peccata
677 2041 743 2118 tua,
772 2031 817 2100 ita
844 2050 976 2123 quoque
1002 2027 1057 2099 lac
1084 2051 1168 2121 erga
1193 2026 1345 2100 imbelles
1365 2037 1574 2122 peccatores,
1601 2031 1745 2101 miseros
1871 2025 1876 2034 ’

372 2166 495 2218 servos
522 2157 608 2219 tuos.
660 2146 812 2237 Dignare
845 2143 1053 2218 sanctificare
1096 2149 1224 2217 animas
1255 2152 1407 2233 nostras,
1441 2165 1584 2239 corpora
1618 2153 1743 2230 nostra,

370 2259 459 2334 labia
486 2271 520 2332 et
545 2262 650 2335 corda
677 2271 810 2334 nostra:
838 2271 872 2331 et
898 2259 941 2332 da
966 2259 1064 2333 nobis
1084 2260 1266 2333 carbonem
1286 2258 1377 2332 illum
1402 2280 1532 2348 verum,
1560 2263 1615 2353 qui
1637 2282 1744 2354 prac-

370 2387 436 2449 stat
460 2379 563 2450 vitam
592 2376 783 2467 animabus,
811 2373 1009 2471 corporibus
1043 2386 1077 2447 et
1104 2373 1269 2470 spiritibus
1295 2377 1432 2464 nostris,
1460 2377 1515 2469 qui
1542 2386 1594 2447 est
1620 2397 1743 2471 corpus

370 2501 519 2565 sanctum
546 2503 580 2563 et
606 2495 743 2585 sanguis
776 2495 945 2588 pretiosus
980 2487 1103 2564 Christi
1135 2494 1196 2562 tui:
1239 2510 1308 2561 uon
1344 2489 1386 2561 ad
1421 2489 1742 2578 condemnationem,

370 2618 425 2678 aut
460 2611 505 2680 ita
537 2617 573 2678 ut
605 2608 788 2680 incidamus
827 2609 862 2677 in
897 2606 1077 2698 judicium,
1111 2629 1221 2702 neque
1255 2604 1297 2678 ad
1323 2607 1567 2696 confusionem,
1608 2617 1664 2680 aut
1700 2605 1743 2679 ad

368 2721 480 2795 fletum
513 2732 652 2820 propter
693 2721 812 2795 delicta
844 2731 977 2810 nostra,
1013 2732 1049 2793 ut
1074 2744 1144 2794 non
1179 2721 1314 2814 indigne
1348 2723 1413 2796 illis
1449 2725 1743 2808 communicemus

369 2850 402 2911 et
426 2849 565 2935 propter
590 2839 647 2911 illa
673 2841 723 2911 rei
749 2860 817 2910 non
843 2837 975 2909 fiamus:
1001 2859 1111 2932 neque
1138 2836 1308 2911 multitudo
1336 2837 1574 2911 beneficiorum
1602 2850 1743 2927 tuorum,

366 2956 523 3044 Domine,
550 2975 654 3026 causa
681 2957 723 3028 sit
748 2953 846 3026 nobis
873 2956 1055 3046 gravioris,
1082 2963 1116 3024 et
1142 2955 1279 3044 majoris
1303 2955 1430 3045 judicii,
1457 2958 1487 3026 si
1514 2976 1598 3046 erga
1625 2965 1659 3026 tc
1685 2957 1743 3026 in-

367 3075 453 3162 grati
481 3092 607 3160 sumus,
633 3068 797 3142 honorum
825 3080 952 3142 auctor.
979 3067 1106 3141 Verum
1132 3068 1257 3162 largire
1282 3069 1381 3145 nobis
1416 3073 1565 3167 spiritum
1593 3081 1742 3142 sanctum

366 3197 465 3274 tuum,
492 3195 529 3257 ut
555 3185 712 3259 cordibus
728 3188 831 3282 purist,
850 3197 884 3258 et
910 3187 1123 3258 conscientiis
1134 3183 1258 3280 niudis,
1284 3186 1438 3282 facieque
1464 3185 1650 3272 inconfusa,
1677 3184 1743 3257 fide

367 3321 435 3371 non
468 3299 563 3389 licta,
611 3303 749 3372 caritate
781 3299 943 3395 perfecta,
979 3309 1013 3370 et
1046 3321 1107 3395 spe
1146 3299 1251 3389 ιίιιηιι,
1295 3301 1476 3375 audeamus
1513 3324 1586 3374 cum
1622 3300 1742 3373 fiducia

368 3436 486 3503 orare,
525 3415 666 3488 dicendo
694 3418 879 3488 orationem
908 3425 1058 3490 sanctam
1085 3439 1181 3510 quam
1219 3415 1356 3488 dilectus
1389 3417 1475 3490 lilius
1508 3429 1583 3490 tuus
1610 3415 1743 3488 tradidit

366 3528 582 3605 familiaribus
610 3534 690 3620 suis,
718 3534 841 3606 sanctis
869 3529 1039 3627 discipulis
1066 3541 1100 3602 et
1125 3531 1300 3627 Apostolis
1329 3533 1442 3605 dicens
1468 3533 1542 3606 illis.
1576 3530 1740 3617 Quoties-

368 3667 508 3740 cumque
538 3649 671 3742 precari
706 3646 896 3735 volueritis,
937 3655 1033 3718 orate
1065 3649 1100 3718 in
1129 3646 1216 3718 hunc
1252 3646 1385 3719 modum
1421 3658 1455 3720 et
1481 3649 1587 3721 dicite.
1640 3646 1742 3718 Pater

366 3768 483 3832 noster
509 3763 565 3856 qui
592 3783 630 3834 es
655 3764 690 3833 in
716 3759 831 3834 coelis.

797 4147 918 4218 Oratio
942 4155 1023 4240 post
1047 4151 1158 4223 Pater
1183 4154 1310 4222 costen

467 4402 652 4476 Sacerdos.
695 4403 869 4497 Rogamus
900 4405 1072 4492 te„Deus
1105 4402 1207 4479 Pater
1242 4408 1469 4500 omnipotens,
1503 4425 1548 4475 ne
1582 4424 1647 4476 nos
1680 4405 1740 4476 in-

366 4517 469 4592 ducas
504 4524 538 4591 in
570 4525 800 4606 tentationem,
835 4519 896 4594 sed
922 4519 1027 4592 libera
1058 4544 1124 4594 nos
1152 4546 1172 4594 a
1198 4521 1303 4594 malo:
1331 4523 1479 4592 actiones
1507 4515 1690 4592 diabolicas
1719 4544 1739 4592 a

364 4634 463 4709 nobis
489 4658 648 4708 remove:
674 4636 813 4710 insidias
839 4657 902 4731 per
928 4635 1068 4710 consilia
1091 4636 1316 4733 improbomm
1340 4633 1519 4726 hominum,
1545 4654 1662 4708 omues
1682 4637 1739 4704 in-

364 4749 461 4823 utiles
488 4749 594 4824 effice.
646 4751 794 4843 Protege
819 4772 883 4824 nos
910 4771 1046 4846 semper
1072 4751 1212 4824 dextera
1239 4762 1294 4823 tua
1320 4751 1531 4839 vivificante,
1558 4759 1591 4820 tu
1618 4752 1739 4845 quies

365 4865 497 4958 adjutor
521 4877 647 4954 noster,
683 4877 717 4939 et
749 4866 928 4939 auxiliator
957 4877 1084 4954 noster,
1118 4888 1180 4962 per
1213 4864 1379 4940 Christum
1410 4865 1527 4938 lesum
1561 4864 1738 4938 Dominum

364 4991 515 5054 nostrum
542 4985 606 5070 cui,
633 4992 696 5054 etc.

1457 5099 1534 5172 22*
