4778 6034
627 597 656 672 L
1136 602 1522 681 utssuuul‘rto

627 785 752 859 nullum
778 795 868 877 erat,
900 785 979 859 nihil
1012 786 1099 860 aliud
1130 785 1311 883 significat,
1346 814 1442 888 quam
1476 790 1566 888 quod
1590 791 1787 889 Apostolica
1812 793 1987 868 traditione

628 925 687 976 eas
714 905 912 998 acceperint.
965 902 1003 975 ld
1028 907 1057 978 si
1082 926 1200 978 verum
1225 928 1292 979 non
1318 916 1382 999 cst,
1409 910 1558 982 caruisse
1583 921 1725 984 necesse
1750 908 1838 982 leret
1857 907 1987 983 Eccle-

627 1021 696 1092 siae
724 1018 911 1092 Orientales
937 1022 1102 1093 communi
1128 1030 1162 1092 et
1187 1019 1309 1119 ubique
1334 1021 1475 1119 probata
1494 1024 1786 1100 sacramentorum
1806 1024 1988 1100 celebran-

628 1135 743 1208 dorum
769 1135 898 1227 forma,
929 1137 1018 1233 quod
1049 1160 1093 1210 ne
1124 1141 1264 1232 cogitari
1299 1139 1430 1235 quidem
1461 1151 1592 1236 potest3
1625 1151 1682 1216 aut
1707 1142 1804 1215 aliam
1830 1141 1989 1218 hahuisse

625 1250 846 1348 Apostolicae
872 1251 917 1326 illi
941 1254 1197 1327 Protestantium
1215 1253 1366 1344 similam,
1394 1279 1479 1353 quae
1504 1280 1567 1355 per
1592 1280 1668 1331 eam
1686 1261 1779 1351 cujus
1800 1281 1879 1333 usus
1894 1282 1988 1332 con-

626 1377 692 1442 stat
716 1390 785 1441 non
810 1371 1010 1466 intermptus
1037 1370 1079 1442 ad
1105 1369 1190 1443 haec
1214 1393 1321 1467 usque
1338 1379 1500 1469 tempore,
1527 1371 1650 1447 abolita
1676 1374 1789 1448 buerit:
1814 1371 1988 1472 utrumque

626 1483 896 1560 absurdissimum
924 1495 988 1578 est,
1013 1498 1124 1561 tamen
1152 1511 1197 1560 ex
1224 1483 1346 1562 Critian
1372 1487 1483 1563 Rivali
1515 1492 1663 1585 sequitur
1687 1493 1890 1565 necessario.
1941 1490 1990 1564 At

626 1597 784 1674 criticum
822 1601 1004 1675 rationibus
1045 1614 1078 1677 et
1117 1607 1218 1677 certis
1259 1625 1305 1676 ex
1342 1603 1477 1678 historia
1508 1604 1779 1702 probationibus
1772 1607 1988 1680 confirmare

627 1715 817 1813 oportebat,
844 1741 930 1814 quae
958 1729 1073 1792 contra
1100 1742 1306 1794 communem
1333 1723 1521 1818 opinionem
1539 1721 1623 1795 alios
1651 1722 1775 1796 docere
1800 1723 1987 1817 aggredie-

624 1833 743 1938 batur3
780 1855 889 1930 nequue
925 1838 1010 1907 enim
1044 1840 1141 1912 vanis
1177 1836 1495 1927 declamatiunculis,
1529 1848 1564 1911 et
1595 1837 1778 1914 maledictis
1811 1838 1987 1936 quidquam

624 1927 814 2047 proficimr3
841 1950 900 2023 sed
929 1955 983 2047 qui
1009 1952 1051 2026 ad
1078 1975 1120 2025 ee
1147 1951 1358 2048 conlirgiunt,
1385 1952 1566 2047 produnt
1555 1956 1619 2051 rpsi
1645 1977 1743 2045 sese,
1769 1954 1845 2028 dum
1872 1955 1987 2028 laten-

625 2076 679 2138 tur
713 2066 963 2164 quodammodo·
993 2073 1207 2160 argumentis·
1231 2091 1269 2143 se
1305 2067 1600 2164 autoritatibusque
1635 2069 1776 2146 destitui.
1836 2068 1989 2143 Clamant

624 2185 724 2276 igitur
749 2182 891 2258 Rivetus
918 2193 953 2256 et
978 2185 1115 2275 similes,
1142 2186 1367 2281 supposititias
1394 2207 1472 2258 esse
1491 2183 1677 2278 Litargias,
1701 2188 1777 2281 quia
1802 2209 1872 2259 non
1896 2188 1987 2258 scri-

623 2307 702 2395 ptae
729 2309 805 2372 sunt
830 2299 966 2373 totidem
992 2297 1132 2396 syllabis
1155 2297 1334 2391 alacobo,
1361 2299 1490 2392 Marce,
1515 2301 1641 2375 Basilio
1669 2312 1704 2374 ct
1724 2298 1986 2399 Chrysostom03

624 2415 702 2487 nihil
728 2415 882 2507 efficient,
908 2414 1009 2488 modo
1026 2424 1154 2490 constet
1178 2414 1327 2513 publicus
1346 2437 1410 2488 neo
1428 2419 1628 2512 interruptus
1649 2441 1711 2515 per
1731 2418 1831 2492 multa
1850 2418 1986 2492 saecula

622 2529 750 2605 illamam
777 2555 870 2623 usus,
897 2532 939 2605 de
966 2554 1031 2627 quo
1056 2554 1101 2604 ne
1126 2534 1297 2626 cogitasse
1321 2531 1453 2629 quidem
1477 2533 1640 2606 videntur.

319 2690 489 2746 nuouacox
501 2692 610 2746 ususc-
673 2681 729 2756 Ex
756 2706 798 2757 eo
826 2683 953 2757 scilicet
978 2685 1087 2778 potius
1116 2705 1213 2776 quam
1240 2706 1286 2754 ex
1312 2681 1411 2756 undis
1438 2705 1522 2778 quos
1547 2687 1675 2779 posteri
1700 2684 1763 2758 illis
1782 2683 1986 2776 addiderunt,

302 2779 490 2832 ⁰¹⁰⁵in
465 2795 545 2845 “¹⁸³⁰
572 2789 679 2873 ‘'‘aut
713 2802 812 2871 etlam
847 2823 892 2871 ex
927 2808 1078 2871 autonum
1111 2798 1286 2891 dignitate,
1322 2796 1483 2870 stabilitur
1516 2799 1646 2872 illarum
1677 2803 1854 2890 autoritas,
1895 2803 1986 2874 circa

301 2879 422 3004 Ῐοοωοοο·
410 2867 491 3004 ,ff
451 2868 610 2920 maaua-
623 2918 806 2990 doctrinam
841 2926 875 2988 et
910 2913 1125 3010 disciplinam.
1177 2912 1262 2986 Sunt
1292 2915 1380 2986 enim
1412 2935 1479 2986 non
1512 2918 1608 2989 unius
1641 2919 1849 3010 quantumvis
1875 2917 1987 3009 magni

621 3035 778 3108 Doctoris
804 3054 912 3107 voces
938 3041 973 3104 at
997 3029 1123 3121 verba,
1156 3030 1217 3104 sed
1242 3029 1488 3120 Ecclesiamm,
1515 3055 1601 3126 quae
1629 3053 1703 3104 cum
1728 3034 1871 3104 unanimi
1897 3053 1987 3105 con-

622 3172 725 3226 sensu
751 3171 825 3222 eam
850 3169 1024 3220 sacrorum
1049 3146 1208 3237 formam,
1233 3167 1420 3242 precesque
1450 3146 1697 3243 probaverunt,
1722 3148 1810 3240 legis
1836 3147 1891 3219 illa
1916 3151 1985 3222 vim

623 3264 789 3376 obtinent,
820 3287 905 3359 qua,
938 3265 968 3338 si
1000 3284 1117 3336 sacras
1148 3263 1264 3335 literas
1290 3264 1488 3358 excipimus,
1513 3263 1620 3354 major
1646 3285 1723 3336 esse
1748 3263 1836 3335 nulla
1862 3272 1985 3360 potest

621 3382 694 3455 Nec
720 3380 754 3453 id
786 3383 920 3452 noviter
951 3381 1179 3471 excogitatum
1204 3387 1275 3467 est,
1308 3400 1382 3450 oum
1416 3400 1553 3475 precum
1577 3377 1754 3452 Ecclesiae
1789 3381 1985 3452 testimoniis

620 3498 826 3590 Augustinus
851 3493 1054 3587 Pelagianos
1080 3491 1313 3585 confutaverit,
1338 3505 1375 3566 ut
1401 3518 1421 3567 a
1448 3489 1637 3566 Caelestino
1652 3493 1823 3584 Pontifice,
1850 3505 1885 3566 et
1910 3494 1982 3569 aliis

619 3613 743 3686 facum
769 3621 830 3686 cst.
883 3612 932 3684 lta
959 3610 1113 3707 quidquid
1138 3612 1171 3680 iu
1205 3609 1326 3682 Jacobi
1351 3608 1483 3683 Graeca
1515 3608 1665 3703 Lituugia
1696 3608 1855 3703 legimus,
1881 3614 1982 3684 testi-

621 3732 765 3801 monium
792 3731 893 3801 totius
927 3725 1102 3800 Ecclesiae
1132 3724 1478 3822 Hierosolpmitanae,
1509 3735 1545 3797 et
1577 3724 1713 3798 aliarum
1745 3749 1830 3820 quae
1865 3725 1982 3798 cadem

620 3844 808 3936 utebantur,
833 3843 906 3935 luit,
931 3843 1021 3940 quod
1045 3846 1153 3935 majus
1180 3853 1233 3916 est
1259 3865 1356 3940 quam
1382 3844 1412 3916 si
1431 3841 1588 3938 Apostoli
1613 3845 1716 3939 ipsius
1743 3863 1827 3937 opus
1852 3841 1982 3931 luisset,

621 3982 696 4033 cum
720 3963 755 4031 in
781 3958 921 4033 Conone
947 3961 1195 4055 scriptuarum,
1221 3961 1372 4054 quanwb
1399 3981 1475 4031 eum
1494 3969 1644 4031 autorem
1670 3956 1820 4046 baberet,
1846 3967 1981 4053 recepta

619 4099 689 4151 uon
715 4080 767 4151 sit.
819 4077 974 4150 Similiter
999 4077 1155 4149 iublarci
1171 4077 1317 4165 Graeca,
1342 4085 1398 4147 aut
1424 4074 1656 4170 Aegyptiace,
1682 4076 1782 4146 totius
1807 4071 1982 4147 Ecclesiae

619 4193 870 4267 Alexandrinae
895 4193 993 4266 fidem
1019 4197 1249 4285 agnroscimus:
1280 4193 1375 4264 utin
1401 4190 1550 4287 Syriacis
1576 4189 1757 4286 Syrm,
1782 4191 1816 4259 in
1843 4186 1982 4264 Graecis

622 4309 827 4384 Graecarum
866 4309 1104 4384 Ecclesiamm.
1173 4308 1284 4382 Velim
1324 4310 1413 4382 scira
1450 4329 1527 4378 num
1570 4305 1746 4378 Ecclesiae
1796 4303 1982 4396 Orientales

622 4403 739 4502 omnes
760 4438 853 4500 recte
881 4427 922 4500 de
937 4427 1098 4499 Trinitate
1117 4428 1273 4500 sentiant:
1299 4447 1374 4498 cum
1389 4422 1509 4519 ubique
1523 4421 1668 4511 Patrem,
1685 4421 1815 4510 Filium,
1842 4430 1876 4492 at
1896 4419 1981 4517 Spi-

506 4521 512 4532 ⁸
621 4547 717 4616 ritum
743 4542 914 4631 Sanctum,
939 4553 1095 4639 tanquam
1120 4545 1215 4614 unius
1235 4539 1451 4629 substantiae,
1477 4541 1629 4613 invocari
1646 4536 1760 4627 video,
1786 4539 1864 4632 quin
1884 4536 1982 4610 iidem

621 4662 656 4730 iu
690 4654 842 4733 Concilio
880 4659 1030 4732 Nicaene
1072 4658 1250 4732 stabilitam
1282 4657 1516 4753 profiteantur,
1552 4651 1701 4726 dubitare
1733 4674 1801 4724 non
1834 4675 1979 4748 possum.

621 4775 671 4848 lta
698 4799 774 4848 cum
798 4777 943 4850 Mariam
971 4772 1147 4852 θεοτόκον
1172 4774 1325 4849 videmus
1350 4775 1384 4845 iu
1409 4770 1565 4868 precibus
1591 4769 1789 4862 Litargicis,
1820 4779 1876 4841 aut
1908 4771 1981 4843 aliis

621 4892 793 5007 appellari,
827 4895 949 4966 scimus
974 4890 1050 4966 illos
1085 4895 1141 4988 qui
1175 4895 1220 4963 ita
1254 4893 1447 4988 loquuntur,
1481 4887 1725 4964 aNcstoriaua
1749 4885 1881 4960 haeresi
1913 4885 1981 4960 ab·

618 5007 767 5081 horrere.
