<?xml version="1.0" encoding="UTF-8"?>
<!DOCTYPE html PUBLIC "-//W3C//DTD XHTML 1.0 Transitional//EN"
    "http://www.w3.org/TR/xhtml1/DTD/xhtml1-transitional.dtd">
<html xmlns="http://www.w3.org/1999/xhtml" xml:lang="en" lang="en">
 <head>
  <title>
</title>
<meta http-equiv="Content-Type" content="text/html;charset=utf-8" />
  <meta name='ocr-system' content='tesseract 3.04.00' />
  <meta name='ocr-capabilities' content='ocr_page ocr_carea ocr_par ocr_line ocrx_word'/>
</head>
<body>
  <div class='ocr_page' id='page_1' title='image "./liturgiarumorie03renagoog_0615.png"; bbox 0 0 4736 6064; ppageno 0'>
   <div class='ocr_carea' id='block_1_1' title="bbox 671 558 1656 640">
    <p class='ocr_par' dir='ltr' id='par_1_1' title="bbox 671 558 1656 640">
     <span class='ocr_line' id='line_1_1' title="bbox 671 558 1656 640; baseline -0.004 -1"><span class='ocrx_word' id='word_1_1' title='bbox 671 565 746 640; x_wconf 83' lang='lat'><em>452</em></span> <span class='ocrx_word' id='word_1_2' title='bbox 1060 560 1217 639; x_wconf 86' lang='lat' dir='ltr'>RITUS</span> <span class='ocrx_word' id='word_1_3' title='bbox 1250 558 1656 636; x_wconf 80' lang='lat' dir='ltr'><em>ORDleTlOlllS</em></span> 
     </span>
    </p>
   </div>
   <div class='ocr_carea' id='block_1_2' title="bbox 670 756 2049 1203">
    <p class='ocr_par' dir='ltr' id='par_1_2' title="bbox 670 756 2048 857">
     <span class='ocr_line' id='line_1_2' title="bbox 670 756 2048 857; baseline -0.005 -22"><span class='ocrx_word' id='word_1_4' title='bbox 670 767 852 857; x_wconf 77' lang='lat' dir='ltr'><em>seniorque</em></span> <span class='ocrx_word' id='word_1_5' title='bbox 884 762 1077 853; x_wconf 85' lang='lat' dir='ltr'><em>Episcopus</em></span> <span class='ocrx_word' id='word_1_6' title='bbox 1112 763 1262 852; x_wconf 76' lang='lat' dir='ltr'><em>imponet</em></span> <span class='ocrx_word' id='word_1_7' title='bbox 1294 779 1427 828; x_wconf 73' lang='lat' dir='ltr'><em>mouns</em></span> <span class='ocrx_word' id='word_1_8' title='bbox 1462 756 1641 828; x_wconf 76' lang='lat' dir='ltr'><em>dexteram</em></span> <span class='ocrx_word' id='word_1_9' title='bbox 1675 780 1771 828; x_wconf 84' lang='lat' dir='ltr'><em>suom</em></span> <span class='ocrx_word' id='word_1_10' title='bbox 1805 779 1909 850; x_wconf 81' lang='lat' dir='ltr'><em>super</em></span> <span class='ocrx_word' id='word_1_11' title='bbox 1945 765 2048 850; x_wconf 85' lang='lat' dir='ltr'><em>capnt</em></span> 
     </span>
    </p>

    <p class='ocr_par' dir='ltr' id='par_1_3' title="bbox 671 872 2049 1087">
     <span class='ocr_line' id='line_1_3' title="bbox 671 872 1928 974; baseline -0.011 -24"><span class='ocrx_word' id='word_1_12' title='bbox 671 886 761 970; x_wconf 85' lang='lat' dir='ltr'><em>ejus:</em></span> <span class='ocrx_word' id='word_1_13' title='bbox 787 885 822 950; x_wconf 90' lang='lat' dir='ltr'><em>et</em></span> <span class='ocrx_word' id='word_1_14' title='bbox 849 875 1010 947; x_wconf 84' lang='lat' dir='ltr'><em>clamabit</em></span> <span class='ocrx_word' id='word_1_15' title='bbox 1035 875 1315 945; x_wconf 81' lang='lat' dir='ltr'><em>Aroiidioconns</em></span> <span class='ocrx_word' id='word_1_16' title='bbox 1342 872 1468 942; x_wconf 85' lang='lat' dir='ltr'><em>dicens.</em></span> <span class='ocrx_word' id='word_1_17' title='bbox 1926 969 1928 974; x_wconf 87' lang='lat'>.</span> 
     </span>
     <span class='ocr_line' id='line_1_4' title="bbox 723 983 2049 1087; baseline -0.004 -22"><span class='ocrx_word' id='word_1_18' title='bbox 723 995 847 1066; x_wconf 90' lang='lat' dir='ltr'><em>Divina</em></span> <span class='ocrx_word' id='word_1_19' title='bbox 874 997 982 1086; x_wconf 83' lang='lat' dir='ltr'><em>gratia</em></span> <span class='ocrx_word' id='word_1_20' title='bbox 1011 1013 1097 1087; x_wconf 90' lang='lat' dir='ltr'><em>quae</em></span> <span class='ocrx_word' id='word_1_21' title='bbox 1125 991 1252 1061; x_wconf 89' lang='lat' dir='ltr'><em>inllrmu</em></span> <span class='ocrx_word' id='word_1_22' title='bbox 1279 1012 1343 1064; x_wconf 89' lang='lat' dir='ltr'><em>su·</em></span> <span class='ocrx_word' id='word_1_23' title='bbox 1427 984 1470 1060; x_wconf 90' lang='lat' dir='ltr'><em>‘H</em></span> <span class='ocrx_word' id='word_1_24' title='bbox 1494 985 1578 1058; x_wconf 75' lang='lat' dir='ltr'><em>eea</em></span> <span class='ocrx_word' id='word_1_25' title='bbox 1597 983 1702 1085; x_wconf 84' lang='grc' dir='ltr'><em>χάρις</em></span> <span class='ocrx_word' id='word_1_26' title='bbox 1718 985 1740 1082; x_wconf 78' lang='grc' dir='ltr'><strong><em>ἡ</em></strong></span> <span class='ocrx_word' id='word_1_27' title='bbox 1755 983 1801 1060; x_wconf 79' lang='lat' dir='ltr'><em>rol</em></span> <span class='ocrx_word' id='word_1_28' title='bbox 1817 983 1959 1082; x_wconf 76' lang='grc' dir='ltr'><em>ἀσθενῆ</em></span> <span class='ocrx_word' id='word_1_29' title='bbox 1979 989 2049 1060; x_wconf 81' lang='grc' dir='ltr'><em>θε-</em></span> 
     </span>
    </p>

    <p class='ocr_par' dir='ltr' id='par_1_4' title="bbox 670 1085 2049 1203">
     <span class='ocr_line' id='line_1_5' title="bbox 670 1085 2049 1203; baseline -0.008 -21"><span class='ocrx_word' id='word_1_30' title='bbox 670 1121 738 1199; x_wconf 89' lang='lat' dir='ltr'><em>nat,</em></span> <span class='ocrx_word' id='word_1_31' title='bbox 766 1121 800 1181; x_wconf 88' lang='lat' dir='ltr'><em>et</em></span> <span class='ocrx_word' id='word_1_32' title='bbox 826 1109 1014 1181; x_wconf 87' lang='lat' dir='ltr'><em>deficientia</em></span> <span class='ocrx_word' id='word_1_33' title='bbox 1035 1107 1156 1203; x_wconf 89' lang='lat' dir='ltr'><em>replet,</em></span> <span class='ocrx_word' id='word_1_34' title='bbox 1184 1129 1342 1201; x_wconf 87' lang='lat' dir='ltr'><em>semper·</em></span> <span class='ocrx_word' id='word_1_35' title='bbox 1382 1085 1607 1184; x_wconf 62' lang='grc' dir='ltr'><strong><em>ραπῦύθυσα,</em></strong></span> <span class='ocrx_word' id='word_1_36' title='bbox 1653 1087 1714 1162; x_wconf 69' lang='grc' dir='ltr'><em>καὶ</em></span> <span class='ocrx_word' id='word_1_37' title='bbox 1758 1086 1804 1162; x_wconf 70' lang='grc' dir='ltr'><em>τᾶ</em></span> <span class='ocrx_word' id='word_1_38' title='bbox 1843 1089 2049 1165; x_wconf 67' lang='grc' dir='ltr'><em>ἐλλείποντα</em></span> 
     </span>
    </p>
   </div>
   <div class='ocr_carea' id='block_1_3' title="bbox 671 1188 2049 1392">
    <p class='ocr_par' dir='ltr' id='par_1_5' title="bbox 671 1188 2049 1392">
     <span class='ocr_line' id='line_1_6' title="bbox 671 1188 2049 1324; baseline -0.017 -27"><span class='ocrx_word' id='word_1_39' title='bbox 671 1247 736 1322; x_wconf 90' lang='lat' dir='ltr'><em>que</em></span> <span class='ocrx_word' id='word_1_40' title='bbox 763 1223 1007 1320; x_wconf 82' lang='lat' dir='ltr'><em>providentium</em></span> <span class='ocrx_word' id='word_1_41' title='bbox 1038 1225 1127 1314; x_wconf 85' lang='lat' dir='ltr'><em>gerit</em></span> <span class='ocrx_word' id='word_1_42' title='bbox 1153 1232 1341 1296; x_wconf 87' lang='lat' dir='ltr'><em>sanctarum</em></span> <span class='ocrx_word' id='word_1_43' title='bbox 1383 1188 1667 1321; x_wconf 50' lang='grc' dir='ltr'><em>ἅναπληςθῦσαζ</em></span> <span class='ocrx_word' id='word_1_44' title='bbox 1692 1189 1753 1318; x_wconf 56' lang='grc' dir='ltr'><em>κίξῖ</em></span> <span class='ocrx_word' id='word_1_45' title='bbox 1771 1191 1966 1321; x_wconf 49' lang='grc' dir='ltr'><em>’πρόνςιοξν</em></span> <span class='ocrx_word' id='word_1_46' title='bbox 1995 1191 2049 1324; x_wconf 66' lang='lat' dir='ltr'><em>pisi</em></span> 
     </span>
     <span class='ocr_line' id='line_1_7' title="bbox 1381 1320 2049 1392; baseline -0.012 -26"><span class='ocrx_word' id='word_1_47' title='bbox 1381 1321 1582 1388; x_wconf 71' lang='lat' dir='ltr'><em>notovptet&#39;tp</em></span> <span class='ocrx_word' id='word_1_48' title='bbox 1615 1320 1691 1368; x_wconf 77' lang='grc' dir='ltr'><em>των</em></span> <span class='ocrx_word' id='word_1_49' title='bbox 1715 1321 1832 1392; x_wconf 74' lang='grc' dir='ltr'><em>αγιων</em></span> <span class='ocrx_word' id='word_1_50' title='bbox 1853 1322 1961 1388; x_wconf 82' lang='grc' dir='ltr'><em>αυτης</em></span> <span class='ocrx_word' id='word_1_51' title='bbox 1986 1322 2049 1384; x_wconf 22' lang='grc' dir='ltr'><em>εκ,-</em></span> 
     </span>
    </p>
   </div>
   <div class='ocr_carea' id='block_1_4' title="bbox 671 1339 1342 1433">
    <p class='ocr_par' dir='ltr' id='par_1_6' title="bbox 671 1339 1342 1433">
     <span class='ocr_line' id='line_1_8' title="bbox 671 1339 1342 1433; baseline -0.009 -19"><span class='ocrx_word' id='word_1_52' title='bbox 671 1339 1342 1433; x_wconf 87' lang='lat' dir='ltr'><em>suarumEcclesiarum,promovetistum</em></span> 
     </span>
    </p>
   </div>
   <div class='ocr_carea' id='block_1_5' title="bbox 670 1451 2160 2444">
    <p class='ocr_par' dir='ltr' id='par_1_7' title="bbox 670 1451 2160 2444">
     <span class='ocr_line' id='line_1_9' title="bbox 670 1451 2048 1596; baseline 0.008 -70"><span class='ocrx_word' id='word_1_53' title='bbox 670 1480 717 1526; x_wconf 86' lang='lat' dir='ltr'><em>ex</em></span> <span class='ocrx_word' id='word_1_54' title='bbox 736 1454 1011 1550; x_wconf 77' lang='lat' dir='ltr'><em>presbyterorum</em></span> <span class='ocrx_word' id='word_1_55' title='bbox 1030 1453 1193 1526; x_wconf 87' lang='lat' dir='ltr'><em>ordinein</em></span> <span class='ocrx_word' id='word_1_56' title='bbox 1211 1451 1341 1526; x_wconf 85' lang='lat' dir='ltr'><em>Archi-</em></span> <span class='ocrx_word' id='word_1_57' title='bbox 1380 1499 1635 1595; x_wconf 46' lang='grc' dir='ltr'><em>πρεσβυτέρων</em></span> <span class='ocrx_word' id='word_1_58' title='bbox 1675 1501 1722 1582; x_wconf 44' lang='grc' dir='ltr'><em>εἷς</em></span> <span class='ocrx_word' id='word_1_59' title='bbox 1768 1496 2048 1596; x_wconf 47' lang='lat' dir='ltr'><em>&amp;mmmm</em></span> 
     </span>
     <span class='ocr_line' id='line_1_10' title="bbox 671 1566 2047 1700; baseline 0.001 -58"><span class='ocrx_word' id='word_1_60' title='bbox 671 1574 865 1666; x_wconf 87' lang='lat' dir='ltr'><em>episcopum</em></span> <span class='ocrx_word' id='word_1_61' title='bbox 893 1591 1036 1661; x_wconf 85' lang='lat' dir='ltr'><em>magnae</em></span> <span class='ocrx_word' id='word_1_62' title='bbox 1061 1567 1154 1640; x_wconf 88' lang='lat' dir='ltr'><em>urbis</em></span> <span class='ocrx_word' id='word_1_63' title='bbox 1180 1566 1341 1640; x_wconf 86' lang='lat' dir='ltr'><em>Alexan·</em></span> <span class='ocrx_word' id='word_1_64' title='bbox 1382 1607 1443 1696; x_wconf 63' lang='grc' dir='ltr'><em>τῆς</em></span> <span class='ocrx_word' id='word_1_65' title='bbox 1485 1598 1756 1700; x_wconf 48' lang='grc' dir='ltr'><em>Μαλοπόλδως</em></span> <span class='ocrx_word' id='word_1_66' title='bbox 1788 1600 2047 1700; x_wconf 49' lang='grc' dir='ltr'><strong><em>Ἀλεξανδρίας,</em></strong></span> 
     </span>
     <span class='ocr_line' id='line_1_11' title="bbox 671 1682 2048 1803; baseline -0.001 -45"><span class='ocrx_word' id='word_1_67' title='bbox 671 1687 764 1758; x_wconf 87' lang='lat' dir='ltr'><em>driae</em></span> <span class='ocrx_word' id='word_1_68' title='bbox 791 1696 825 1757; x_wconf 88' lang='lat' dir='ltr'><em>et</em></span> <span class='ocrx_word' id='word_1_69' title='bbox 850 1688 999 1777; x_wconf 84' lang='lat' dir='ltr'><em>regionis</em></span> <span class='ocrx_word' id='word_1_70' title='bbox 1017 1685 1179 1779; x_wconf 77' lang='lat' dir='ltr'><em>Aegypti,</em></span> <span class='ocrx_word' id='word_1_71' title='bbox 1206 1682 1341 1756; x_wconf 92' lang='lat' dir='ltr'><em>Nomo-</em></span> <span class='ocrx_word' id='word_1_72' title='bbox 1380 1702 1441 1776; x_wconf 62' lang='grc' dir='ltr'><em>καὶ</em></span> <span class='ocrx_word' id='word_1_73' title='bbox 1456 1701 1535 1779; x_wconf 65' lang='grc' dir='ltr'><strong><em>κατ’</em></strong></span> <span class='ocrx_word' id='word_1_74' title='bbox 1551 1702 1746 1802; x_wconf 58' lang='lat' dir='ltr'><em>,42qu„</em></span> <span class='ocrx_word' id='word_1_75' title='bbox 1761 1700 1883 1803; x_wconf 67' lang='grc' dir='ltr'><em>χώρας</em></span> <span class='ocrx_word' id='word_1_76' title='bbox 1896 1703 1957 1778; x_wconf 67' lang='grc' dir='ltr'><em>καὶ</em></span> <span class='ocrx_word' id='word_1_77' title='bbox 1973 1711 2048 1780; x_wconf 61' lang='grc' dir='ltr'><em>τῶν</em></span> 
     </span>
     <span class='ocr_line' id='line_1_12' title="bbox 670 1800 2048 1903; baseline 0.008 -32"><span class='ocrx_word' id='word_1_78' title='bbox 670 1823 810 1895; x_wconf 88' lang='lat' dir='ltr'><em>rumque</em></span> <span class='ocrx_word' id='word_1_79' title='bbox 838 1804 920 1893; x_wconf 88' lang='lat' dir='ltr'><em>ejus.</em></span> <span class='ocrx_word' id='word_1_80' title='bbox 948 1800 1089 1872; x_wconf 89' lang='lat' dir='ltr'><em>Oremus</em></span> <span class='ocrx_word' id='word_1_81' title='bbox 1108 1801 1207 1890; x_wconf 86' lang='lat' dir='ltr'><em>igitur</em></span> <span class='ocrx_word' id='word_1_82' title='bbox 1224 1821 1340 1872; x_wconf 90' lang='lat' dir='ltr'><em>omnes</em></span> <span class='ocrx_word' id='word_1_83' title='bbox 1380 1803 1509 1899; x_wconf 71' lang='grc' dir='ltr'>νόμων</span> <span class='ocrx_word' id='word_1_84' title='bbox 1551 1804 1668 1903; x_wconf 76' lang='grc' dir='ltr'><strong><em>αὐτῆς.</em></strong></span> <span class='ocrx_word' id='word_1_85' title='bbox 1739 1804 1934 1901; x_wconf 65' lang='lat' dir='ltr'><em>nisinen</em></span> <span class='ocrx_word' id='word_1_86' title='bbox 1979 1803 2048 1882; x_wconf 84' lang='grc' dir='ltr'><em>οὖν</em></span> 
     </span>
     <span class='ocr_line' id='line_1_13' title="bbox 672 1906 2048 2011; baseline -0.004 -22"><span class='ocrx_word' id='word_1_87' title='bbox 672 1915 769 1989; x_wconf 87' lang='lat' dir='ltr'><em>simul</em></span> <span class='ocrx_word' id='word_1_88' title='bbox 795 1925 1011 2011; x_wconf 82' lang='lat' dir='ltr'><em>praesenteS,</em></span> <span class='ocrx_word' id='word_1_89' title='bbox 1038 1924 1073 1986; x_wconf 89' lang='lat' dir='ltr'><em>ul</em></span> <span class='ocrx_word' id='word_1_90' title='bbox 1099 1917 1213 1986; x_wconf 83' lang='lat' dir='ltr'><em>veniat</em></span> <span class='ocrx_word' id='word_1_91' title='bbox 1239 1935 1342 2010; x_wconf 84' lang='lat' dir='ltr'><em>super</em></span> <span class='ocrx_word' id='word_1_92' title='bbox 1382 1906 1510 1992; x_wconf 71' lang='grc' dir='ltr'><em>πάντες</em></span> <span class='ocrx_word' id='word_1_93' title='bbox 1540 1909 1574 1981; x_wconf 86' lang='lat' dir='ltr'><em>oi</em></span> <span class='ocrx_word' id='word_1_94' title='bbox 1600 1907 1848 2007; x_wconf 72' lang='lat' dir='ltr'><em>ovpnndoorrec</em></span> <span class='ocrx_word' id='word_1_95' title='bbox 1874 1912 1934 1985; x_wconf 75' lang='grc' dir='ltr'><em>ἵνα</em></span> <span class='ocrx_word' id='word_1_96' title='bbox 1956 1913 2048 2005; x_wconf 66' lang='lat' dir='ltr'><em>iliis}</em></span> 
     </span>
     <span class='ocr_line' id='line_1_14' title="bbox 672 2008 2160 2136; baseline 0.008 -34"><span class='ocrx_word' id='word_1_97' title='bbox 672 2054 747 2103; x_wconf 88' lang='lat' dir='ltr'><em>eum</em></span> <span class='ocrx_word' id='word_1_98' title='bbox 774 2034 883 2124; x_wconf 85' lang='lat' dir='ltr'><em>gratia</em></span> <span class='ocrx_word' id='word_1_99' title='bbox 909 2031 1052 2127; x_wconf 80' lang='lat' dir='ltr'>Spiritus</span> <span class='ocrx_word' id='word_1_100' title='bbox 1079 2033 1194 2102; x_wconf 87' lang='lat' dir='ltr'><em>sancti.</em></span> <span class='ocrx_word' id='word_1_101' title='bbox 1382 2009 1434 2084; x_wconf 61' lang='grc' dir='ltr'><em>ἐπ’</em></span> <span class='ocrx_word' id='word_1_102' title='bbox 1460 2008 1573 2136; x_wconf 59' lang='grc' dir='ltr'><em>ξῖὖῑόν</em></span> <span class='ocrx_word' id='word_1_103' title='bbox 1598 2009 1748 2110; x_wconf 63' lang='grc' dir='ltr'><strong><em>ἦχάθιέ</em></strong></span> <span class='ocrx_word' id='word_1_104' title='bbox 1771 2019 1838 2089; x_wconf 65' lang='lat'><em>²³⁰5</em></span> <span class='ocrx_word' id='word_1_105' title='bbox 1864 2012 2048 2113; x_wconf 54' lang='grc' dir='ltr'><strong><em>παναγῶν</em></strong></span> <span class='ocrx_word' id='word_1_106' title='bbox 2156 2083 2160 2090; x_wconf 91' lang='grc'>-</span> 
     </span>
     <span class='ocr_line' id='line_1_15' title="bbox 1381 2141 1591 2208; baseline -0.019 -20"><span class='ocrx_word' id='word_1_107' title='bbox 1381 2141 1591 2208; x_wconf 71' lang='grc' dir='ltr'><strong><em>πνευματος.</em></strong></span> 
     </span>
     <span class='ocr_line' id='line_1_16' title="bbox 777 2225 1672 2322; baseline 0.004 -24"><span class='ocrx_word' id='word_1_108' title='bbox 777 2227 940 2320; x_wconf 81' lang='lat' dir='ltr'><em>Populos.</em></span> <span class='ocrx_word' id='word_1_109' title='bbox 966 2225 1072 2322; x_wconf 74' lang='lat' dir='ltr'><em>llyrie</em></span> <span class='ocrx_word' id='word_1_110' title='bbox 1099 2225 1236 2297; x_wconf 88' lang='lat' dir='ltr'><em>cleison.</em></span> <span class='ocrx_word' id='word_1_111' title='bbox 1269 2226 1344 2296; x_wconf 88' lang='lat' dir='ltr'><em>Ter.</em></span> <span class='ocrx_word' id='word_1_112' title='bbox 1385 2229 1474 2300; x_wconf 78' lang='lat' dir='ltr'><em>ann.</em></span> <span class='ocrx_word' id='word_1_113' title='bbox 1502 2228 1672 2303; x_wconf 85' lang='lat' dir='ltr'><em>Concede.</em></span> 
     </span>
     <span class='ocr_line' id='line_1_17' title="bbox 724 2339 2047 2444; baseline 0.004 -32"><span class='ocrx_word' id='word_1_114' title='bbox 724 2342 1012 2413; x_wconf 81' lang='lat' dir='ltr'><em>Arebidioconos.</em></span> <span class='ocrx_word' id='word_1_115' title='bbox 1041 2340 1145 2412; x_wconf 86' lang='lat' dir='ltr'><em>Orate</em></span> <span class='ocrx_word' id='word_1_116' title='bbox 1171 2339 1267 2413; x_wconf 88' lang='lat' dir='ltr'><em>simul</em></span> <span class='ocrx_word' id='word_1_117' title='bbox 1284 2344 1339 2436; x_wconf 89' lang='lat' dir='ltr'><em>qui</em></span> <span class='ocrx_word' id='word_1_118' title='bbox 1424 2339 1662 2423; x_wconf 78' lang='grc' dir='ltr'><em>Συνεύξασθε</em></span> <span class='ocrx_word' id='word_1_119' title='bbox 1694 2342 1867 2444; x_wconf 77' lang='grc' dir='ltr'><em>πάροντες</em></span> <span class='ocrx_word' id='word_1_120' title='bbox 1892 2345 1926 2418; x_wconf 88' lang='lat' dir='ltr'><em>oi</em></span> <span class='ocrx_word' id='word_1_121' title='bbox 1952 2342 2047 2418; x_wconf 83' lang='grc' dir='ltr'>ὅσιοι</span> 
     </span>
    </p>
   </div>
   <div class='ocr_carea' id='block_1_6' title="bbox 673 2455 1574 2552">
    <p class='ocr_par' dir='ltr' id='par_1_8' title="bbox 673 2455 1574 2552">
     <span class='ocr_line' id='line_1_18' title="bbox 673 2455 1574 2552; baseline 0.006 -25"><span class='ocrx_word' id='word_1_122' title='bbox 673 2457 798 2531; x_wconf 84' lang='lat' dir='ltr'><em>adestis</em></span> <span class='ocrx_word' id='word_1_123' title='bbox 825 2461 931 2529; x_wconf 88' lang='lat' dir='ltr'><em>sancti</em></span> <span class='ocrx_word' id='word_1_124' title='bbox 957 2455 1124 2552; x_wconf 81' lang='lat' dir='ltr'>Episcopi.</span> <span class='ocrx_word' id='word_1_125' title='bbox 1379 2459 1574 2534; x_wconf 79' lang='grc' dir='ltr'><strong><em>ἐπίσκοποι.</em></strong></span> 
     </span>
    </p>
   </div>
   <div class='ocr_carea' id='block_1_7' title="bbox 676 2585 2046 2908">
    <p class='ocr_par' dir='ltr' id='par_1_9' title="bbox 676 2585 2046 2908">
     <span class='ocr_line' id='line_1_19' title="bbox 676 2585 2046 2680; baseline 0.002 -25"><span class='ocrx_word' id='word_1_126' title='bbox 676 2585 769 2656; x_wconf 88' lang='lat' dir='ltr'><em>Tnnc</em></span> <span class='ocrx_word' id='word_1_127' title='bbox 797 2586 963 2679; x_wconf 75' lang='lat' dir='ltr'><em>Episcopi</em></span> <span class='ocrx_word' id='word_1_128' title='bbox 989 2607 1103 2656; x_wconf 87' lang='lat' dir='ltr'><em>omnes</em></span> <span class='ocrx_word' id='word_1_129' title='bbox 1129 2589 1340 2677; x_wconf 80' lang='lat' dir='ltr'><em>conpreqoti,</em></span> <span class='ocrx_word' id='word_1_130' title='bbox 1368 2611 1452 2658; x_wconf 89' lang='lat' dir='ltr'><em>onos</em></span> <span class='ocrx_word' id='word_1_131' title='bbox 1474 2594 1555 2680; x_wconf 91' lang='lat' dir='ltr'><em>post</em></span> <span class='ocrx_word' id='word_1_132' title='bbox 1582 2588 1726 2659; x_wconf 87' lang='lat' dir='ltr'><em>alterum</em></span> <span class='ocrx_word' id='word_1_133' title='bbox 1749 2593 1858 2680; x_wconf 79' lang='lat' dir='ltr'><em>junio</em></span> <span class='ocrx_word' id='word_1_134' title='bbox 1892 2588 2046 2658; x_wconf 78' lang='lat' dir='ltr'><em>ordinem</em></span> 
     </span>
     <span class='ocr_line' id='line_1_20' title="bbox 723 2701 2045 2795; baseline 0.003 -25"><span class='ocrx_word' id='word_1_135' title='bbox 723 2723 832 2788; x_wconf 86' lang='lat' dir='ltr'><em>soom,</em></span> <span class='ocrx_word' id='word_1_136' title='bbox 861 2704 1031 2792; x_wconf 88' lang='lat' dir='ltr'><em>imponent</em></span> <span class='ocrx_word' id='word_1_137' title='bbox 1057 2721 1189 2768; x_wconf 84' lang='lat' dir='ltr'><em>monum</em></span> <span class='ocrx_word' id='word_1_138' title='bbox 1216 2701 1395 2771; x_wconf 72' lang='lat' dir='ltr'><em>dexteram</em></span> <span class='ocrx_word' id='word_1_139' title='bbox 1420 2725 1514 2772; x_wconf 87' lang='lat' dir='ltr'><em>soom</em></span> <span class='ocrx_word' id='word_1_140' title='bbox 1540 2724 1643 2795; x_wconf 86' lang='lat' dir='ltr'><em>super</em></span> <span class='ocrx_word' id='word_1_141' title='bbox 1676 2710 1779 2795; x_wconf 88' lang='lat' dir='ltr'><em>eaput</em></span> <span class='ocrx_word' id='word_1_142' title='bbox 1804 2703 1919 2774; x_wconf 88' lang='lat' dir='ltr'><em>Electi</em></span> <span class='ocrx_word' id='word_1_143' title='bbox 1955 2725 2045 2775; x_wconf 88' lang='lat' dir='ltr'><em>oro-</em></span> 
     </span>
     <span class='ocr_line' id='line_1_21' title="bbox 723 2813 1652 2908; baseline 0.003 -24"><span class='ocrx_word' id='word_1_144' title='bbox 723 2813 870 2908; x_wconf 86' lang='lat' dir='ltr'><em>bnntqne</em></span> <span class='ocrx_word' id='word_1_145' title='bbox 896 2836 999 2905; x_wconf 88' lang='lat' dir='ltr'><em>snper</em></span> <span class='ocrx_word' id='word_1_146' title='bbox 1026 2835 1119 2899; x_wconf 89' lang='lat' dir='ltr'><em>enm,</em></span> <span class='ocrx_word' id='word_1_147' title='bbox 1147 2817 1182 2882; x_wconf 90' lang='lat' dir='ltr'><em>in</em></span> <span class='ocrx_word' id='word_1_148' title='bbox 1209 2813 1296 2884; x_wconf 84' lang='lat' dir='ltr'><em>bone</em></span> <span class='ocrx_word' id='word_1_149' title='bbox 1322 2815 1468 2904; x_wconf 84' lang='lat' dir='ltr'><em>modom,</em></span> <span class='ocrx_word' id='word_1_150' title='bbox 1496 2816 1652 2888; x_wconf 87' lang='lat' dir='ltr'><em>dicendo.</em></span> 
     </span>
    </p>
   </div>
   <div class='ocr_carea' id='block_1_8' title="bbox 1381 1394 2047 1493">
    <p class='ocr_par' dir='ltr' id='par_1_10' title="bbox 1381 1394 2047 1493">
     <span class='ocr_line' id='line_1_22' title="bbox 1381 1394 2047 1493; baseline 0.002 -24"><span class='ocrx_word' id='word_1_151' title='bbox 1381 1401 1551 1490; x_wconf 77' lang='grc' dir='ltr'><em>κλησιών,</em></span> <span class='ocrx_word' id='word_1_152' title='bbox 1568 1394 1828 1493; x_wconf 76' lang='grc' dir='ltr'><strong><em>προχειρίζεται</em></strong></span> <span class='ocrx_word' id='word_1_153' title='bbox 1844 1395 1910 1471; x_wconf 79' lang='grc' dir='ltr'><em>τὸν</em></span> <span class='ocrx_word' id='word_1_154' title='bbox 1921 1395 1961 1471; x_wconf 79' lang='lat' dir='ltr'><em>di</em></span> <span class='ocrx_word' id='word_1_155' title='bbox 1977 1394 2047 1472; x_wconf 75' lang='lat' dir='ltr'><em>dard</em></span> 
     </span>
    </p>
   </div>
   <div class='ocr_carea' id='block_1_9' title="bbox 670 2958 2046 3168">
    <p class='ocr_par' dir='ltr' id='par_1_11' title="bbox 670 2958 2046 3168">
     <span class='ocr_line' id='line_1_23' title="bbox 774 2958 2046 3054; baseline 0.004 -24"><span class='ocrx_word' id='word_1_156' title='bbox 774 2958 974 3052; x_wconf 89' lang='lat' dir='ltr'><em>Imponimus</em></span> <span class='ocrx_word' id='word_1_157' title='bbox 1007 2979 1123 3028; x_wconf 91' lang='lat' dir='ltr'><em>manus</em></span> <span class='ocrx_word' id='word_1_158' title='bbox 1159 2967 1291 3031; x_wconf 87' lang='lat' dir='ltr'><em>nostras</em></span> <span class='ocrx_word' id='word_1_159' title='bbox 1327 2979 1429 3054; x_wconf 89' lang='lat' dir='ltr'><em>super</em></span> <span class='ocrx_word' id='word_1_160' title='bbox 1468 2959 1609 3032; x_wconf 88' lang='lat' dir='ltr'><em>electum</em></span> <span class='ocrx_word' id='word_1_161' title='bbox 1643 2981 1778 3034; x_wconf 87' lang='lat' dir='ltr'><em>servum</em></span> <span class='ocrx_word' id='word_1_162' title='bbox 1813 2960 1878 3033; x_wconf 91' lang='lat' dir='ltr'><em>Dei</em></span> <span class='ocrx_word' id='word_1_163' title='bbox 1913 2961 1955 3034; x_wconf 91' lang='lat' dir='ltr'><em>N.</em></span> <span class='ocrx_word' id='word_1_164' title='bbox 2008 2963 2046 3035; x_wconf 95' lang='lat' dir='ltr'><em>ln</em></span> 
     </span>
     <span class='ocr_line' id='line_1_24' title="bbox 670 3070 2046 3168; baseline 0.003 -24"><span class='ocrx_word' id='word_1_165' title='bbox 670 3077 804 3146; x_wconf 89' lang='lat' dir='ltr'><em>nomine</em></span> <span class='ocrx_word' id='word_1_166' title='bbox 830 3073 955 3162; x_wconf 88' lang='lat' dir='ltr'><em>Patris,</em></span> <span class='ocrx_word' id='word_1_167' title='bbox 983 3083 1016 3144; x_wconf 88' lang='lat' dir='ltr'><em>et</em></span> <span class='ocrx_word' id='word_1_168' title='bbox 1041 3070 1135 3162; x_wconf 85' lang='lat' dir='ltr'><em>Filii,</em></span> <span class='ocrx_word' id='word_1_169' title='bbox 1163 3082 1197 3144; x_wconf 87' lang='lat' dir='ltr'><em>et</em></span> <span class='ocrx_word' id='word_1_170' title='bbox 1223 3072 1365 3168; x_wconf 80' lang='lat' dir='ltr'><em>Spiritus</em></span> <span class='ocrx_word' id='word_1_171' title='bbox 1393 3078 1517 3164; x_wconf 88' lang='lat' dir='ltr'><em>sancti,</em></span> <span class='ocrx_word' id='word_1_172' title='bbox 1545 3073 1587 3147; x_wconf 88' lang='lat' dir='ltr'><em>ad</em></span> <span class='ocrx_word' id='word_1_173' title='bbox 1620 3075 1875 3164; x_wconf 76' lang='lat' dir='ltr'><em>exaltationem,</em></span> <span class='ocrx_word' id='word_1_174' title='bbox 1912 3073 2046 3150; x_wconf 82' lang='lat' dir='ltr'><em>stabili-</em></span> 
     </span>
    </p>
   </div>
   <div class='ocr_carea' id='block_1_10' title="bbox 670 3187 2183 3286">
    <p class='ocr_par' dir='ltr' id='par_1_12' title="bbox 670 3187 2183 3286">
     <span class='ocr_line' id='line_1_25' title="bbox 670 3187 2183 3286; baseline 0.003 -26"><span class='ocrx_word' id='word_1_175' title='bbox 670 3197 814 3260; x_wconf 81' lang='lat' dir='ltr'><em>mentum</em></span> <span class='ocrx_word' id='word_1_176' title='bbox 842 3197 876 3258; x_wconf 88' lang='lat' dir='ltr'><em>et</em></span> <span class='ocrx_word' id='word_1_177' title='bbox 901 3187 1185 3260; x_wconf 88' lang='lat' dir='ltr'><em>confirmationem</em></span> <span class='ocrx_word' id='word_1_178' title='bbox 1212 3191 1306 3281; x_wconf 89' lang='lat' dir='ltr'><em>piac,</em></span> <span class='ocrx_word' id='word_1_179' title='bbox 1333 3193 1448 3279; x_wconf 87' lang='lat' dir='ltr'><em>unius,</em></span> <span class='ocrx_word' id='word_1_180' title='bbox 1475 3187 1749 3286; x_wconf 85' lang='lat' dir='ltr'><em>indivisibilisque</em></span> <span class='ocrx_word' id='word_1_181' title='bbox 1764 3189 1954 3282; x_wconf 76' lang='lat' dir='ltr'><em>Ecclesiae,</em></span> <span class='ocrx_word' id='word_1_182' title='bbox 1981 3193 2046 3266; x_wconf 91' lang='lat' dir='ltr'><em>Dei</em></span> <span class='ocrx_word' id='word_1_183' title='bbox 2173 3234 2183 3248; x_wconf 91' lang='lat'>·</span> 
     </span>
    </p>
   </div>
   <div class='ocr_carea' id='block_1_11' title="bbox 641 3301 2048 4322">
    <p class='ocr_par' dir='ltr' id='par_1_13' title="bbox 641 3301 2048 4322">
     <span class='ocr_line' id='line_1_26' title="bbox 668 3301 2048 3400; baseline 0.004 -26"><span class='ocrx_word' id='word_1_184' title='bbox 668 3302 846 3378; x_wconf 90' lang='lat' dir='ltr'><em>invisibilis</em></span> <span class='ocrx_word' id='word_1_185' title='bbox 874 3313 908 3376; x_wconf 92' lang='lat' dir='ltr'><em>et</em></span> <span class='ocrx_word' id='word_1_186' title='bbox 933 3305 1098 3392; x_wconf 86' lang='lat' dir='ltr'><em>viventis,</em></span> <span class='ocrx_word' id='word_1_187' title='bbox 1126 3325 1224 3397; x_wconf 90' lang='lat' dir='ltr'><em>quam</em></span> <span class='ocrx_word' id='word_1_188' title='bbox 1251 3301 1408 3377; x_wconf 81' lang='lat' dir='ltr'><em>formavit</em></span> <span class='ocrx_word' id='word_1_189' title='bbox 1433 3327 1496 3400; x_wconf 87' lang='lat' dir='ltr'><em>per</em></span> <span class='ocrx_word' id='word_1_190' title='bbox 1521 3304 1803 3394; x_wconf 86' lang='lat' dir='ltr'><em>Inomnationem,</em></span> <span class='ocrx_word' id='word_1_191' title='bbox 1829 3310 2048 3380; x_wconf 83' lang='lat' dir='ltr'><em>universam-</em></span> 
     </span>
     <span class='ocr_line' id='line_1_27' title="bbox 671 3419 2046 3522; baseline 0.004 -33"><span class='ocrx_word' id='word_1_192' title='bbox 671 3442 736 3522; x_wconf 85' lang='lat' dir='ltr'><em>que</em></span> <span class='ocrx_word' id='word_1_193' title='bbox 763 3419 1044 3515; x_wconf 87' lang='lat' dir='ltr'><em>dispensationem</em></span> <span class='ocrx_word' id='word_1_194' title='bbox 1071 3441 1183 3508; x_wconf 91' lang='lat' dir='ltr'><em>suam,</em></span> <span class='ocrx_word' id='word_1_195' title='bbox 1210 3440 1361 3509; x_wconf 87' lang='lat' dir='ltr'><em>erucem,</em></span> <span class='ocrx_word' id='word_1_196' title='bbox 1388 3432 1549 3510; x_wconf 89' lang='lat' dir='ltr'><em>mortem,</em></span> <span class='ocrx_word' id='word_1_197' title='bbox 1577 3430 1611 3492; x_wconf 88' lang='lat' dir='ltr'><em>et</em></span> <span class='ocrx_word' id='word_1_198' title='bbox 1642 3423 1924 3494; x_wconf 87' lang='lat' dir='ltr'><em>resurrectionem</em></span> <span class='ocrx_word' id='word_1_199' title='bbox 1951 3443 2046 3495; x_wconf 90' lang='lat' dir='ltr'><em>suam</em></span> 
     </span>
     <span class='ocr_line' id='line_1_28' title="bbox 671 3530 2047 3626; baseline 0.003 -22"><span class='ocrx_word' id='word_1_200' title='bbox 671 3559 691 3604; x_wconf 89' lang='lat' dir='ltr'><em>a</em></span> <span class='ocrx_word' id='word_1_201' title='bbox 718 3538 868 3620; x_wconf 84' lang='lat' dir='ltr'><em>mortuis,</em></span> <span class='ocrx_word' id='word_1_202' title='bbox 896 3535 989 3607; x_wconf 90' lang='lat' dir='ltr'><em>Deus</em></span> <span class='ocrx_word' id='word_1_203' title='bbox 1016 3556 1063 3605; x_wconf 87' lang='lat' dir='ltr'><em>ex</em></span> <span class='ocrx_word' id='word_1_204' title='bbox 1089 3530 1176 3620; x_wconf 93' lang='lat' dir='ltr'><em>Deo,</em></span> <span class='ocrx_word' id='word_1_205' title='bbox 1203 3535 1392 3626; x_wconf 86' lang='lat' dir='ltr'><em>unigenitus</em></span> <span class='ocrx_word' id='word_1_206' title='bbox 1419 3536 1549 3622; x_wconf 86' lang='lat' dir='ltr'><em>Patris,</em></span> <span class='ocrx_word' id='word_1_207' title='bbox 1576 3536 1676 3608; x_wconf 83' lang='lat' dir='ltr'><em>iesus</em></span> <span class='ocrx_word' id='word_1_208' title='bbox 1704 3534 1855 3607; x_wconf 86' lang='lat' dir='ltr'><em>Christus</em></span> <span class='ocrx_word' id='word_1_209' title='bbox 1881 3537 2047 3610; x_wconf 88' lang='lat' dir='ltr'><em>Dominus</em></span> 
     </span>
     <span class='ocr_line' id='line_1_29' title="bbox 669 3638 2047 3745; baseline 0 -25"><span class='ocrx_word' id='word_1_210' title='bbox 669 3638 804 3722; x_wconf 87' lang='lat' dir='ltr'><em>noster:</em></span> <span class='ocrx_word' id='word_1_211' title='bbox 832 3649 874 3721; x_wconf 89' lang='lat' dir='ltr'><em>ad</em></span> <span class='ocrx_word' id='word_1_212' title='bbox 902 3648 1218 3721; x_wconf 83' lang='lat' dir='ltr'><em>demonstrationem</em></span> <span class='ocrx_word' id='word_1_213' title='bbox 1240 3647 1439 3738; x_wconf 86' lang='lat' dir='ltr'><em>judiciorum</em></span> <span class='ocrx_word' id='word_1_214' title='bbox 1465 3652 1630 3739; x_wconf 87' lang='lat' dir='ltr'><em>veritatis,</em></span> <span class='ocrx_word' id='word_1_215' title='bbox 1657 3659 1911 3743; x_wconf 87' lang='lat' dir='ltr'><em>sanctarumque</em></span> <span class='ocrx_word' id='word_1_216' title='bbox 1936 3671 2047 3745; x_wconf 88' lang='lat' dir='ltr'><em>prae-</em></span> 
     </span>
     <span class='ocr_line' id='line_1_30' title="bbox 672 3761 2046 3858; baseline 0.001 -24"><span class='ocrx_word' id='word_1_217' title='bbox 672 3763 868 3852; x_wconf 88' lang='lat' dir='ltr'><em>dictionmn,</em></span> <span class='ocrx_word' id='word_1_218' title='bbox 895 3762 1124 3856; x_wconf 88' lang='lat' dir='ltr'><em>donorumque</em></span> <span class='ocrx_word' id='word_1_219' title='bbox 1150 3782 1342 3833; x_wconf 88' lang='lat' dir='ltr'><em>sacrorum:</em></span> <span class='ocrx_word' id='word_1_220' title='bbox 1371 3761 1659 3858; x_wconf 88' lang='lat' dir='ltr'><em>doctrinarumque</em></span> <span class='ocrx_word' id='word_1_221' title='bbox 1673 3766 1845 3835; x_wconf 88' lang='lat' dir='ltr'><em>veracium</em></span> <span class='ocrx_word' id='word_1_222' title='bbox 1867 3763 1909 3834; x_wconf 90' lang='lat' dir='ltr'><em>de</em></span> <span class='ocrx_word' id='word_1_223' title='bbox 1927 3764 2046 3836; x_wconf 82' lang='lat' dir='ltr'><em>Trini-</em></span> 
     </span>
     <span class='ocr_line' id='line_1_31' title="bbox 670 3874 2045 3974; baseline 0 -24"><span class='ocrx_word' id='word_1_224' title='bbox 670 3889 739 3950; x_wconf 89' lang='lat' dir='ltr'><em>tate</em></span> <span class='ocrx_word' id='word_1_225' title='bbox 765 3889 902 3967; x_wconf 90' lang='lat' dir='ltr'><em>sancta,</em></span> <span class='ocrx_word' id='word_1_226' title='bbox 928 3876 1137 3949; x_wconf 87' lang='lat' dir='ltr'><em>immaculata</em></span> <span class='ocrx_word' id='word_1_227' title='bbox 1161 3885 1198 3967; x_wconf 89' lang='lat' dir='ltr'><em>et</em></span> <span class='ocrx_word' id='word_1_228' title='bbox 1224 3874 1516 3968; x_wconf 88' lang='lat' dir='ltr'><em>consubstantiali,</em></span> <span class='ocrx_word' id='word_1_229' title='bbox 1541 3899 1604 3974; x_wconf 90' lang='lat' dir='ltr'><em>per</em></span> <span class='ocrx_word' id='word_1_230' title='bbox 1630 3900 1764 3950; x_wconf 88' lang='lat' dir='ltr'><em>crucem</em></span> <span class='ocrx_word' id='word_1_231' title='bbox 1791 3887 1950 3952; x_wconf 74' lang='lat' dir='ltr'><em>salictam.</em></span> <span class='ocrx_word' id='word_1_232' title='bbox 1993 3877 2045 3950; x_wconf 87' lang='lat' dir='ltr'><em>Ea</em></span> 
     </span>
     <span class='ocr_line' id='line_1_32' title="bbox 671 3990 2046 4068; baseline -0.001 -2"><span class='ocrx_word' id='word_1_233' title='bbox 671 3997 760 4068; x_wconf 91' lang='lat' dir='ltr'><em>euim</em></span> <span class='ocrx_word' id='word_1_234' title='bbox 787 4002 840 4066; x_wconf 92' lang='lat' dir='ltr'><em>est</em></span> <span class='ocrx_word' id='word_1_235' title='bbox 871 4001 1036 4064; x_wconf 82' lang='lat' dir='ltr'><em>armanno</em></span> <span class='ocrx_word' id='word_1_236' title='bbox 1071 3990 1232 4064; x_wconf 86' lang='lat' dir='ltr'><em>fidelium:</em></span> <span class='ocrx_word' id='word_1_237' title='bbox 1268 3991 1404 4064; x_wconf 84' lang='lat' dir='ltr'><em>firmitas</em></span> <span class='ocrx_word' id='word_1_238' title='bbox 1438 3991 1682 4065; x_wconf 83' lang='lat' dir='ltr'><em>Ecclesiamm:</em></span> <span class='ocrx_word' id='word_1_239' title='bbox 1719 3994 1881 4066; x_wconf 88' lang='lat' dir='ltr'><em>securitas</em></span> <span class='ocrx_word' id='word_1_240' title='bbox 1913 3993 2046 4064; x_wconf 85' lang='lat' dir='ltr'><em>Sacer-</em></span> 
     </span>
     <span class='ocr_line' id='line_1_33' title="bbox 641 4104 2047 4203; baseline -0.001 -20"><span class='ocrx_word' id='word_1_241' title='bbox 641 4111 797 4184; x_wconf 86' lang='lat' dir='ltr'><em>.dotum:</em></span> <span class='ocrx_word' id='word_1_242' title='bbox 824 4111 966 4182; x_wconf 85' lang='lat' dir='ltr'><em>victoria</em></span> <span class='ocrx_word' id='word_1_243' title='bbox 993 4127 1125 4199; x_wconf 81' lang='lat' dir='ltr'><em>regum:</em></span> <span class='ocrx_word' id='word_1_244' title='bbox 1152 4105 1367 4201; x_wconf 86' lang='lat' dir='ltr'><em>tranquillitas</em></span> <span class='ocrx_word' id='word_1_245' title='bbox 1394 4104 1526 4203; x_wconf 89' lang='lat' dir='ltr'><em>populi:</em></span> <span class='ocrx_word' id='word_1_246' title='bbox 1553 4110 1754 4182; x_wconf 86' lang='lat' dir='ltr'><em>resurrectio</em></span> <span class='ocrx_word' id='word_1_247' title='bbox 1769 4129 1815 4178; x_wconf 82' lang='lat' dir='ltr'><em>ex</em></span> <span class='ocrx_word' id='word_1_248' title='bbox 1834 4109 1986 4200; x_wconf 89' lang='lat' dir='ltr'><em>mortuis,</em></span> <span class='ocrx_word' id='word_1_249' title='bbox 2012 4116 2047 4181; x_wconf 87' lang='lat' dir='ltr'><em>et</em></span> 
     </span>
     <span class='ocr_line' id='line_1_34' title="bbox 668 4221 1637 4322; baseline -0.005 -24"><span class='ocrx_word' id='word_1_250' title='bbox 668 4230 790 4322; x_wconf 80' lang='lat' dir='ltr'><em>pignus</em></span> <span class='ocrx_word' id='word_1_251' title='bbox 815 4221 1064 4318; x_wconf 85' lang='lat' dir='ltr'><em>incorruptibile</em></span> <span class='ocrx_word' id='word_1_252' title='bbox 1090 4224 1256 4316; x_wconf 90' lang='lat' dir='ltr'><em>usquein</em></span> <span class='ocrx_word' id='word_1_253' title='bbox 1283 4230 1465 4293; x_wconf 87' lang='lat' dir='ltr'><em>aeternum.</em></span> <span class='ocrx_word' id='word_1_254' title='bbox 1518 4223 1637 4293; x_wconf 91' lang='lat' dir='ltr'><em>Amen.</em></span> 
     </span>
    </p>
   </div>
   <div class='ocr_carea' id='block_1_12' title="bbox 578 4352 2048 5072">
    <p class='ocr_par' dir='ltr' id='par_1_14' title="bbox 578 4352 2048 5072">
     <span class='ocr_line' id='line_1_35' title="bbox 578 4352 1991 4450; baseline -0.004 -21"><span class='ocrx_word' id='word_1_255' title='bbox 578 4435 589 4450; x_wconf 43' lang='lat'>„</span> <span class='ocrx_word' id='word_1_256' title='bbox 773 4358 823 4428; x_wconf 88' lang='lat' dir='ltr'><em>Et</em></span> <span class='ocrx_word' id='word_1_257' title='bbox 849 4380 922 4428; x_wconf 87' lang='lat' dir='ltr'><em>com</em></span> <span class='ocrx_word' id='word_1_258' title='bbox 947 4357 1175 4448; x_wconf 83' lang='lat' dir='ltr'><em>unusquisqne</em></span> <span class='ocrx_word' id='word_1_259' title='bbox 1203 4375 1318 4424; x_wconf 86' lang='lat' dir='ltr'><em>eorum</em></span> <span class='ocrx_word' id='word_1_260' title='bbox 1341 4355 1484 4446; x_wconf 79' lang='lat' dir='ltr'><em>finierit,</em></span> <span class='ocrx_word' id='word_1_261' title='bbox 1507 4352 1654 4446; x_wconf 84' lang='lat' dir='ltr'><em>populns</em></span> <span class='ocrx_word' id='word_1_262' title='bbox 1680 4353 1752 4424; x_wconf 90' lang='lat' dir='ltr'><em>otto</em></span> <span class='ocrx_word' id='word_1_263' title='bbox 1778 4375 1863 4423; x_wconf 82' lang='lat' dir='ltr'><em>voce</em></span> <span class='ocrx_word' id='word_1_264' title='bbox 1890 4352 1991 4424; x_wconf 87' lang='lat' dir='ltr'><em>dicet.</em></span> 
     </span>
     <span class='ocr_line' id='line_1_36' title="bbox 713 4481 2045 4581; baseline -0.007 -16"><span class='ocrx_word' id='word_1_265' title='bbox 713 4489 854 4578; x_wconf 70' lang='grc' dir='ltr'><strong><em>Ἄξιος,</em></strong></span> <span class='ocrx_word' id='word_1_266' title='bbox 888 4486 1008 4577; x_wconf 73' lang='grc' dir='ltr'><strong><em>ἄξιος,</em></strong></span> <span class='ocrx_word' id='word_1_267' title='bbox 1040 4481 1264 4581; x_wconf 62' lang='lat' dir='ltr'><em>dilucidior</em></span> <span class='ocrx_word' id='word_1_268' title='bbox 1294 4491 1335 4558; x_wconf 84' lang='grc' dir='ltr'><em>Δ.</em></span> <span class='ocrx_word' id='word_1_269' title='bbox 1422 4486 1565 4576; x_wconf 85' lang='lat' dir='ltr'><em>Dignus,</em></span> <span class='ocrx_word' id='word_1_270' title='bbox 1589 4482 1721 4576; x_wconf 81' lang='lat' dir='ltr'><em>dignus,</em></span> <span class='ocrx_word' id='word_1_271' title='bbox 1740 4482 1859 4577; x_wconf 84' lang='lat' dir='ltr'><em>dignus</em></span> <span class='ocrx_word' id='word_1_272' title='bbox 1876 4492 1929 4556; x_wconf 88' lang='lat' dir='ltr'><em>est</em></span> <span class='ocrx_word' id='word_1_273' title='bbox 1943 4481 2045 4558; x_wconf 88' lang='lat' dir='ltr'><em>Abba</em></span> 
     </span>
     <span class='ocr_line' id='line_1_37' title="bbox 670 4597 1731 4704; baseline -0.006 -26"><span class='ocrx_word' id='word_1_274' title='bbox 670 4603 953 4704; x_wconf 76' lang='grc' dir='ltr'><strong><em>ἀρχιεπίσκοπος.</em></strong></span> <span class='ocrx_word' id='word_1_275' title='bbox 1369 4597 1411 4669; x_wconf 89' lang='grc' dir='ltr'><em>Ν.</em></span> <span class='ocrx_word' id='word_1_276' title='bbox 1436 4598 1731 4694; x_wconf 87' lang='lat' dir='ltr'><em>Archiepiscopus.</em></span> 
     </span>
     <span class='ocr_line' id='line_1_38' title="bbox 776 4743 2045 4840; baseline -0.005 -18"><span class='ocrx_word' id='word_1_277' title='bbox 776 4753 865 4823; x_wconf 88' lang='lat' dir='ltr'><em>Post</em></span> <span class='ocrx_word' id='word_1_278' title='bbox 895 4751 983 4823; x_wconf 82' lang='lat' dir='ltr'><em>boec</em></span> <span class='ocrx_word' id='word_1_279' title='bbox 1010 4753 1124 4821; x_wconf 87' lang='lat' dir='ltr'><em>omnio</em></span> <span class='ocrx_word' id='word_1_280' title='bbox 1154 4750 1272 4821; x_wconf 81' lang='lat' dir='ltr'><em>senior</em></span> <span class='ocrx_word' id='word_1_281' title='bbox 1297 4747 1491 4839; x_wconf 79' lang='lat' dir='ltr'><em>Episcopus</em></span> <span class='ocrx_word' id='word_1_282' title='bbox 1525 4749 1673 4839; x_wconf 90' lang='lat' dir='ltr'><em>imponet</em></span> <span class='ocrx_word' id='word_1_283' title='bbox 1708 4747 1742 4815; x_wconf 89' lang='lat' dir='ltr'><em>ei</em></span> <span class='ocrx_word' id='word_1_284' title='bbox 1769 4743 2045 4840; x_wconf 84' lang='lat' dir='ltr'><em>Homopborinm,</em></span> 
     </span>
     <span class='ocr_line' id='line_1_39' title="bbox 674 4855 2048 4961; baseline -0.005 -25"><span class='ocrx_word' id='word_1_285' title='bbox 674 4866 764 4960; x_wconf 84' lang='lat' dir='ltr'><em>qnod</em></span> <span class='ocrx_word' id='word_1_286' title='bbox 790 4873 841 4938; x_wconf 88' lang='lat' dir='ltr'><em>est</em></span> <span class='ocrx_word' id='word_1_287' title='bbox 867 4869 998 4961; x_wconf 83' lang='lat' dir='ltr'><em>insiqne</em></span> <span class='ocrx_word' id='word_1_288' title='bbox 1019 4855 1216 4956; x_wconf 54' lang='lat' dir='ltr'><em>&#39;diqnitotim</em></span> <span class='ocrx_word' id='word_1_289' title='bbox 1252 4882 1357 4955; x_wconf 85' lang='lat' dir='ltr'><em>snper</em></span> <span class='ocrx_word' id='word_1_290' title='bbox 1384 4865 1487 4954; x_wconf 84' lang='lat' dir='ltr'><em>copul</em></span> <span class='ocrx_word' id='word_1_291' title='bbox 1514 4865 1602 4952; x_wconf 65' lang='lat' dir='ltr'><em>qna,</em></span> <span class='ocrx_word' id='word_1_292' title='bbox 1638 4858 1907 4956; x_wconf 85' lang='lat' dir='ltr'><em>dependebitqne</em></span> <span class='ocrx_word' id='word_1_293' title='bbox 1932 4864 1984 4931; x_wconf 86' lang='lat' dir='ltr'><em>ito</em></span> <span class='ocrx_word' id='word_1_294' title='bbox 2009 4866 2048 4930; x_wconf 88' lang='lat' dir='ltr'><em>ut</em></span> 
     </span>
     <span class='ocr_line' id='line_1_40' title="bbox 674 4977 1428 5072; baseline -0.005 -22"><span class='ocrx_word' id='word_1_295' title='bbox 674 4981 860 5052; x_wconf 88' lang='lat' dir='ltr'><em>descendat</em></span> <span class='ocrx_word' id='word_1_296' title='bbox 885 5002 988 5072; x_wconf 89' lang='lat' dir='ltr'><em>snper</em></span> <span class='ocrx_word' id='word_1_297' title='bbox 1010 4984 1131 5072; x_wconf 84' lang='lat' dir='ltr'><em>pectus</em></span> <span class='ocrx_word' id='word_1_298' title='bbox 1158 4982 1247 5069; x_wconf 71' lang='lat' dir='ltr'><em>eius:</em></span> <span class='ocrx_word' id='word_1_299' title='bbox 1272 4981 1309 5049; x_wconf 87' lang='lat' dir='ltr'><em>et</em></span> <span class='ocrx_word' id='word_1_300' title='bbox 1333 4977 1428 5047; x_wconf 90' lang='lat' dir='ltr'><em>dicit.</em></span> 
     </span>
    </p>
   </div>
   <div class='ocr_carea' id='block_1_13' title="bbox 0 0 2372 6064">
    <p class='ocr_par' dir='ltr' id='par_1_15' title="bbox 0 0 2372 6064">
     <span class='ocr_line' id='line_1_41' title="bbox 0 0 2372 6064; baseline 0 0"><span class='ocrx_word' id='word_1_301' title='bbox 0 0 2372 6064; x_wconf 95' lang='lat' dir='ltr'><em> </em></span> 
     </span>
    </p>
   </div>
  </div>
 </body>
</html>
