4670 6046
575 589 651 662 262
919 673 923 682 ¹
1072 587 1446 667 COMMENTARIUS

575 775 706 856 gitimam
735 774 975 856 perceptionem,
1009 775 1087 836 inter
1117 773 1184 837 illos
1212 774 1315 836 modos
1347 775 1495 854 judicetur
1527 792 1596 838 esse
1626 776 1794 839 diversitas.
1838 777 1934 842 Primo

575 873 750 954 simpliciter
771 881 803 936 et
824 874 918 955 magis
941 865 979 934 a'd
1000 890 1114 936 morem
1143 873 1395 953 antiquissimum,
1429 876 1515 955 ponis
1543 874 1640 937 lactus
1670 893 1782 956 eorpus
1814 875 1949 955 Christi,¹

575 973 755 1053 praebetur;
779 979 810 1034 et
831 979 937 1053 postea
960 969 1053 1046 calix,
1077 990 1198 1052 exque
1221 971 1294 1034 bibit
1316 974 1367 1053 qui
1389 974 1594 1037 communicat.
1629 975 1675 1037 Eo
1698 975 1934 1039 anodocommu-

575 1073 676 1134 nicant
697 1071 913 1148 Saea-amentis,
936 1070 1086 1135 Sacerdos
1109 1089 1197 1134 sacra
1219 1072 1393 1149 celebrans,
1422 1071 1499 1135 alter
1526 1075 1577 1154 qui
1598 1083 1725 1137 vocatur
1754 1076 1933 1153 ministrans,

574 1170 624 1234 vel
645 1172 761 1246 socius,
783 1189 870 1252 quem
892 1169 1024 1233 Rituales
1047 1172 1142 1232 nostri
1163 1170 1358 1234 desistentem
1378 1181 1505 1249 vocant;
1534 1173 1747 1255 Diaconusque
1770 1175 1932 1239 ministerio

574 1271 720 1352 iungens:
744 1279 804 1334 tum
826 1269 996 1352 Episcopus
1019 1271 1045 1332 si
1068 1269 1162 1348 adsit,
1184 1287 1241 1331 nec
1263 1271 1426 1354 Liturgiam
1449 1272 1603 1350 celebret,
1635 1289 1694 1334 una
1717 1274 1796 1334 enim
1822 1281 1932 1338 tantum

574 1370 653 1450 apud
677 1369 855 1433 Orientales
868 1370 1049 1433 celebratur.
1093 1369 1248 1434 Secundus
1270 1371 1375 1434 modus
1403 1379 1466 1447 est,
1494 1380 1527 1434 ut
1555 1371 1673 1454 Corpus
1704 1371 1814 1434 Christi
1841 1392 1932 1455 prae-

574 1469 681 1532 beatur
703 1488 720 1530 a
744 1469 921 1534 Sacerdote:
945 1468 1073 1551 Sanguis
1095 1488 1112 1530 a
1134 1469 1268 1531 Diacono
1292 1472 1343 1550 qui
1365 1469 1489 1534 calicem
1511 1477 1604 1546 tenet,
1627 1478 1717 1551 atque
1738 1490 1778 1534 ex
1800 1489 1838 1534 eo
1860 1483 1931 1556 gut-

575 1576 634 1632 tam
657 1569 809 1632 cochleari
831 1568 974 1650 praehet,
1006 1576 1039 1630 ut
1062 1567 1273 1631 Sacerdotibus
1303 1577 1334 1632 et
1361 1569 1426 1631 aliis
1454 1570 1541 1650 primi
1571 1569 1683 1632 ordinis
1712 1569 1931 1636 Ecclesiasticis

574 1668 639 1731 fieri
663 1668 783 1744 Gabriel
806 1669 915 1732 statuit.
961 1668 1078 1730 Tertius
1101 1667 1220 1730 tandem
1242 1677 1288 1730 est
1311 1669 1477 1730 communio
1505 1669 1640 1746 intincta,
1674 1670 1715 1731 ita
1744 1669 1870 1750 scilicet,
1901 1680 1933 1762 pt

575 1787 615 1831 ex
637 1767 739 1830 lraetis
762 1766 924 1848 majoribus
945 1767 1079 1848 partibus
1096 1766 1224 1845 hostiae,
1246 1766 1349 1848 plures
1365 1767 1527 1848 particulae
1545 1770 1575 1830 in
1597 1769 1722 1831 calicem
1734 1769 1932 1848 immittantur,

577 1884 651 1946 quas
675 1866 825 1930 cochleari
846 1865 972 1949 praebet
993 1866 1160 1929 Diaconos:
1183 1873 1272 1946 atque
1296 1885 1331 1928 ea
1353 1869 1470 1930 ratione
1492 1867 1617 1931 secundi
1641 1867 1755 1931 ordinis
1778 1868 1933 1934 Ecclesia·
1979 1865 1982 1872 ’

574 1967 658 2030 sticis
681 1974 712 2028 et
732 1965 851 2046 Laicis,
877 1968 1044 2030 communio
1067 1965 1261 2029 distribuitur.
1285 1966 1368 2028 llano
1389 1984 1463 2028 vero
1487 1966 1671 2048 disciplinam
1699 1986 1760 2030 non
1791 1987 1807 2030 a
1830 1968 1933 2032 Latina

501 2103 504 2110 ·
574 2064 730 2144 Ecclesia,
752 2084 829 2147 quae
852 2065 977 2128 similem
998 2063 1108 2128 nullam
1130 2064 1235 2141 habet,
1259 2065 1353 2128 seda
1376 2065 1492 2128 Graeca
1515 2075 1716 2148 acceperunt,
1745 2086 1784 2128 ne
1806 2071 1873 2148 quis
1896 2089 1934 2133 ex

292 2270 442 2362 Coehlearis
459 2288 528 2325 usus.

574 2166 682 2228 rituum
704 2166 882 2242 imitatione,
906 2163 994 2227 iidem
1016 2179 1137 2244 quoque
1158 2171 1289 2226 nostram
1312 2167 1441 2228 imitatos
1464 2183 1533 2228 essa
1555 2165 1623 2228 illos
1645 2167 1782 2229 somniet

662 2265 836 2329 Cochlearis
858 2265 969 2346 quippe
992 2264 1030 2325 ad
1053 2264 1155 2326 calicis
1174 2265 1430 2346 participationem
1453 2283 1539 2326 usum
1561 2265 1716 2328 aCraeeis
1742 2275 1934 2348 acceperunt,

577 2386 665 2448 quem
692 2365 924 2447 antiquissimum
947 2382 1015 2426 esse
1043 2371 1178 2444 oportet,
1209 2381 1275 2425 cum
1302 2364 1383 2426 nulla
1411 2366 1441 2426 in
1471 2364 1595 2428 Oriente
1621 2366 1759 2428 Ecclesia
1787 2368 1826 2427 sit
1859 2383 1935 2446 quaa

527 2499 529 2507 ·
576 2466 657 2529 illum
680 2483 740 2528 non
762 2471 878 2526 servet:
902 2472 991 2545 atquc
1012 2464 1053 2524 ita
1075 2472 1143 2526 ante
1166 2463 1342 2526 divisionem
1364 2464 1568 2526 Ecclesiarum
1589 2466 1725 2547 viguisse
1754 2465 1832 2527 hanc
1860 2481 1937 2526 con-

576 2565 764 2628 suetudinem
786 2583 914 2626 necesse
937 2570 992 2626 est.
1015 2561 1163 2624 Probatur
1184 2561 1213 2623 id
1236 2563 1303 2644 quia
1326 2562 1425 2642 illurn,
1448 2571 1480 2626 ut
1495 2565 1594 2626 omnia
1611 2564 1725 2646 reliqua
1745 2564 1935 2626 schismatum

576 2665 666 2728 initiis
692 2665 858 2726 vetustiora
888 2669 998 2724 statuta
1028 2660 1221 2741 disciplinae,
1252 2663 1428 2743 consignata
1457 2661 1567 2724 hahent
1594 2665 1624 2724 in
1651 2649 1847 2737 ἀδεσπότοις
1879 2661 1936 2724 illis

578 2764 749 2842 Canonum,
779 2781 855 2843 quos
885 2769 994 2824 vocant
1022 2761 1256 2843 Apostolorum,
1285 2760 1527 2825 Collectionibus.
1581 2763 1614 2824 ln
1642 2763 1699 2824 illis
1728 2763 1778 2846 qui
1805 2761 1936 2824 secunda

577 2862 790 2947 Apostolorum
813 2869 976 2942 praecepta
999 2860 1152 2939 dicuntur,
1177 2858 1355 2924 Constitutio
1380 2869 1479 2940 extat,
1510 2879 1587 2942 quae
1615 2861 1702 2942 jubet
1730 2879 1831 2924 coram
1860 2861 1937 2943 Epi-

576 2980 671 3044 scopo
694 2962 859 3025 Diaconum
881 2961 1060 3024 distribuere
1083 2961 1318 3024 eommnnionem
1340 2959 1474 3042 populo,
1497 2978 1558 3022 non
1580 2969 1612 3024 ut
1635 2962 1785 3026 Sacerdos
1809 2969 1841 3024 et
1860 2961 1937 3043 Epi-

576 3080 687 3142 scopus
710 3060 839 3138 fneiunt‚
862 3061 915 3123 sed
938 3068 1077 3142 tanquam
1100 3061 1265 3123 ministrnm
1288 3054 1417 3141 iapida,
1446 3061 1504 3123 hoc
1534 3069 1580 3123 est
1613 3061 1772 3126 cochleari.
1807 3043 1935 3159 phaeth:

576 3180 644 3222 nam
665 3178 769 3224 vocem
792 3178 947 3244 graecam,
972 3168 1004 3223 ut
1025 3161 1153 3223 inimitas
1176 3160 1248 3223 alias
1273 3163 1471 3224 retinuerunt.
1517 3160 1577 3224 Sed
1604 3178 1792 3244 quacumque
1820 3162 1936 3223 ratione

579 3260 801 3323 administretur
822 3259 1027 3339 Eucharistia,
1050 3260 1177 3341 perinde
1200 3268 1259 3323 est:
1283 3278 1382 3341 neque
1401 3279 1434 3322 se
1450 3259 1558 3322 deesse
1573 3260 1743 3323 existimant
1757 3259 1855 3323 officio
1870 3278 1936 3338 suo,

578 3369 628 3422 aut
651 3379 780 3442 peccare
803 3368 907 3423 contra
930 3359 1042 3424 Christi
1064 3362 1290 3438 institutionem,
1314 3359 1468 3441 ipsiusque
1498 3358 1681 3423 Sacramenti
1708 3367 1859 3437 naturam,
1887 3368 1937 3424 aut

578 3468 683 3523 contra
705 3468 900 3544 praeceptum
922 3460 960 3522 de
982 3459 1114 3524 bibendo
1135 3459 1251 3536 calice,
1275 3477 1341 3526 cum
1371 3461 1410 3520 ita
1439 3457 1563 3522 iaciunt:
1591 3460 1661 3521 licet
1689 3459 1762 3522 satis
1792 3457 1937 3542 intelligat

577 3563 722 3643 quisque,
746 3577 806 3622 non
829 3560 905 3638 bibi,
930 3559 1082 3641 loquendo
1105 3560 1245 3640 proprie,
1268 3559 1408 3635 calicem,
1432 3577 1498 3621 eum
1521 3559 1642 3621 intincta
1666 3560 1832 3621 communio
1855 3558 1938 3619 acci-

578 3663 680 3741 pitur,
704 3668 754 3722 aut
776 3661 851 3724 mica
875 3661 1045 3722 consecrati
1068 3660 1155 3742 panis
1178 3657 1360 3736 madefacta,
1384 3657 1533 3720 cochleari
1555 3659 1726 3738 praebetur.
1756 3655 1843 3732 Quod
1865 3677 1936 3720 sane

578 3759 615 3821 ab
657 3759 792 3822 omnibus
836 3759 1016 3823 concordiae
1053 3758 1241 3822 Christianae
1275 3757 1454 3833 amantibus,
1495 3757 1521 3819 si
1560 3757 1674 3839 absque
1710 3757 1778 3820 ullis
1811 3760 1936 3839 partium

579 3859 769 3942 praejudiciis
800 3857 1009 3922 consideretur
1016 3879 1024 3934 ;
1052 3861 1126 3920 satis
1154 3857 1338 3940 intelligent,
1374 3865 1483 3936 quanta
1512 3857 1675 3937 primorum
1708 3856 1937 3920 Reformationis

580 3958 808 4021 architectorum
830 3957 977 4020 adversus
996 3957 1157 4020 Romanam
1175 3957 1340 4020 Ecclesiam
1359 3955 1503 4019 calumnia
1521 3955 1626 4034 luerit,
1650 3955 1718 4018 dum
1737 3957 1937 4019 recentiorem
2020 3983 2026 3986 ·

581 4057 768 4138 disciplinam
790 4076 830 4118 ex
851 4056 961 4118 invidia
982 4057 1155 4120 Pontificum
1177 4065 1275 4120 natam
1293 4055 1514 4139 judicaverunt,
1537 4058 1623 4136 quasi
1645 4075 1685 4118 ex
1698 4065 1782 4120 certo
1802 4054 1936 4133 consilio,

579 4157 774 4219 Christianam
796 4156 915 4237 plebem
938 4155 1039 4219 calicis
1062 4159 1289 4239 participatione
1313 4155 1525 4218 fraudaverim.
1550 4153 1587 4218 Ut
1609 4155 1687 4217 enim
1710 4154 1789 4236 apud
1804 4152 1936 4217 Graecos

579 4266 610 4320 et
639 4254 809 4319 Orientales
837 4273 941 4318 omnes
972 4257 1023 4337 qui
1049 4273 1104 4319 eos
1130 4258 1233 4320 imitati
1268 4264 1354 4334 sunt,
1383 4273 1495 4318 summa
1524 4274 1598 4338 erga
1627 4254 1737 4318 Christi
1767 4271 1878 4335 eorpus
1908 4259 1938 4315 et

578 4355 756 4438 sanguinem
779 4357 949 4418 reverentia
971 4355 1061 4435 lecit,
1083 4364 1117 4418 ut
1138 4357 1218 4420 calix
1239 4354 1441 4418 tantummodo
1463 4353 1687 4416 Ecclesiasticis
1709 4353 1847 4432 daretur,
1877 4360 1937 4414 tum

579 4457 667 4518 etiam
690 4463 723 4518 ut
746 4474 786 4518 ex
807 4453 902 4518 calice
925 4454 1095 4518 hauriretur
1116 4464 1201 4539 gutta
1224 4464 1253 4518 et
1276 4453 1429 4518 cochleari
1449 4455 1692 4518 distribueretur:
1722 4462 1783 4516 tum
1808 4459 1841 4516 ut
1862 4469 1937 4532 par-

578 4554 667 4618 ticula
690 4555 792 4635 panis,
814 4554 884 4616 vino
907 4555 1041 4635 madida,
1064 4557 1218 4637 utriusque
1241 4555 1353 4636 speciei
1374 4554 1473 4616 locum
1496 4562 1631 4633 teneret,
1662 4554 1796 4636 quamvis
1821 4554 1847 4615 si
1869 4569 1937 4614 mo-

577 4657 675 4718 rosius
698 4661 826 4737 agatur,
848 4654 924 4716 haec
954 4655 1167 4717 communionis
1194 4655 1309 4717 dandae
1339 4654 1449 4729 forma,
1481 4673 1579 4734 neque
1610 4673 1702 4717 verae
1733 4651 1936 4728 comestionis,

580 4771 678 4833 neque
701 4762 790 4834 potus
813 4753 959 4816 rationem
980 4754 1105 4833 haheat,
1128 4755 1168 4816 ita
1191 4761 1221 4816 et
1244 4753 1321 4834 apud
1344 4772 1399 4816 nos
1428 4755 1623 4835 praesertim,
1654 4753 1773 4833 quando
1802 4751 1937 4833 privatae

581 4853 688 4915 missae
717 4851 937 4934 frequentiores
965 4851 1102 4933 luerunt,
1135 4839 1191 4916 sub
1219 4871 1277 4915 una
1305 4853 1408 4934 specie
1437 4852 1622 4916 Eucharistia
1651 4854 1715 4915 dari
1743 4853 1860 4932 coepit,
1897 4868 1936 4912 ex

580 4951 685 5015 eadem
708 4969 783 5032 erga
806 4949 1029 5014 Sacramentum
1051 4953 1238 5030 reverentia,
1262 4952 1342 5015 nullo
1364 4960 1414 5015 aut
1437 4953 1591 5035 religionis
1615 4952 1752 5031 delectu,
1776 4961 1826 5014 aut
1845 4951 1937 5011 inno-

579 5049 669 5114 vandi
690 5050 826 5116 consilio.
850 5052 951 5132 Atque
973 5059 1005 5113 ut
1026 5071 1084 5134 pro
1105 5051 1307 5116 Ecclesiamm
1329 5052 1519 5130 diversitate,
1550 5053 1664 5135 absque
1693 5053 1753 5116 ulla
1783 5047 1938 5115 contradi-
