4686 6060
717 589 758 665 IN
783 587 989 666 nnohann
1016 587 1196 666 cumcun
1222 589 1253 666 S.
1279 587 1405 666 MAROI.
1671 587 1742 662 341

379 770 460 834 nulla
483 789 611 853 unquam
634 774 665 834 in
689 770 812 836 Graecis
833 773 979 836 Ecclesiis
1002 772 1155 836 celebrata
1176 773 1300 855 legitur:
1324 772 1532 854 chrysostomi
1554 791 1679 850 nomen,
1705 772 1747 836 illi

381 889 459 952 quac
482 869 597 934 titulum
619 873 685 954 ejus
707 871 813 951 habet,
837 893 878 937 ex
898 891 956 936 ausu
977 873 1156 954 posteriori,
1178 879 1211 934 ut
1234 873 1360 956 insignis
1389 875 1467 936 inter
1488 871 1746 954 Constantinopo-

299 1017 303 1030 .
377 969 486 1032 litanos
509 967 658 1034 Antistitis
682 970 831 1052 adjectum
853 979 909 1034 est
942 969 1024 1032 Haec
1048 969 1162 1034 dixisse
1183 972 1378 1053 interpretem
1392 973 1534 1053 oportuit,
1555 989 1618 1036 non
1640 971 1697 1036 alia
1710 991 1744 1036 se

379 1069 417 1132 de
438 1067 523 1160 libris
544 1069 640 1133 llosis
662 1069 869 1152 disquisitione
891 1053 1059 1132 inuoluere.

910 1330 1098 1422 Sanctam,
1125 1336 1190 1401 etc.

468 1521 521 1600 Aa
543 1535 603 1598 hoc
630 1534 699 1599 loco
727 1535 853 1598 maxima
881 1532 1041 1597 similitudo
1069 1542 1116 1598 est
1145 1533 1232 1616 hujus
1260 1542 1291 1596 et
1319 1534 1501 1615 roliquamm
1529 1535 1741 1616 Liturgiarum

380 1645 470 1718 atque
492 1635 569 1698 adeo
592 1652 670 1716 quac
693 1633 730 1696 ad
752 1634 905 1696 orationes
927 1635 958 1695 in
985 1633 1160 1715 quibusdam
1187 1632 1263 1696 locis
1298 1633 1492 1716 explicandas
1520 1641 1675 1716 spectant,
1713 1636 1743 1695 in

380 1732 606 1797 Commentariis
637 1732 675 1795 ad
698 1731 852 1814 Copticam
875 1740 905 1794 et
927 1732 1000 1794 alias
1023 1731 1204 1795 sufficienter
1227 1733 1396 1814 expositum
1422 1739 1478 1796 est.
1503 1732 1666 1796 Observari
1689 1752 1745 1796 so-

377 1831 439 1896 lum
462 1833 566 1912 debet,
589 1833 683 1894 verba
716 1833 940 1894 consecratoria
963 1829 1073 1894 Christi
1098 1831 1220 1894 Domini
1247 1831 1364 1895 eodem
1389 1839 1496 1894 tenore
1523 1831 1650 1912 referri,
1684 1849 1744 1913 quo

379 1935 489 2014 passim
512 1938 674 1996 occurrunt
695 1932 726 1994 in
748 1929 872 1994 Graecis
903 1938 934 1993 et
962 1929 1163 1993 Orientalibus
1186 1931 1321 1994 omnihus
1342 1929 1496 2014 liturgiis,
1520 1940 1610 2013 atque
1634 1951 1670 1994 ea
1691 1949 1745 1993 ra-

378 2032 460 2094 tione
482 2035 556 2095 satis
578 2030 792 2106 demonstrari,
815 2049 903 2112 quam
932 2029 1116 2094 calumniosa
1137 2030 1227 2093 inerit
1249 2031 1443 2112 quorumdam
1470 2019 1621 2094 hominum
1652 2048 1746 2094 accu-

378 2131 468 2210 satio,
500 2131 585 2212 quasi
608 2127 912 2212 Orientalesheadcm
945 2131 1151 2211 corruperint,
1175 2138 1208 2194 ut
1229 2130 1398 2194 allomana
1420 2128 1515 2194 forma
1538 2129 1744 2208 deflecterent,

379 2247 466 2311 quam
489 2230 520 2292 in
546 2229 630 2292 libris
660 2229 842 2308 blissalihus,
865 2246 940 2310 quos
967 2227 1173 2294 reformavere
1197 2229 1348 2292 Censores
1377 2229 1514 2292 Romani.
1533 2239 1563 2292 et
1590 2227 1745 2308 Lusitani,

378 2335 459 2391 tanto
496 2329 595 2393 studio
632 2329 838 2410 reponendam
872 2336 1068 2407 curaverunt,
1105 2328 1185 2410 quod
1217 2328 1306 2410 plane
1341 2331 1544 2392 necessarium
1579 2346 1641 2391 non
1673 2327 1744 2406 luit,

377 2446 487 2510 magno
504 2429 693 2492 imbecillium
707 2436 739 2492 et
753 2429 960 2491 illiteratorum
978 2427 1130 2508 scandalo,
1153 2447 1229 2510 quos
1252 2429 1328 2492 istae
1350 2429 1597 2511 interpolationes
1620 2427 1744 2491 alienis·
1855 2441 1864 2454 ·

379 2529 475 2614 simos
498 2547 515 2590 a
538 2528 699 2591 concordia
721 2525 843 2592 iaciunt.

751 2789 798 2860 Te
823 2809 982 2882 roqmnos
1008 2795 1043 2860 et
1069 2789 1285 2862 obsecramur
1312 2795 1376 2860 etc.

490 2981 715 3060 luvocarronsu
739 2989 867 3073 Spiritus
889 2992 992 3078 sancti*
1007 2992 1142 3056 omnibus
1165 2991 1367 3056 Orientalibus
1390 2992 1532 3077 Liturgiis
1555 3011 1743 3057 communem

377 3096 509 3159 continet
531 3095 607 3158 haec
629 3097 736 3160 oratio.
781 3095 834 3158 illa
858 3102 967 3175 antem,
989 3101 1022 3158 ut
1044 3098 1142 3160 omnia
1157 3114 1235 3178 quae
1257 3095 1452 3177 praecedunt,
1475 3114 1536 3160 uno
1559 3104 1665 3160 tenore
1687 3115 1743 3160 re-

374 3193 512 3258 feruntur
534 3196 565 3257 in
588 3196 753 3277 exemplari
777 3193 1065 3277 Cryptalerratensi.
1088 3196 1122 3258 ln
1145 3195 1272 3278 Coptica
1289 3193 1394 3277 Cyrilli
1416 3203 1450 3258 nt
1470 3196 1502 3258 in
1525 3195 1640 3268 duabus
1663 3196 1740 3276 aliis,

375 3295 621 3358 intermiscentur
642 3314 678 3358 ca
702 3313 779 3376 quae
802 3315 819 3358 a
841 3293 954 3376 populo
984 3295 1016 3356 in
1036 3293 1107 3358 lidei
1129 3296 1346 3373 testimonium,
1375 3303 1405 3358 et
1424 3313 1443 3356 a
1465 3295 1617 3371 bissono,
1646 3305 1680 3359 ut
1702 3296 1740 3359 ad

375 3395 542 3459 orationem
565 3401 595 3457 et
618 3397 811 3458 attentionem
833 3393 1007 3474 religiosam
1024 3395 1145 3474 excitet,
1170 3393 1228 3457 dici
1242 3393 1355 3457 solent:
1379 3413 1456 3476 quae
1480 3395 1649 3458 differentia
1671 3396 1743 3458 onl-

376 3493 433 3557 lius
455 3495 598 3557 momenti
620 3501 682 3570 est;
704 3511 772 3556 nam
795 3494 996 3556 Diaconorum
1019 3501 1050 3555 et
1072 3492 1174 3574 populi
1196 3493 1291 3556 rerba
1314 3493 1481 3575 supplenda
1504 3502 1590 3556 erant
1613 3493 1742 3560 aliunde.

375 3593 528 3657 Sententia
552 3593 753 3657 Invocationis
776 3591 905 3674 simplex
927 3597 975 3654 est
997 3599 1027 3654 et
1049 3590 1173 3655 Graecis
1203 3591 1358 3656 codicibus
1380 3591 1559 3672 conformis,
1589 3600 1680 3674 atque
1702 3597 1742 3658 ita

375 3692 494 3754 sincera
517 3691 608 3755 lectio
631 3693 759 3755 omniurn
782 3693 916 3774 gentium
939 3689 1174 3754 Christianarum
1197 3693 1374 3755 testimoniis
1396 3693 1596 3756 confirmatur.
1638 3693 1744 3774 Neque

375 3789 463 3852 novis
491 3799 522 3853 et
552 3790 755 3857 Schismaticis
787 3790 942 3853 Graeculis
966 3791 1155 3854 tribuendum
1185 3799 1249 3871 est,
1280 3790 1361 3872 quod
1390 3798 1452 3854 tota
1482 3810 1539 3872 per
1569 3793 1743 3858 universum

376 3888 530 3953 Orientem
553 3890 718 3954 celebravit
729 3891 879 3971 Ecclesia,
902 3890 1001 3953 multis
1023 3891 1153 3955 saeculis
1175 3898 1246 3954 ante
1269 3909 1356 3972 quam
1379 3899 1578 3954 nascerentur
1599 3891 1642 3954 illi
1665 3910 1742 3972 quos

376 3989 571 4052 detestandae
592 3991 730 4053 homesta
751 3981 932 4054 architectos
955 4007 1066 4053 vocare
1089 3991 1199 4067 solent,
1215 3991 1393 4072 quicumque
1416 3990 1547 4054 lectores
1571 3991 1609 4054 ad
1630 3991 1744 4055 Bessa-

375 4088 470 4152 rionis
493 4089 670 4171 opusculum
692 4088 730 4151 de
752 4089 951 4169 Eucharistia‚
975 4098 1006 4153 et
1028 4090 1085 4153 alia
1108 4090 1255 4172 ejusmodi
1273 4092 1435 4169 remittunt,
1458 4097 1491 4152 ut
1506 4091 1535 4152 in
1549 4089 1741 4154 Invocatione

375 4196 510 4251 monstra
532 4188 662 4270 videant,
687 4208 765 4271 quae
786 4197 874 4252 vetus
897 4191 1035 4253 Ecclesia
1063 4209 1212 4273 nunquam
1236 4191 1368 4274 agnovit,
1391 4207 1448 4252 nec
1470 4189 1579 4252 talibus
1610 4193 1742 4254 terricu-

374 4285 512 4350 lamentis
535 4287 642 4350 abduci
664 4307 698 4351 se
721 4307 812 4371 passa
835 4296 882 4351 est
912 4291 949 4352 ab
972 4288 1168 4352 Orientalium
1189 4290 1394 4353 Ecclesiamm
1418 4291 1634 4354 communione.
1680 4289 1740 4354 Sed

376 4384 413 4448 de
438 4405 473 4450 ea
497 4385 641 4451 Oratione
665 4387 731 4450 lose
753 4396 910 4452 tractatum
941 4397 988 4452 est
1016 4391 1048 4452 in
1070 4388 1291 4454 Commentario
1322 4388 1360 4451 ad
1384 4388 1537 4470 Copticam
1559 4387 1662 4452 Basilii
1685 4388 1740 4451 Li-

248 4525 253 4532 ·
376 4487 513 4569 burgiam.

462 4585 610 4659 Quantum
632 4586 670 4650 ad
691 4587 807 4668 reliqua
828 4605 925 4670 usque
954 4589 992 4651 ad
1019 4589 1173 4672 liturgiae
1195 4587 1302 4664 finem,
1332 4586 1404 4650 nihil
1432 4587 1585 4669 singulare
1609 4589 1742 4650 occurrit

376 4684 456 4765 qood
483 4686 582 4767 aliqua
612 4689 825 4751 observatione
851 4687 1000 4771 indigeat,
1033 4690 1091 4751 nisi
1126 4691 1207 4752 circa
1243 4689 1458 4750 communionis
1493 4686 1741 4753 distributionem.

375 4783 450 4847 Cum
479 4787 558 4849 enim
589 4786 733 4870 Copticae
762 4787 915 4868 Litargiae
945 4795 976 4850 et
997 4787 1221 4852 Alexandrinae
1250 4787 1370 4868 priores
1404 4787 1481 4850 duae
1511 4785 1740 4851 Confessionem
1786 4831 1789 4836 -

374 4885 454 4947 illam
477 4887 613 4949 eximiam
637 4887 675 4950 de
696 4887 824 4950 veritate
848 4888 986 4968 corporis
1009 4896 1040 4950 et
1067 4889 1223 4970 sanguinis
1254 4885 1366 4950 Christi
1386 4890 1417 4949 in
1439 4885 1637 4965 Eucharistia‚
1661 4887 1742 4949 inte-

375 5003 462 5067 gram
484 4984 659 5062 exhibeant,
690 4987 719 5047 in
743 4988 799 5049 isla
822 4986 964 5070 leguntur
992 4995 1103 5051 tantum
1133 4989 1227 5069 prima
1256 4986 1349 5049 verba
1380 4984 1482 5063 Σῶμα
1509 4975 1613 5070 ἅγιονε
1643 4993 1674 5049 et
1703 4985 1741 5048 ad

376 5083 499 5147 calicem
522 5071 619 5164 Αἷμα
639 5080 756 5164 τίμιον.
799 5083 918 5166 Corpus
939 5095 1077 5150 sanctam
1100 5095 1130 5149 et
1150 5089 1274 5166 soraquis
1293 5089 1456 5167 pretinm:
1481 5087 1562 5168 qnod
1584 5086 1742 5168 dupliciter

1456 5190 1504 5264 59
1517 5189 1536 5224 *
