4680 6044
597 653 650 729 AD
667 651 874 729 illumian
891 647 1084 726 corbeth
1099 650 1129 726 S.
1145 649 1289 727 unsuu.
1557 653 1634 728 215

254 855 329 922 quos
350 843 383 899 ut
389 835 512 914 Latina,
536 836 577 898 ita
591 833 781 918 Aegyptiam
797 834 899 918 lingua
922 851 983 896 nnn
1004 833 1105 914 habet,
1130 852 1187 914 per
1198 835 1395 914 praetentum
1409 837 1634 919 interpretatur.

253 939 372 1002 Gratias
387 934 461 1019 egit,
469 933 578 996 Amerr.
601 935 756 998 benedixit
771 952 850 1012 eum,
864 933 970 997 Amen.
994 933 1195 996 Sanctificavit
1209 951 1275 996 eum
1289 933 1393 1000 Amen.
1417 936 1565 1002 Gustooit.
1589 939 1632 1001 lta

254 1037 372 1102 Graeca
394 1034 520 1097 Marci'
512 1053 542 1096 m
572 1051 631 1152 qua
660 1035 702 1096 ita
731 1018 1048 1152 legitur,'‘tlcaar'am9
1069 1027 1125 1094 καὶ
1146 1018 1186 1094 ad
1207 1021 1472 1118 northmannicae
1494 1025 1534 1099 τό
1555 1034 1634 1099 δει-

252 1133 377 1221 maiam
399 1121 519 1214 λαβών,
540 1129 597 1196 καὶ
618 1119 759 1216 κεράσας
783 1126 820 1210 ἐξ
842 1122 932 1195 o'r'rov
955 1127 1011 1194 καὶ
1034 1119 1169 1206 α’δατος,
1199 1119 1448 1218 α’ναβλέψας’
1418 1152 1466 1208 εις
1486 1123 1543 1198 adr
1566 1154 1632 1198 ου-

253 1226 351 1322 paron
377 1219 462 1346 πριλς
491 1248 529 1294 σε
557 1221 613 1295 τόν
642 1228 727 1295 idios
754 1222 897 1316 πατέρα,
932 1219 1014 1292 θεὸν
1043 1218 1132 1292 δὲ
1112 1225 1221 1313 ημῶν,
1255 1225 1312 1293 καλ
1338 1221 1421 1294 seda
1449 1232 1512 1295 τῶν
1541 1222 1633 1311 ὅλων,

252 1321 504 1442 ευχαριστῆσας,
526 1319 715 1414 ευλογὴσας,
737 1317 868 1413 πλήσας
894 1317 1081 1406 πνεύματος
1110 1319 1220 1411 ἁγίου,
1241 1322 1406 1406 μετέδωκε
1435 1331 1506 1404 τοῖς
1527 1323 1634 1416 ἀγλοις

256 1424 434 1516 μακαρίοις
456 1417 562 1492 αυτοῦ
583 1428 754 1513 μαθηταῖς
774 1423 831 1490 καὶ
853 1413 1192 1538 mersiburgensis·
1215 1422 1310 1490 nisae
1333 1422 1370 1507 ἐξ
1384 1417 1631 1508 αὖτοῦπᾶκτες,
1684 1461 1686 1470 1

255 1529 354 1594 τοῦτο
374 1521 438 1614 γάρ
460 1517 591 1591 ἐστιτὰ
614 1516 702 1642 αἷμα
719 1515 864 1604 μου,τό
885 1523 944 1610 τῆς
966 1523 1078 1610 καινῆς
1099 1515 1274 1638 διαθήκας,
1295 1517 1335 1589 ad
1357 1517 1484 1640 ὑπὲρι
1463 1516 1555 1613 ημῶν
1576 1527 1632 1594 καὶ

255 1623 431 1694 πολλῶν
414 1616 641 1706 ικχυιόμενοκ,
672 1619 721 1700 εἰς
747 1613 865 1712 ἄφεσιν
893 1615 1071 1710 αμαρτιῶν.
1123 1612 1320 1702 ολαός,’
1297 1614 1392 1711 amin.
1437 1627 1583 1691 Similiter
1603 1636 1634 1691 et

255 1730 390 1803 calicem,
416 1735 577 1818 postquam
605 1727 755 1800 coenavit,
786 1725 941 1804 accipiens
970 1733 1000 1786 et
1027 1726 1158 1788 miscens
1186 1728 1258 1788 cino
1287 1734 1318 1788 ιλ
1345 1745 1437 1807 aqna,
1476 1729 1630 1807 aspiciens

254 1830 297 1891 od
318 1827 452 1900 coelam,
482 1825 526 1886 ad
552 1832 581 1886 te
593 1832 710 1904 patrem
733 1843 834 1901 mam,
865 1829 1001 1884 nostrum
1027 1831 1127 1885 antem
1154 1831 1184 1885 et
1213 1819 1343 1886 omnium
1370 1824 1482 1900 Deam,
1509 1829 1631 1906 pretim

253 1943 357 2005 opens,
381 1923 570 1998 benedicens,
592 1924 711 2002 replens
732 1921 846 2002 Spiritu
868 1929 985 1996 sancto,
1007 1922 1091 1984 dedit
1120 1923 1237 1984 sanctis
1263 1930 1294 1984 st
1315 1922 1413 1985 beatis
1445 1926 1510 1986 sais
1531 1927 1632 1988 disci-

250 2027 332 2106 pulis
354 2031 384 2086 et
405 2023 568 2103 Apostolis,
591 2024 715 2085 dicens:
748 2021 839 2083 bibite
867 2039 907 2080 ec
936 2039 972 2082 eo
1002 2038 1121 2082 omnes:
1149 2021 1199 2082 hic
1227 2028 1273 2081 est
1299 2024 1378 2083 enim
1399 2025 1526 2103 sanquis
1547 2043 1632 2087 meets

252 2126 327 2187 novi
337 2123 518 2186 Testamenti
539 2122 591 2202 qni
609 2140 669 2201 pro
690 2120 778 2183 nobis
799 2128 830 2182 et
850 2117 950 2180 matta
972 2115 1135 2198 effunditur
1154 2120 1186 2180 in
1199 2119 1404 2182 remissionem
1423 2131 1629 2201 peccatorum.

253 2221 397 2304 Populus.
419 2218 523 2282 Amen.
548 2217 663 2282 Omnes
683 2237 760 2282 vero
783 2215 953 2281 Orientales
969 2216 1128 2296 formulae,
1147 2217 1303 2297 Syriacae,
1327 2217 1549 2302 Aegyptiacae,
1563 2220 1630 2286 Ae-

254 2322 417 2403 thiopicae,
441 2318 546 2381 iisdem
568 2335 667 2398 prope
690 2317 791 2379 verbis
815 2321 963 2380 constant.
1006 2314 1097 2377 Solae
1119 2315 1316 2378 Maroniticae
1339 2319 1540 2398 recentiores,
1564 2321 1630 2382 sci-

253 2420 326 2484 licet
349 2436 428 2500 quae
451 2419 481 2479 in
505 2416 619 2478 blissali
642 2415 805 2479 Chaldaico
828 2413 941 2478 Rornae
964 2414 1046 2477 edito
1068 2413 1229 2495 leguntur,
1257 2414 1393 2476 Latinam
1422 2415 1546 2480 formam
1570 2438 1629 2481 ex-

254 2523 395 2600 primunt,
419 2524 525 2580 contra
547 2517 819 2596 manuscriptorum
841 2514 970 2577 omnium
994 2513 1092 2578 iidem.
1116 2513 1223 2595 Neque
1246 2515 1326 2575 eninr
1353 2513 1414 2577 ulla
1437 2513 1555 2578 Graeca
1579 2524 1630 2580 aut

254 2616 417 2679 Orientalis
441 2614 498 2677 alia
521 2613 657 2695 Liturgia
694 2612 833 2696 agnoscit
862 2612 938 2674 haec
960 2612 1065 2693 verba,
1090 2614 1209 2674 octeni
1230 2612 1431 2692 Testamenti,
1454 2632 1555 2694 neque
1577 2616 1630 2680 illa

253 2716 428 2796 anastasium
447 2714 538 2792 fidei:
566 2730 666 2793 neque
687 2711 826 2774 Ecclesia
852 2710 986 2775 Romana
1017 2731 1057 2774 ex
1086 2711 1204 2774 illorum
1232 2710 1354 2774 delectu
1383 2730 1514 2793 unquam
1543 2715 1629 2796 judi-

255 2815 335 2878 cavit
366 2812 476 2876 deesse
505 2811 617 2891 aliquid
647 2810 849 2874 Orientalibus
880 2810 919 2872 ad
945 2810 1145 2872 Eucharistici
1173 2809 1249 2873 ritus
1279 2810 1500 2894 integritatem:
1528 2830 1628 2892 neque

255 2911 391 2976 Graecos
420 2918 472 2973 aut
500 2909 575 2972 alios
606 2909 793 2973 Christianos
822 2910 1022 2990 peregrinos,
1059 2908 1179 2989 quando
1209 2909 1247 2972 ad
1277 2909 1462 2972 Catholicam
1484 2911 1628 2975 unitatem

254 3012 374 3089 reversi
397 3016 466 3074 sunt
487 3008 605 3071 hortata
628 3017 676 3071 est
698 3009 737 3071 ad
758 3008 809 3071 illa
831 3008 862 3070 in
886 3005 1016 3070 Codices
1040 3007 1211 3090 Liturgicos
1234 3025 1306 3071 suos
1329 3009 1513 3090 recipienda,
1537 3011 1629 3074 multo

254 3112 351 3174 minus
374 3116 408 3172 ut
429 3107 459 3170 id
482 3107 586 3196 facere
608 3115 812 3188 cogerentur,
840 3123 971 3185 unquam
999 3106 1155 3189 cogitavit.
1200 3105 1270 3169 Alio
1300 3106 1360 3169 ritu
1382 3126 1477 3189 saepe
1499 3117 1630 3174 mutatur

254 3211 330 3274 ordo
353 3207 525 3287 verborum,
548 3215 581 3268 ut
602 3206 661 3268 llic
682 3214 729 3269 est
749 3207 833 3268 colia
855 3207 1014 3286 sonpainis
1038 3207 1116 3268 mei.-
1146 3205 1219 3268 alias
1242 3205 1300 3268 Hic
1322 3215 1369 3268 est
1388 3212 1513 3289 sanquis
1535 3227 1629 3285 ιιιιιιι,

252 3317 285 3372 ut
313 3310 343 3370 in
372 3305 476 3388 Cyrilli
507 3305 647 3386 Syriaca:
676 3306 728 3385 qni
754 3311 960 3367 testamentum
987 3305 1092 3365 mortis
1119 3322 1205 3365 meae
1226 3303 1375 3384 obsipnat.
1411 3305 1445 3368 ln
1474 3307 1628 3388 primaria,

255 3426 333 3490 quae
355 3413 402 3468 est
424 3403 542 3468 Jacobi.
566 3403 625 3464 llic
647 3411 693 3464 est
715 3405 842 3482 sanquis
863 3421 948 3463 meas
968 3403 1042 3462 novi
1064 3401 1253 3477 Testamenti,
1276 3405 1329 3484 qni
1339 3423 1397 3483 pro
1419 3405 1507 3467 cobis
1530 3413 1629 3486 etpro

253 3509 354 3570 maltis
372 3503 512 3583 fidelibus
534 3499 695 3582 effunditur
725 3509 755 3562 et
781 3501 873 3563 datar
899 3502 932 3562 in
952 3500 1159 3561 remissionem
1176 3509 1374 3578 peccatoram
1403 3511 1434 3564 ιλ
1454 3503 1549 3566 citam
1571 3525 1629 3568 ae-

254 3614 378 3682 ternam.
401 3601 435 3662 ln
456 3600 639 3680 Aethiopica
660 3598 808 3681 generali.
838 3598 897 3660 Hic
919 3605 965 3659 est
985 3597 1070 3658 emm
1099 3599 1257 3678 sanpairn's
1271 3601 1345 3673 mei,
1375 3602 1427 3680 qai
1452 3620 1513 3680 pro
1541 3602 1629 3664 nobis

253 3703 416 3785 effunditur
435 3701 467 3760 in
488 3699 694 3761 remissionem
716 3716 770 3760 sen
791 3698 912 3759 veniam
938 3695 1111 3770 maltorum,
1139 3695 1243 3758 Aaron
1277 3693 1495 3778 Sequiturque,
1526 3708 1559 3762 ut
1589 3702 1628 3765 ad

253 3803 356 3881 priora
379 3796 473 3861 verba
496 3815 574 3877 quae
596 3813 689 3877 super
711 3813 821 3876 panem
844 3794 993 3871 dicuntur,
1016 3793 1121 3856 similis
1152 3795 1305 3859 confessio
1335 3796 1449 3859 Anna:
1477 3818 1548 3861 aere
1577 3801 1627 3863 laic

251 3906 300 3960 cst
320 3898 451 3978 sompnis
467 3903 545 3970 tuns,
568 3903 598 3956 ιλ
618 3896 664 3956 ito
685 3894 843 3956 credimus.

340 3996 483 4069 Quamvis
505 4012 581 4056 vero
604 3993 697 4054 Missa
724 3991 829 4054 Latina
858 3989 995 4072 vulgaris
1019 3989 1127 4053 habeat
1148 3991 1224 4054 baec
1247 3991 1449 4056 additamenta
1462 3999 1580 4059 aeterni
1599 4008 1630 4061 et
1696 4009 1801 4067 additio
1819 4017 1916 4086 ιιιιιιιι·
1931 4025 1955 4068 ιι

252 4096 424 4174 mysterium
444 4093 526 4172 fidei,
550 4108 675 4172 quorum
697 4089 860 4153 verborum
885 4089 1035 4169 antiquior
1057 4099 1105 4153 est
1127 4108 1213 4166 usus,
1244 4108 1332 4171 qaam
1360 4102 1392 4155 ut
1421 4093 1471 4155 illa
1498 4113 1627 4160 necesse
1640 4100 1782 4164 mistarum
1800 4077 1872 4168 idn-⁴
1900 4115 1977 4167 λοῦ.

252 4191 302 4267 sit,
327 4193 488 4254 autoritate
512 4189 580 4269 alia,
604 4208 693 4270 quarn
723 4187 925 4251 vetustissima
954 4187 1111 4276 Ecclesiae
1141 4188 1294 4253 Romanae
1323 4192 1481 4254 traditione
1511 4197 1627 4258 conhr-
1641 4191 1681 4235 ⁰¹¹
1698 4185 1725 4234 ¹¹¹
1744 4183 1910 4236 ¹¹⁰¹¹¹¹¹¹¹⁰¹¹
1928 4193 1956 4238 θλ

252 4306 347 4367 mare,
371 4288 594 4354 observandum
616 4296 715 4350 tamen
738 4303 845 4350 eorum
869 4303 972 4364 causa,
996 4289 1046 4366 qui
1069 4287 1119 4349 illa
1142 4288 1286 4372 Liturgiis
1309 4289 1513 4354 Orientalibus
1536 4294 1626 4376 adjici
1639 4267 1697 4322 “¹¹¹¹
1715 4270 1901 4338 ¹¹¹¹¹¹⁸⁰¹¹¹¹¹¹⁸

252 4386 378 4465 vellent,
402 4405 510 4450 carere
532 4386 590 4450 illis
613 4388 765 4468 antiquam
787 4385 909 4449 Missam
931 4385 1171 4466 Mozarabicam,
1199 4387 1250 4450 ubi
1273 4389 1315 4450 ita
1335 4389 1457 4474 legitur.
1502 4391 1560 4455 Hic
1581 4403 1629 4457 est

253 4487 338 4547 colim
359 4488 433 4548 noci
455 4485 676 4548 Testamenti
662 4505 695 4546 ιιι
721 4504 788 4547 meo
818 4486 974 4564 sanquine,
996 4488 1050 4565 qni
1066 4505 1124 4566 pro
1145 4487 1233 4549 cobis
1262 4494 1293 4549 et
1315 4507 1375 4568 pro
1402 4489 1502 4550 multis
1528 4490 1627 4572 effan-

253 4584 342 4645 detnr
362 4585 394 4646 in
415 4586 623 4646 resmissionem
640 4591 853 4662 peccatoram:
879 4583 957 4645 sicut
987 4590 1018 4646 et
1040 4585 1071 4646 in
1092 4584 1293 4648 Ambrosiana
1323 4587 1444 4668 antiqua
1467 4587 1627 4670 legebatur

253 4689 384 4744 tantum:
406 4681 465 4744 llic
488 4690 534 4743 est
555 4683 633 4744 enim
655 4684 780 4762 sanquis
800 4701 902 4743 meos.-
925 4683 1173 4763 quemadmodum
1200 4685 1238 4747 ad
1260 4687 1385 4767 primam
1413 4695 1530 4767 partem
1559 4687 1630 4749 ior-

254 4795 320 4842 mae
345 4778 516 4842 dicebatur:
539 4779 605 4842 Hoc
627 4787 673 4842 est
693 4781 771 4841 enim
793 4798 906 4859 cmpos
926 4799 1023 4843 meam
1044 4783 1195 4862 qnodpro
1216 4783 1305 4846 cobis
1318 4784 1530 4865 corastinqetar.
1553 4785 1627 4848 Eam

255 4894 330 4940 vero
352 4876 478 4940 formam
500 4877 673 4940 Gallicanae
695 4876 789 4941 luisse
810 4878 936 4940 similem
956 4879 1070 4960 judicat
1100 4879 1290 4946 doctissimus
1317 4882 1451 4946 loannes
1484 4883 1628 4946 Mabilln-

256 4976 324 5037 nius
347 4994 387 5037 ex
408 4975 522 5039 Missali
545 4975 683 5056 Gothico,
706 4975 758 5039 ubi
779 4977 810 5038 in
832 4977 924 5039 blissa
947 4977 986 5039 de
1008 4975 1170 5041 Nativitate
1199 4978 1319 5042 Domini
1343 4989 1417 5060 post
1436 4991 1574 5059 secreta,
1597 4982 1628 5045 id
1676 4991 1714 5044 λιι
1732 4991 1825 5062 Ltarq.
1850 4992 1953 5046 aoht.

257 5078 304 5134 est
325 5081 396 5152 post
419 5076 689 5154 consecrationem,
712 5073 788 5139 haec
810 5075 970 5158 leguntur:
995 5073 1112 5154 Corpus
1126 5073 1217 5138 'marn
1245 5079 1278 5140 in
1306 5081 1485 5142 remissione
1509 5077 1659 5162 pecco-¹·
1678 5095 1702 5152 οι,
1718 5081 1743 5131 ⁵·
