4670 6046
683 496 759 606 252
1164 493 1600 572 conunvrrmcs

685 679 722 741 ab
758 680 897 742 Ecclesia
929 677 1123 756 orthodoxa,
1161 686 1320 758 antequam
1352 677 1389 738 ab
1418 696 1455 740 aa
1485 675 1640 740 Jacobitae
1670 678 1878 740 secessionem
1906 676 2060 744 iecissent.

683 779 791 841 Postea
815 780 893 840 enim
915 777 987 840 nihil
1010 777 1092 857 quod
1114 776 1233 838 noviter
1254 777 1420 838 institutmn
1443 773 1550 838 luisset
1580 773 1699 838 Graece
1726 775 1836 838 dictum
1866 784 1923 840 est.
1970 774 2062 838 Extat

687 895 810 958 quoque
833 877 864 938 in
887 876 1011 938 Graecis
1035 873 1233 937 Alexandrini
1257 876 1332 937 ritus
1356 873 1510 956 liturgiis.

397 1003 515 1058 smmp,
537 1005 672 1058 recentior.
772 975 910 1040 Secunda
930 983 1005 1056 pars
1029 992 1107 1055 quae
1130 991 1192 1035 non
1214 991 1319 1054 parem
1342 973 1547 1052 antiquitatem
1569 970 1670 1050 habet,
1693 972 1723 1032 in
1747 970 1822 1034 duas
1845 989 1967 1052 quoque
1989 970 2062 1034 alias

692 1073 851 1149 dividitur;
873 1091 941 1135 narn
954 1074 1051 1153 primo
1063 1071 1202 1154 adjuncta
1224 1078 1296 1133 sunt
1313 1078 1424 1133 tantum
1435 1069 1487 1135 illa
1501 1070 1606 1144 verba,
1625 1069 1744 1150 Ccvpmr
1755 1078 1785 1132 et
1798 1072 1924 1150 sanguis
1936 1069 2063 1131 Emanc-

684 1174 783 1236 nuelis
803 1172 863 1234 Dei
880 1172 997 1246 nostri,
1020 1171 1077 1231 hoc
1100 1175 1146 1230 est
1167 1172 1199 1230 ia
1220 1171 1269 1230 rei
1289 1171 1437 1247 veritate,
1462 1186 1542 1250 quae
1563 1168 1684 1249 quidem
1704 1187 1746 1230 ex
1767 1168 1883 1249 cyntto
1906 1168 2062 1248 desumpta

688 1271 846 1349 videntur,
871 1269 1018 1333 adversus
1041 1267 1255 1346 Nestorianos,
1283 1269 1335 1346 qui
1363 1284 1478 1350 negare
1508 1266 1714 1346 probabantur
1744 1286 1785 1330 ex
1811 1268 1877 1332 suis
1906 1267 2061 1348 principiis

686 1389 756 1432 esse
779 1369 810 1430 in
833 1370 928 1432 sacris
951 1367 1103 1448 mysteriis
1127 1383 1249 1428 carnem
1272 1364 1384 1426 Christi
1406 1365 1535 1427 divinam
1559 1363 1683 1440 lactam3
1705 1381 1742 1427 ea
1766 1372 1866 1426 autern
1888 1365 2001 1442 verba,
2030 1371 2063 1425 ut

690 1475 721 1529 et
743 1469 920 1548 sequentia,
942 1465 1071 1546 Coptice
1093 1463 1246 1526 dicuntur:
1270 1481 1348 1542 quae
1370 1462 1492 1543 quidem
1514 1481 1581 1525 curn
1611 1465 1785 1525 contineant
1812 1461 1995 1525 luculentam
2022 1462 2062 1524 de

686 1567 893 1629 Eucharistiae
916 1566 1045 1628 veritate
1069 1561 1315 1638 Conlessionem,
1339 1559 1450 1623 inlecta
1472 1568 1542 1624 sunt
1563 1560 1754 1623 nibilominus
1782 1559 1938 1624 doctrinae
1967 1561 2061 1623 laco-

685 1664 797 1728 biticae
820 1663 986 1744 particula,
1010 1661 1081 1724 dum
1104 1660 1205 1723 dicant
1227 1659 1341 1721 fecisse
1362 1678 1454 1720 unam
1475 1660 1549 1740 qaid
1567 1679 1609 1720 ec
1630 1660 1814 1720 humanitate
1843 1665 1874 1719 ct
1893 1660 2061 1722 divinitate.

685 1761 741 1824 llla
763 1762 884 1843 quidem
905 1760 999 1822 verba
1022 1758 1187 1822 secundum
1210 1756 1377 1820 doctrinam
1400 1755 1606 1820 Orthodoxam
1629 1756 1756 1840 intelligi
1779 1764 1923 1836 possent,
1950 1760 1978 1819 si
2008 1775 2063 1820 re-

686 1859 823 1923 letantur
844 1859 884 1920 ad
913 1859 1057 1920 unitatem
1085 1873 1254 1938 personae:
1281 1871 1358 1916 unus
1380 1856 1500 1935 quippe
1528 1853 1668 1918 Christus
1698 1862 1762 1933 est,
1793 1871 1854 1916 non
1883 1854 2062 1918 confusione

686 1959 890 2034 substantiae,
919 1957 975 2020 sed
1004 1957 1118 2018 unitate
1148 1970 1315 2035 personae,
1351 1961 1384 2014 ut
1415 1954 1445 2014 in
1473 1949 1616 2033 Symbolo
1639 1951 1796 2016 Athanasii
1825 1953 1905 2015 dicto
1940 1953 2061 2034 legitur.

685 2057 800 2119 Verum
822 2056 871 2118 illa
893 2055 1048 2117 Jacobitae
1073 2053 1210 2116 relerunt
1233 2052 1271 2114 ad
1294 2051 1437 2113 unitatem
1462 2057 1588 2112 naturae
1610 2068 1702 2130 quarn
1721 2051 1963 2131 pertinacissime
1984 2069 2062 2131 pro-

685 2155 823 2232 fitentur,
854 2161 884 2215 et
906 2169 974 2215 cum
996 2151 1152 2232 Eutychen
1177 2149 1383 2223 detestentur,
1406 2149 1495 2229 cique
1523 2149 1680 2212 anathema
1709 2149 1891 2212 denuncient
1921 2157 2061 2231 tanquam

685 2239 941 2334 Apollinaristae;
964 2251 1076 2330 illaque
1096 2249 1193 2312 verba
1224 2247 1431 2310 confusionem
1459 2247 1632 2328 quamdam,
1664 2249 1892 2330 mistionemque
1915 2249 2061 2312 inducere

685 2353 878 2429 viderentur,
902 2349 1052 2430 explicata
1076 2356 1147 2411 sunt
1166 2365 1225 2428 per
1246 2346 1480 2426 subsequentia,
1503 2352 1594 2426 atquc
1624 2347 1666 2408 ita
1693 2346 1853 2410 Confessio
1883 2364 1950 2409 eam
1972 2364 2062 2425 quam

686 2449 777 2513 habet
799 2450 830 2510 in
852 2447 1008 2510 codicibus
1039 2446 1181 2525 lormam,
1216 2444 1357 2525 paulatim
1385 2445 1511 2523 accepit
1558 2444 1634 2507 Tota
1662 2445 1757 2527 igitur
1783 2444 1878 2523 ipsius
1908 2444 2062 2506 sententia

686 2549 874 2628 cumprime
897 2546 1045 2626 pertineat
1069 2545 1106 2607 ad
1130 2543 1370 2627 agnoscendam,
1392 2543 1556 2624 vertrisque
1577 2542 1806 2624 simplicissimis
1833 2528 2061 2605 contestandum

686 2646 844 2708 veritatem
867 2645 1005 2724 corpor's
1029 2644 1253 2723 sanguinisque,
1275 2642 1394 2704 Domini
1421 2642 1518 2704 nostri
1546 2641 1622 2704 Jesu
1653 2640 1781 2720 Christi,
1812 2641 1945 2703 refertur
1972 2641 2061 2702 manui

687 2744 725 2805 ad
747 2742 965 2805 lucamationis
988 2741 1092 2819 fidem,
1117 2748 1149 2802 ut
1170 2741 1240 2802 dum
1262 2758 1368 2802 vcrurn
1391 2757 1503 2821 corpus
1526 2741 1609 2822 ejus,
1632 2747 1664 2802 et
1685 2740 1863 2820 sanguinem
1886 2741 1915 2800 in
1937 2739 2061 2802 Eucha-

685 2844 770 2904 ristia
794 2861 828 2905 se
851 2857 1023 2925 agnoscere
1052 2839 1233 2920 profitentur
1261 2839 1436 2916 Jacobitae,
1467 2838 1555 2900 simul
1583 2839 1742 2902 veritatem
1771 2847 1924 2902 assumtae
1951 2837 1988 2901 ab
2019 2857 2058 2902 eo

687 2942 787 3010 carnis
811 2945 1000 3020 agnoscant,
1024 2941 1214 3019 omniumque
1235 2939 1349 3018 pariter
1378 2954 1456 3018 quae
1482 2937 1514 3000 in
1535 2935 1577 3021 τῇ
1595 2926 1749 3020 ,ἐοσοὶρκῳ
1777 2929 1945 3020 οἰκονομίᾳ
1973 2945 2061 3018 gesta

686 3047 766 3102 sunt.
811 3038 884 3101 Eam
907 3038 995 3101 sudem
1018 3055 1084 3098 carm
1109 3038 1270 3118 antiquitus
1297 3037 1426 3117 simplex
1456 3035 1607 3117 professio
1635 3037 1753 3098 unionis
1781 3035 1939 3117 perlectae
1968 3044 2060 3098 natu·
2163 3064 2165 3070 v

685 3155 803 3216 rarum,
829 3137 1107 3217 conjunctionisque
1130 3136 1160 3198 in
1183 3137 1325 3199 unitatem
1348 3151 1500 3218 personae
1531 3135 1604 3198 satis
1635 3135 1839 3216 exprimeret,
1868 3135 2060 3215 postmodum

686 3243 877 3298 tamencum
898 3237 997 3297 unitas
1021 3234 1072 3296 illa
1101 3241 1245 3314 naturae,
1280 3252 1368 3315 quarn
1397 3235 1471 3314 ipsix
1485 3234 1630 3315 credunt,
1660 3253 1759 3316 usque
1789 3235 1826 3297 ad
1859 3234 2059 3313 confusionis,

686 3349 774 3414 quarn
789 3332 1003 3426 detestantur,
1026 3351 1148 3396 sensum
1171 3334 1317 3417 progredi
1346 3333 1518 3410 videretur,
1549 3333 1653 3396 ultima
1679 3334 1774 3397 verba
1802 3332 1996 3410 addiderunt,
2026 3342 2061 3395 ut

683 3432 900 3514 Eutychianam
922 3431 1063 3495 haeresin
1087 3431 1295 3496 excluderent.
1338 3432 1382 3494 Ea
1400 3449 1493 3512 porro
1516 3449 1590 3495 cura
1607 3440 1699 3511 tanta,
1720 3449 1778 3512 ne,
1800 3431 1870 3494 dum
1885 3431 2060 3496 contessio-

682 3549 752 3608 nem
781 3530 819 3592 de
842 3531 1031 3594 Eucharistia
1058 3531 1312 3611 pronunciabant,
1350 3538 1456 3594 contra
1491 3548 1565 3594 suae
1594 3530 1632 3593 de
1661 3530 1870 3594 incarnatione
1901 3530 2061 3594 Ecclesiae

684 3629 860 3710 opinionem
875 3628 1195 3711 quidquamdicerent,
1219 3629 1417 3691 certissimum
1432 3628 1645 3693 documentum
1667 3637 1714 3692 est
1737 3629 1864 3692 credere
1886 3630 1965 3708 illos,
1988 3647 2059 3693 esse

683 3727 715 3788 in
736 3727 925 3790 Eucharistia
949 3745 1060 3808 corpus
1085 3727 1213 3805 Christi,
1236 3745 1295 3789 non
1324 3728 1458 3808 typicum
1488 3737 1539 3790 aut
1566 3729 1872 3809 repraesentativum,
1903 3730 1958 3795 sed
1986 3728 2060 3790 illud

685 3825 782 3905 ipsum
806 3824 886 3904 quod
910 3835 1072 3889 assumtum
1103 3833 1151 3889 est
1177 3845 1195 3888 a
1225 3824 1332 3910 Verbo·
1357 3826 1478 3905 divino,
1511 3846 1551 3890 ex
1577 3827 1671 3889 llaria
1701 3827 1845 3911 Virgine,
1880 3835 1910 3889 et
1940 3827 2058 3890 divinae

686 3939 840 4001 personae
864 3927 1055 4006 conjunctum
1079 3925 1181 3986 intima
1202 3926 1334 4000 unitate,
1358 3943 1446 4006 quarn
1468 3932 1595 3988 naturae
1618 3943 1688 3989 esse
1710 3926 1823 3989 volunt.
1868 3925 1954 3988 Unde
1983 3932 2057 4002 tota,

686 4023 819 4101 quaein
842 4025 1004 4103 posteriori
1027 4022 1236 4087 Conlessionis
1259 4031 1345 4103 parte
1367 4023 1518 4104 sequitur,
1543 4043 1647 4086 eorum
1671 4024 1855 4107 Theologia,
1883 4024 1922 4086 de
1952 4023 2057 4085 lncar-

685 4121 813 4184 nationis
837 4123 982 4203 mysterio
1004 4122 1175 4185 frustranea
1198 4121 1296 4185 lutura
1318 4121 1441 4200 luisset,
1464 4124 1490 4186 si
1511 4140 1573 4185 non
1595 4125 1693 4204 ipsum
1715 4141 1821 4186 verum
1851 4122 1963 4186 Christi
1985 4139 2057 4186 cor·

687 4235 744 4299 pus
767 4219 797 4280 in
821 4218 1017 4284 Sacramenta
1040 4239 1075 4282 se
1097 4220 1226 4284 credere
1246 4223 1451 4304 agnovissent.

414 4331 512 4384 uadem
537 4331 673 4386 Confessio
775 4316 807 4380 Si
830 4317 902 4380 nihil
924 4316 1005 4380 aliud
1028 4317 1188 4382 Conlessio
1211 4321 1277 4402 ipsa
1305 4320 1504 4404 signiticaret,
1535 4337 1624 4401 quarn
1653 4320 1868 4384 Eucharistiam
1891 4339 1962 4384 esse
1984 4339 2057 4383 con-

364 4432 417 4470 ¹¹⁰¹¹
451 4426 536 4485 poten
567 4419 744 4493 inrettigrpne
767 4416 882 4480 Christi
902 4419 1046 4499 typicam,
1075 4419 1157 4498 qaod
1175 4439 1233 4482 nos
1254 4438 1373 4496 samus,
1396 4438 1462 4482 narn
1485 4421 1526 4482 ita
1549 4419 1706 4501 explicare
1733 4419 1785 4482 vel
1812 4421 1912 4500 potius
1942 4419 2056 4481 obscu-

359 4501 436 4555 1111111
448 4504 674 4604 quamsecurium
688 4531 759 4577 rare
784 4531 952 4597 aggressus
982 4524 1030 4579 est
1060 4515 1255 4597 Albertinus‚
1287 4519 1519 4581 vetustissimam
1549 4518 1629 4580 illam
1662 4519 1837 4597 formulam,
1873 4517 2056 4580 Tertulliano

359 4586 434 4684 ΗΜ
452 4589 530 4642 ‘⁰⁸¹¹‘
548 4605 674 4657 imm*
687 4612 821 4676 Eusebio
844 4622 875 4677 et
898 4614 1035 4678 omnibus
1058 4615 1125 4678 aliis
1148 4624 1352 4696 memoratam,
1377 4616 1494 4696 Corpus
1517 4616 1639 4693 Christi,
1668 4618 1772 4681 Arcem
1802 4620 1841 4680 ita
1871 4625 1903 4679 ut
1931 4615 2055 4678 Diaconi

359 4677 417 4724 ω’·
689 4718 719 4773 et
742 4711 924 4775 Sacerdotes
948 4713 1016 4776 dum
1040 4712 1115 4776 baec
1137 4713 1277 4777 dicebant
1298 4733 1361 4778 non
1382 4716 1480 4799 magis
1503 4715 1664 4779 crederent
1685 4717 1716 4778 id
1739 4717 1818 4798 quod
1842 4714 2055 4799 porrigebatur

686 4816 717 4870 et
739 4810 945 4888 accipiebatur
968 4829 1037 4874 esse
1067 4814 1191 4893 proprie
1223 4813 1335 4877 Christi
1368 4831 1497 4895 corpus,
1530 4831 1617 4895 quam
1647 4834 1682 4878 se
1711 4833 1781 4879 esse
1812 4817 1953 4896 proprie,
1982 4812 2052 4876 illud

684 4906 843 4988 ipsummet
866 4927 994 4992 corpus,
1018 4909 1061 4990 si,
1091 4912 1228 4992 inquam,
1256 4911 1327 4975 nihil
1358 4913 1437 4977 aliud
1464 4912 1558 4975 verba
1587 4913 1655 4996 ipsa
1684 4915 1869 4997 significant,
1898 4913 1970 4976 nihil
1997 4912 2052 4974 hac
