4684 6042
721 667 1351 748 SllllGTlGYRlLLI.
1667 668 1719 743 43

347 883 437 950 rum,
470 859 671 950 cuntorum,
703 855 972 946 Exercistarum,
1006 855 1265 946 Monachorum,
1299 854 1494 949 Virginem,
1524 854 1719 945 Viduerum,

347 975 598 1072 Orphanorum,
625 976 858 1047 continentiam
885 975 1124 1064 exercentium,
1151 982 1185 1045 et
1209 973 1386 1046 laicorum:
1413 971 1543 1046 illorum
1566 975 1621 1068 qui
1640 997 1719 1046 rna-

347 1095 500 1166 trimonio
524 1093 629 1184 juncti
656 1101 750 1182 sunt,
783 1101 817 1162 et
849 1089 1002 1184 illisqui
1035 1087 1177 1161 educent
1202 1087 1304 1162 lilios:
1345 1093 1400 1184 qui
1435 1090 1591 1163 dixenmt
1622 1065 1720 1162 bobis

347 1217 549 1281 mementote
574 1211 693 1296 nostri,
720 1217 754 1278 et
780 1209 835 1302 qui
861 1227 929 1279 non
955 1205 1123 1277 dixerunt:
1156 1228 1240 1300 quos
1272 1211 1444 1297 novimus,
1480 1217 1515 1279 et
1541 1229 1625 1302 quos
1651 1227 1721 1278 non

347 1328 519 1397 novimus:
541 1326 748 1396 inimicorum
762 1331 797 1393 et
811 1325 993 1393 amicorum
1011 1330 1218 1394 nostrorum:
1238 1321 1393 1412 Domine,
1418 1344 1534 1395 eorum
1548 1326 1720 1396 miserere.

449 1441 592 1514 Domine
618 1442 789 1511 miserere.
842 1437 1024 1528 Memento,
1050 1439 1206 1528 Domine,
1232 1437 1434 1535 reliquorum
1449 1436 1721 1537 Ortbodoxorum

350 1559 405 1651 qui
431 1567 506 1630 sunt
531 1555 654 1652 ubique
681 1564 853 1627 terrarum.

450 1671 637 1743 Diaconos.
691 1669 794 1742 Orate
820 1693 882 1766 pro
910 1668 1045 1765 reliquis
1073 1669 1277 1744 Ortbodoxis
1312 1675 1367 1768 qui
1398 1683 1473 1744 sunt
1497 1671 1620 1766 udrique
1646 1680 1721 1742 ter-

348 1812 477 1861 rarum:
504 1799 540 1860 ut
567 1784 716 1862 Christus
742 1787 836 1860 Deus
862 1795 990 1878 noster,
1017 1789 1059 1860 sit
1085 1786 1148 1859 illis
1175 1789 1348 1883 propitius,
1375 1795 1409 1859 et
1434 1791 1631 1860 misereatur
1653 1809 1721 1859 eo-

349 1927 431 1993 rum,
460 1915 495 1976 et
518 1915 636 2000 parcat
661 1903 770 1976 nobis.

451 2020 636 2093 Sacerdos.
688 2020 831 2093 Domine
864 2020 1035 2091 miserere.
1083 2018 1273 2111 Memento,
1306 2019 1466 2108 Domine,
1509 2017 1605 2111 hujus
1644 2020 1723 2114 loci,

350 2141 456 2211 sancti
482 2141 528 2209 tui
554 2147 588 2209 et
613 2138 757 2209 omnium
783 2133 1020 2206 habitationum
1047 2134 1179 2206 Patrum
1206 2146 1397 2208 nostrorum
1412 2133 1695 2208 Ortbodoxorum.

451 2253 638 2325 Diaconos.
692 2252 796 2325 Orate
821 2274 883 2348 pro
912 2255 1089 2324 securitate
1114 2250 1210 2343 bujus
1236 2251 1303 2324 loci
1330 2262 1364 2323 et
1390 2255 1534 2323 omnium
1559 2250 1722 2344 locorum,

347 2369 484 2444 Petrum
524 2379 714 2442 nostrorum
749 2367 1041 2458 Orthodoxorum,
1080 2365 1301 2440 Eremitarum
1341 2377 1374 2440 et
1413 2367 1722 2460 Anaehoretarum,

349 2485 546 2581 illorumque
579 2488 633 2582 qui
662 2482 810 2556 habitant
844 2487 878 2555 in
910 2487 975 2572 eis,
1011 2495 1045 2555 et
1079 2506 1142 2580 pro
1177 2487 1354 2556 securitate
1388 2488 1487 2557 totius
1528 2483 1656 2576 mundi,
1689 2495 1724 2557 ut

351 2601 500 2676 Christus
527 2602 620 2674 Deus
645 2611 762 2675 noster
787 2609 969 2674 conservet
996 2623 1057 2673 eos
1085 2598 1126 2672 ab
1154 2603 1243 2672 omni
1258 2600 1360 2691 malo,
1387 2611 1420 2672 et
1446 2613 1563 2698 parcat
1588 2597 1697 2672 nobis.

452 2715 636 2789 Sacerdos.
691 2716 816 2790 Omnes
850 2717 973 2807 urbes,
1009 2720 1190 2810 regiones,
1226 2727 1260 2789 et
1290 2721 1500 2814 provincias,
1531 2719 1572 2790 'et
1607 2741 1723 2791 omnes

351 2832 469 2906 domos
496 2832 639 2905 iidelium
666 2856 846 2924 conserva,
873 2844 908 2905 et
934 2855 997 2906 nos
1024 2856 1140 2906 omnes
1167 2838 1201 2904 in
1228 2834 1292 2906 fide
1319 2834 1516 2908 Orthodoxa
1543 2859 1650 2932 usque
1681 2834 1725 2908 ad

352 2959 537 3022 extremum
563 2953 729 3046 spiritum:
756 2949 841 3022 baec
868 2954 955 3022 enim
981 2953 1078 3022 unica
1106 2971 1185 3045 spes
1212 2961 1326 3022 nostra
1353 2961 1415 3024 est.

347 3051 351 3056 ⁵
435 3065 579 3140 Domine
594 3071 766 3140 miserere.
799 3065 981 3158 Memento,
995 3067 1151 3157 Domine,
1165 3070 1456 3160 circumstantium,
1479 3071 1538 3166 qui
1551 3067 1724 3143 nobiscum

352 3184 594 3279 deprecationis
622 3187 804 3279 participes
831 3191 915 3255 sunt.

455 3299 642 3400 Diaconos.
696 3299 801 3372 Orate
831 3319 893 3395 pro
932 3299 1217 3373 circumstantibus
1255 3301 1308 3395 (pri
1339 3299 1392 3371 hic
1427 3303 1607 3397 participes
1649 3311 1725 3373 sunt

350 3413 524 3490 nobiscum
551 3415 813 3512 deprecationis:
840 3425 876 3486 ut
902 3414 1053 3488 Christus
1078 3414 1173 3488 Deus
1198 3426 1315 3488 noster
1342 3426 1522 3490 conseruet
1549 3440 1628 3508 cos,
1655 3423 1723 3490 nri-

352 3539 569 3628 sereaturque
596 3552 723 3620 eorum,
751 3541 784 3604 et
810 3542 926 3628 parcat
951 3531 1058 3604 nobis.

456 3646 640 3721 Sacerdos.
694 3647 812 3721 Patres
851 3658 885 3720 et
917 3647 1039 3722 inanes
1074 3658 1227 3739 nostros,
1268 3659 1302 3721 et
1335 3647 1482 3744 reliquos
1526 3649 1725 3745 ubicumque

355 3773 518 3837 terrarum
553 3768 635 3854 sint,
677 3787 844 3837 conserva
877 3764 1069 3854 nobiscum,
1109 3765 1278 3860 praesidio
1321 3767 1490 3838 exercilus
1524 3774 1724 3860 potestatum

353 3890 559 3954 sanctarum:
587 3889 620 3953 et
645 3880 749 3953 libera
774 3903 837 3952 nos
864 3904 885 3952 a
911 3879 985 3954 telis
1012 3885 1120 3973 igneis
1147 3880 1299 3972 Diaboli,
1327 3890 1361 3953 et
1388 3880 1430 3953 ab
1459 3880 1610 3955 omnibus
1636 3887 1725 3956 insi-

353 3996 416 4068 diis
445 3996 627 4087 diabolicis,
655 4008 689 4068 et
714 3996 757 4069 ab
785 4001 874 4070 omni
900 3996 1021 4092 laqueo
1047 4019 1158 4070 vanae
1184 3998 1337 4096 gloriae„

457 4114 601 4185 Domine
628 4117 798 4187 miserere.

456 4229 640 4302 Sacerdos.
694 4229 882 4320 Memento,
908 4230 1070 4321 Domine,
1098 4253 1213 4304 eorum
1241 4233 1385 4303 omniurn
1412 4235 1467 4326 qui
1492 4229 1589 4304 nobis
1615 4253 1723 4327 prae-

353 4355 530 4441 ceperunt,
563 4355 741 4418 uteorum
767 4369 933 4419 memores
965 4368 1117 4420 essemus
1149 4351 1182 4418 in
1205 4345 1415 4420 orationibus
1443 4357 1476 4420 et
1501 4346 1722 4443 supplicatio-

353 4459 451 4534 nibus
478 4461 519 4533 ad
546 4471 579 4533 te
604 4465 738 4535 nostris.

403 4591 409 4598 “
458 4578 644 4651 Diaconos.
699 4578 802 4651 Orate
827 4600 888 4674 pro
907 4579 1059 4652 onmibus
1081 4582 1136 4675 qui
1152 4579 1248 4652 nobis
1267 4589 1520 4677 praeceperunt,
1546 4591 1582 4651 ut
1608 4603 1723 4652 eorum

355 4715 524 4766 memores
551 4716 703 4768 essemus
730 4698 763 4767 in
789 4694 992 4768 orationibus
1019 4706 1053 4767 et
1079 4695 1371 4792 supplicationibus
1397 4701 1533 4787 nostris,
1559 4707 1595 4769 ut
1622 4697 1724 4770 Clui-

356 4818 428 4883 stus
454 4807 547 4882 Deus
573 4821 689 4884 noster
715 4811 833 4883 liberet
858 4833 919 4884 eos
946 4809 987 4882 ab
1016 4815 1104 4883 omni
1129 4811 1229 4884 malo.

460 4925 644 5000 Sacerdos.
700 4928 792 5014 Quas
820 4929 986 5000 ollerimus
1014 4927 1084 5019 tibi,
1101 4926 1231 5000 Christe
1257 4928 1349 5001 Deus
1375 4941 1502 5019 noster,
1527 4932 1724 5026 praesertim

356 5040 422 5114 hoc
456 5052 624 5140 tempore,
659 5042 756 5136 hujus
793 5043 968 5116 oblationis
1002 5055 1153 5118 sanctae:
1193 5067 1333 5139 quorum
1365 5049 1558 5120 memoriam
1592 5069 1726 5142 semper

357 5161 498 5251 agimus,
525 5170 559 5232 et
586 5183 671 5256 quos
697 5165 1095 5258 unusquisquenostrum
1121 5165 1156 5232 in
1172 5159 1407 5257 mentehabet,
1434 5172 1468 5235 et
1494 5186 1610 5236 eorum
1625 5187 1726 5237 eom-
