4760 6038
778 541 1401 622 SANCTIBASILII.
1727 547 1774 623 13

502 735 664 830 Popahn.
706 731 952 821 Misericordia,
978 753 1048 826 pax
1075 741 1109 804 et
1136 730 1333 806 sacrificium
1358 731 1475 806 laudis.
1791 741 2101 812 aestimassent...

506 855 573 924 Ter
598 855 729 943 siparum
756 851 869 918 crucis
893 847 950 918 bic
974 850 1025 940 fit,
1047 851 1195 940 primam
1213 873 1236 920 a
1250 846 1444 922 Sacerdote
1461 871 1564 943 saper
1584 873 1621 922 se
1647 853 1774 942 ipsam,-
1790 837 1964 970 Ἑθῖὦΐζῑὴ
2026 925 2045 970 θ
2079 925 2090 970 ί

402 969 549 1042 secando
577 988 682 1060 saper
707 965 887 1036 Diaconos
912 966 1162 1036 ministrantes:
1188 968 1291 1036 tertia
1318 988 1421 1058 caper
1442 966 1614 1060 papatum.
1790 939 2013 1060 „„.J{',{4f'⁹*⁷'²⁶’
2048 939 2104 970 ‘’⁰‘'

501 1083 686 1157 Sacerdos.
724 1079 888 1152 Dominus
916 1075 1130 1152 vobiscum.¹
1395 1133 1403 1149 ,
1815 1095 1838 1140 1,
1861 1085 1892 1140 ⁴0
1915 1091 2014 1160 xpm,
2036 1088 2104 1158 W,

501 1199 663 1292 Popotns.
699 1194 744 1266 Et
761 1203 846 1266 'cum
872 1197 988 1290 spiritu
1015 1189 1113 1266 ιιιο.2
1791 1172 1899 1311 '‘gn‘}
1913 1171 2018 1280 ,ὖμῶνῇ
2095 1264 2106 1275 ,

500 1315 685 1386 Sacerdos.
726 1311 866 1384 Sursum
891 1309 1005 1382 levate
1032 1311 1135 1384 corda
1161 1308 1309 1384 vestra.³
1760 1393 1764 1404 ,
1791 1283 1940 1411 cannah.
1954 1281 2020 1394 hb?
2056 1280 2104 1311 m

500 1430 663 1524 Populus.
705 1427 876 1500 Habemus
905 1426 947 1498 ad
972 1423 1195 1500 Dominum!
1678 1449 1680 1458 ·
1807 1431 1833 1480 ³·
1856 1428 1922 1480 :aaa
1954 1427 2027 1496 ,aaa
2059 1428 2106 1489 τὰς

501 1546 685 1618 Sacerdos.
727 1543 859 1616 Gratias
887 1564 1026 1634 agamus
1051 1537 1172 1615 Deo⁵
1790 1513 1913 1650 ’ζῗῗὲἷζ
1936 1619 1996 1651 Μ
2013 1596 2041 1658 0¹⁵
2057 1595 2106 1652 T„

502 1663 663 1756 Papam.
705 1661 851 1752 Dignum
879 1670 913 1732 et
935 1661 1059 1750 justum
1087 1651 1182 1732 est.⁶
1789 1619 1934 1750 staff
1998 1623 2011 1672 ρ

502 1778 686 1850 Sacerdos.
722 1777 869 1868 Dignum
902 1784 935 1846 et
961 1777 1106 1865 justum,
1140 1775 1274 1866 dignum
1302 1784 1337 1865 et
1359 1775 1483 1865 justum
1510 1781 1579 1859 est,
1613 1757 1697 1846 vere
1724 1785 1778 1849 est
1807 1767 2105 1870 ⁵·,Ev'fflt‘01‘iaffl‘3v

399 1898 552 1988 dignum,
593 1895 817 1981 conveniens,
856 1893 1104 1991 necessarium,
1141 1889 1275 1983 dignum
1309 1899 1343 1962 et
1364 1891 1518 1981 justum,
1550 1888 1695 1964 Domine
1721 1858 1899 1986 quiK⁰⁰‘⁰''‘

399 2014 534 2100 existis,
570 2009 712 2081 Domine
738 2008 831 2080 Deus
859 2029 962 2097 vere,
1002 2012 1057 2102 qui
1085 2029 1123 2080 es
1151 2017 1228 2079 ante
1255 2005 1408 2096 saecula,
1433 2027 1583 2098 regnans
1609 2029 1717 2104 usque
1742 2011 1777 2080 in

397 2141 589 2216 oeternum,
622 2129 677 2222 qui
710 2129 746 2196 in
776 2125 922 2199 excelsis
955 2123 1103 2212 habitas,
1144 2133 1178 2195 et
1211 2121 1344 2196 humilia
1375 2125 1534 2219 respicis,
1570 2127 1625 2220 qui
1653 2127 1775 2198 creasti

398 2245 529 2318 coelum
555 2240 590 2315 ct
614 2253 758 2331 terram,
797 2263 891 2312 mare
924 2251 958 2312 et
991 2243 1100 2314 omnia
1138 2263 1223 2336 quae
1255 2243 1290 2310 in
1323 2243 1372 2310 eis
1400 2249 1487 2332 sunt,
1513 2238 1614 2312 Pater
1639 2240 1775 2316 Domini

397 2361 464 2434 Dei
491 2369 525 2432 et
551 2359 738 2434 Salvatoris
764 2359 870 2430 nostri
905 2357 987 2432 Jesu
1016 2355 1153 2443 Christi,
1191 2359 1246 2453 qui
1273 2367 1391 2428 cuncta
1417 2355 1561 2430 visibilia
1590 2369 1624 2432 et
1650 2362 1775 2432 invisi-

396 2476 477 2550 bilia
502 2501 565 2574 per
592 2498 666 2548 eum
695 2477 829 2563 creasti,
857 2473 979 2548 sedens
1007 2495 1109 2568 super
1130 2472 1280 2545 thronum
1300 2471 1431 2566 gloriae
1452 2483 1540 2566 tuae,
1568 2498 1665 2571 quem
1686 2477 1775 2552 ado-

396 2604 473 2664 rant
500 2614 617 2666 omnes
643 2599 826 2686 potestates
853 2600 1002 2662 sanctae.

505 2711 694 2780 Diaconos.
733 2707 796 2792 Qui
824 2705 949 2778 sedetis
978 2707 1114 2798 surgite.
1812 2707 1846 2758 ct
1867 2711 2010 2774 satanica
2035 2704 2104 2759 aa.

502 2823 686 2896 Sacerdos.
727 2822 825 2896 Circa
854 2845 950 2917 quem
978 2824 1164 2894 consistunt
1188 2821 1314 2912 Angeli
1341 2829 1374 2892 et
1398 2817 1616 2914 Archangeli,
1643 2821 1778 2898 Priirci-
1791 2811 1876 2860 Μ’

397 2945 507 3033 path,
534 2940 736 3026 Potestates,
764 2937 902 3028 Throni,
928 2937 1193 3026 DominationeS,
1221 2938 1379 3010 Virtutes.

502 3056 690 3126 Diaconos.
728 3053 784 3127 Ad
811 3052 981 3126 Orientem
1009 3058 1156 3152 aspicite.
1790 3065 2101 3133 ntaanmataapnnm.

502 3171 686 3242 Sacerdos.
728 3171 765 3242 In
799 3173 936 3241 circuita
972 3174 1059 3242 enim
1095 3180 1149 3244 tuo
1182 3181 1270 3244 stant
1302 3169 1498 3262 Cherubim,
1532 3171 1639 3244 acidis
1674 3171 1805 3266 pleni,‚

399 3297 433 3360 et
460 3286 636 3383 Seraphim
662 3309 727 3358 sex
752 3284 813 3358 alis
840 3289 1001 3378 instructi,
1028 3287 1185 3383 hymnum
1200 3288 1331 3382 gloriae
1346 3293 1523 3361 concinunt
1548 3287 1776 3364 indesinenter

399 3401 567 3476 dicentes:
1463 3483 1470 3498 ,

503 3519 665 3612 Popaias.
706 3518 862 3607 Sanctus,
890 3518 1047 3608 Sanctae,
1074 3517 1218 3592 Sanctus
1244 3519 1417 3591 Dominus.

503 3635 678 3706 Sacerdos
712 3641 765 3705 ter
796 3637 833 3704 in
866 3634 997 3704 enodata
1031 3638 1143 3705 craecis
1174 3635 1332 3729 sipaabit,
1365 3637 1774 3728 praeoccupatam-

400 3751 509 3822 cundo
536 3754 718 3838 ministros,
747 3754 849 3821 tertio
872 3748 1055 3843 popudnm:
1085 3757 1151 3820 tam
1178 3751 1279 3820 dicct.

511 3868 665 3958 Sanctus,
692 3867 854 3956 Sanctus,
888 3866 1031 3938 Sanctus
1060 3887 1097 3937 es
1128 3888 1231 3954 vere,
1265 3865 1408 3938 Domine
1441 3863 1535 3936 Deus
1561 3875 1691 3956 noster,
1720 3871 1775 3962 qui

398 3984 550 4058 formasti
576 4005 650 4074 nos,
677 3983 785 4056 fecisti
811 4003 887 4072 noS,
915 3992 949 4054 et
974 3985 1114 4077 posuisti
1140 4002 1204 4053 uos
1229 3983 1263 4052 in
1281 3980 1440 4076 paradiso
1468 3979 1661 4076 voluptatis.
1691 3981 1774 4055 Cum

402 4110 512 4172 autom
539 4099 694 4172 mandata
721 4107 777 4168 tua
803 4099 893 4170 circa
920 4096 1045 4189 lignum
1071 4095 1164 4169 uitae
1196 4097 1419 4168 violassemus
1455 4105 1517 4190 per
1543 4095 1775 4190 deceptionem

401 4219 578 4310 serpentia,
617 4239 636 4286 a
678 4217 749 4286 vita
790 4223 926 4284 aeterna
963 4212 1226 4300 excidissemas,
1269 4223 1303 4283 et
1338 4236 1358 4284 a
1392 4211 1550 4309 paradiso
1592 4211 1774 4305 voluptatis

401 4332 499 4420 ejecti
533 4329 731 4419 fuissemus,
762 4351 829 4401 non
866 4331 899 4400 in
918 4330 1022 4402 tinem
1056 4350 1163 4422 usqne
1198 4327 1375 4400 deseruisti
1406 4349 1507 4420 nos„
1523 4327 1585 4400 scd
1618 4329 1773 4420 contirruo

399 4444 495 4518 nobis
529 4469 591 4542 per
622 4445 802 4542 prophetas
834 4454 909 4516 tuos
945 4455 1097 4518 sanctos.
1120 4445 1286 4540 promissa
1323 4442 1470 4514 edidisti:
1512 4446 1545 4514 in
1582 4444 1774 4516 novissimis

399 4583 484 4632 vero
513 4561 650 4651 diebus,
676 4558 775 4645 nobis
803 4560 995 4633 sedentibus
1029 4566 1062 4633 in
1097 4560 1244 4632 tenebris
1281 4569 1315 4630 et
1347 4556 1465 4632 umbra
1492 4560 1619 4648 mortis,
1654 4557 1774 4630 Filium

398 4685 488 4755 tuum
529 4678 733 4769 unigenitum
774 4676 951 4750 Dominum
986 4677 1094 4752 Deum
1136 4685 1169 4748 et
1201 4672 1413 4748 Salvatorem
1453 4673 1567 4747 Jesum
1609 4671 1774 4746 Christum

274 4867 288 4888 ,
397 4791 629 4883 manifestasti,
657 4795 711 4887 qui
737 4794 926 4866 incarnatus
952 4805 1005 4868 est
1031 4795 1074 4866 de
1088 4795 1213 4890 Spiritu
1239 4806 1355 4868 sancto
1383 4806 1417 4868 et
1443 4817 1490 4868 ex
1509 4797 1642 4888 virgine
1660 4803 1775 4868 sancta

397 4905 520 4998 Maria,
548 4916 582 4978 et
607 4907 707 4980 homo
735 4907 841 4979 iactus
870 4920 933 5000 est,
961 4913 1016 5004 qui
1042 4915 1133 4984 viam
1160 4910 1276 4984 salutis
1296 4934 1359 4986 nos
1387 4912 1509 5004 docuit,
1537 4885 1571 4984 e't
1597 4933 1775 5008 supernam

397 5021 489 5094 illam
515 5027 720 5096 nativitatem
747 5047 809 5119 per
837 5047 955 5118 aquam
984 5035 1017 5096 et
1044 5029 1193 5122 spiritum
1224 5028 1330 5152 nobis*
1357 5029 1512 5120 donavit,
1537 5016 1775 5124 iecitque'uos

1807 1944 1832 1994 6.
1842 1941 1931 2001 ’.ἄξιον
1940 1947 1982 1995 καὶ
1992 1942 2104 2000 δίκαιον.
