4686 6060
789 583 1326 662 lunxnnunroo.
1490 527 1494 532 ¹
1642 586 1740 660 aaa

367 795 442 844 cnm
468 771 597 866 absque
624 769 837 844 Sultanorum
864 781 920 844 aut
945 769 1191 866 praefectorum
1222 771 1378 844 mandato
1406 771 1597 842 consecrari
1631 793 1742 846 novus
1811 769 1816 778 '

366 886 558 959 Patriarcba
585 907 652 958 uon
678 897 807 982 posset,
834 891 945 960 statIm
972 897 1071 982 atque
1098 892 1131 958 in
1166 887 1303 980 alicujus
1335 909 1458 958 nomen
1491 897 1743 976 consenserant,

367 1001 579 1076 obtinebatur
605 1001 778 1074 electionis
806 1003 1020 1075 confirmatio.
1049 1002 1147 1090 Quod
1169 1007 1197 1077 si
1213 1002 1441 1076 Alexandriae
1459 998 1644 1073 Concilium
1663 1001 1760 1075 titud·

366 1117 555 1206 haberetur,
582 1117 765 1213 periculum
793 1127 885 1208 erat,
920 1141 964 1190 ne
997 1121 1053 1214 qui
1086 1119 1254 1214 repulsam
1289 1121 1381 1214 passi
1406 1116 1564 1207 luissent,
1599 1127 1655 1190 aut
1687 1121 1742 1212 qui

367 1234 482 1308 aulicis
509 1235 623 1308 officiis
651 1233 807 1322 adstricti,
835 1233 1020 1306 absentium
1052 1238 1217 1306 rationem
1248 1256 1317 1309 non
1348 1232 1493 1306 habitam
1528 1232 1632 1305 fuisse
1659 1257 1741 1306 mo-

365 1349 451 1422 leste
492 1347 639 1435 ferrent,
677 1348 848 1422 calumniis
888 1339 976 1446 apu'd
1014 1352 1205 1445 PrincipeS,
1246 1371 1474 1444 quaecumque
1511 1349 1740 1424 Alexandriae

366 1468 543 1538 constituta
569 1463 728 1554 fulsseut,
765 1467 856 1536 irrita
890 1465 963 1538 fieri
996 1477 1225 1561 procurarent.
1277 1466 1327 1537 Ita
1353 1463 1509 1560 paulatim
1536 1463 1678 1555 lactum,
1705 1477 1741 1538 ut

367 1577 509 1655 Comitia
541 1578 778 1652 Patriarchalia
810 1580 938 1653 Misrae
971 1603 1031 1654 seu
1070 1579 1213 1655 Cabirae
1247 1579 1465 1653 haberentur:
1501 1579 1543 1652 ad
1577 1579 1741 1656 honorem

366 1717 451 1770 vero
478 1692 570 1766 urbis
597 1697 796 1789 primariae,
823 1707 858 1768 et
884 1718 969 1791 quae
997 1696 1074 1769 olim
1101 1719 1169 1768 non
1195 1699 1302 1768 minus
1329 1700 1425 1790 regui
1453 1721 1549 1792 quam
1566 1697 1739 1788 religionis

363 1814 398 1882 iu
429 1811 592 1905 Aegypto
626 1819 726 1905 caput
757 1808 884 1901 luerat,
921 1823 977 1883 aut
1014 1810 1205 1901 Ordinatio,
1240 1822 1295 1884 aut
1329 1813 1460 1886 tandem
1494 1810 1740 1912 ἕνθρονισμός

364 1923 594 2000 Alexandriae
621 1923 860 2017 celebraretur,
887 1949 973 2022 qnae
1000 1926 1173 2022 disciplina
1209 1938 1397 2023 exponetur
1430 1933 1638 2022 accuratius,
1665 1951 1739 2000 cum

366 2051 485 2134 agetur
512 2039 554 2112 de
580 2040 796 2115 Patriarchae
824 2041 1048 2117 Ordinatione.
1557 2054 1568 2078 ¹

467 2157 623 2230 XXXIV.
650 2158 837 2230 AlternatIo
864 2158 920 2231 illa
952 2158 1257 2233 Alexandrinorum
1290 2171 1324 2232 et
1351 2156 1610 2252 Cabiranorum,
1644 2164 1738 2253 cnjus
1802 2172 1987 2230 merneram
2009 2175 2062 2228 cu-

364 2271 487 2344 nullnm
514 2273 650 2346 saeculo
676 2272 852 2347 undecimo
880 2277 1044 2369 antiquius
1080 2279 1268 2372 exemplum
1296 2280 1457 2368 occurrit,
1492 2286 1570 2348 nata
1602 2284 1670 2363 est,
1702 2259 1855 2398 ιιιΙιπιῃιο
1857 2261 2008 2315 ΨΜ
1991 2277 2061 2316 ¹⁸³³

365 2387 515 2476 videtur,
548 2388 666 2461 eadem
701 2391 897 2479 occasione:
931 2413 1011 2462 cum
1040 2389 1219 2466 Laioomm
1254 2393 1480 2465 Jacobitarum
1514 2394 1664 2489 primarii
1696 2347 2002 2488 ad,1,¹c¹,⁰0¹,¹,¹,¹}„2{ifi⁰
2035 2357 2063 2402 ⁰⁸

363 2503 481 2577 urbem
505 2504 634 2596 regiam
661 2501 811 2577 fortunas
839 2527 956 2579 omnes
983 2527 1062 2580 suas
1089 2507 1342 2580 transtulissent.
1384 2507 1435 2581 Illi
1462 2511 1650 2580 enimcum
1677 2530 1738 2580 sua

363 2622 528 2692 interesse
555 2621 797 2710 existimarent,
823 2642 867 2692 ne
894 2644 933 2695 se
959 2623 1153 2696 inconsultis
1180 2623 1373 2696 Patriarcba
1398 2627 1654 2712 renuntiaretur,
1671 2633 1738 2694 tum

364 2737 463 2807 etiam
489 2756 532 2806 ne
558 2733 825 2829 impedimentum
851 2757 897 2808 ex
924 2735 1192 2828 confirmationis,
1220 2762 1306 2835 quae
1334 2739 1524 2841 aPrincipe
1541 2737 1739 2834 postulanda

364 2858 449 2938 erat,
476 2848 608 2922 defectu
635 2859 690 2921 aut
715 2851 952 2942 retardatione,
978 2865 1184 2944 nasceretur,
1212 2878 1287 2927 cnm
1312 2853 1495 2928 nobiliores
1521 2854 1569 2926 illi
1587 2854 1738 2950 plerique

362 2963 614 3037 Alexandrinae
642 2967 785 3038 civitatis
808 2971 864 3060 jus
890 2966 1066 3060 baberent,
1093 2970 1304 3044 obtinuerunt
1339 2970 1492 3062 taudem,
1525 2981 1560 3042 nt
1595 2970 1738 3044 Comitia

362 3077 600 3152 Patriarcbalia
620 3080 850 3156 Alexandriae
877 3092 911 3155 et
937 3082 1082 3157 Gabinae
1108 3085 1292 3159 alternatim
1313 3085 1524 3158 haberentur.
1556 3085 1607 3158 Ea
1627 3096 1737 3160 autem

364 3199 448 3268 ratio
482 3191 700 3269 Comitiorum
734 3208 819 3288 erat,
853 3208 889 3270 ut
920 3202 975 3294 qui
1009 3204 1065 3294 jus
1096 3202 1268 3276 electionis
1301 3201 1479 3291 haberent,
1511 3213 1739 3299 proponerent

363 3313 524 3384 universo
550 3308 796 3408 Episcoporum
823 3324 857 3385 et
883 3313 1022 3387 aliorum
1049 3315 1214 3408 concilio,
1250 3340 1324 3390 eum
1358 3320 1414 3412 qui
1444 3321 1591 3390 maxime
1618 3319 1737 3411 dignus

362 3426 542 3498 videretur.
568 3429 692 3500 Postea
719 3450 805 3501 vero
826 3427 870 3502 ob
882 3450 955 3519 eas,
983 3453 1066 3525 quos
1083 3435 1312 3528 exposuimus,
1337 3436 1498 3522 rationes,
1528 3434 1736 3508 consuetudo

361 3540 511 3630 luvaluit,
537 3553 573 3615 nt
599 3563 733 3639 semper
761 3543 917 3618 Cabirum
950 3550 1203 3620 conveniretur:
1239 3548 1337 3643 idque
1372 3547 1476 3640 vulgo
1511 3548 1632 3620 dudum
1664 3549 1736 3623 fieri

362 3655 473 3729 dicunt
498 3668 602 3732 testes
629 3658 694 3731 fide
720 3659 824 3752 digni,
851 3659 929 3732 nihil
956 3664 1043 3734 enim
1069 3659 1217 3735 historici
1243 3664 1286 3735 de
1311 3663 1375 3735 hac
1390 3662 1573 3759 disciplina,
1600 3675 1736 3760 praeter

362 3795 405 3846 aa
441 3795 527 3868 quae
563 3773 723 3865 diximus,
754 3779 931 3872 perspicuo
964 3782 1178 3872 scripsemnt.
1234 3779 1272 3852 Si
1304 3778 1609 3852 Alexandrinorum
1640 3783 1736 3852 vices

363 3898 489 3977 essent,
515 3891 639 3983 primas
666 3890 713 3962 illi
741 3895 922 3966 sententias
950 3891 1127 3966 dicebant:
1162 3897 1192 3968 si
1225 3894 1483 3985 Cahiranomm,
1514 3895 1559 3966 illi
1592 3899 1735 3992 pariter3

359 4004 595 4099 proponebant
619 4027 742 4078 nomen
768 4007 943 4096 candidati,
973 4031 1070 4104 quem
1103 4010 1361 4106 praeferebant:
1394 4009 1485 4082 illum
1516 4034 1602 4084 vero
1630 4035 1736 4086 acce-

361 4129 457 4215 ptare
484 4129 541 4192 aut
565 4123 710 4213 rejicere
735 4132 891 4218 poteraut
916 4122 1090 4220 Episcopi,
1118 4135 1174 4197 aut
1200 4125 1256 4198 alii
1283 4129 1338 4222 qui
1365 4127 1514 4219 suffragii
1532 4126 1661 4200 ferendi
1681 4129 1736 4219 jus

315 4263 325 4286 ·
360 4232 536 4308 habebant
591 4235 689 4322 Quod
722 4241 750 4311 si
780 4241 866 4311 inter
898 4262 937 4312 ae
969 4240 1105 4314 diversa
1138 4241 1305 4316 hominnm
1338 4242 1445 4316 studia
1472 4240 1642 4315 conciliari
1668 4264 1738 4314 non

360 4361 512 4444 possent,
540 4361 617 4423 turm
644 4363 700 4426 aut
724 4353 949 4430 Alexandrini
981 4356 1144 4430 adversus
1177 4356 1383 4448 Cahirauos,
1417 4368 1452 4431 ot
1483 4361 1654 4432 vicissim:
1682 4370 1739 4431 aut

361 4465 524 4563 Episcopi
552 4467 716 4543 adversus
742 4470 880 4560 Laioos,
907 4493 969 4566 pro
997 4494 1059 4545 suo
1087 4475 1227 4568 quisque
1262 4474 1455 4566 candidato,
1482 4474 1736 4548 contendebant.

361 4581 481 4677 Neque
508 4581 607 4655 ullum
635 4587 669 4656 in
695 4595 764 4658 tota
790 4586 1021 4660 Alexandriae
1037 4580 1269 4662 lacobitarum'
1280 4591 1428 4662 Historia
1452 4594 1597 4664 occurrit
1612 4615 1736 4664 exem-

360 4696 451 4792 plum
479 4697 651 4774 electionis
679 4725 699 4773 a
726 4701 840 4775 Laicis
866 4701 988 4791 luctae,
1023 4696 1109 4799 quae
1143 4705 1271 4799 absque
1303 4704 1396 4778 Cleri
1427 4716 1461 4778 et
1491 4706 1738 4802 Episcoporum

361 4833 528 4886 consensu
555 4825 628 4886 rata
654 4815 768 4906 luerit3
796 4817 882 4890 adeo
908 4828 945 4890 ut
969 4822 1107 4915 proprie
1134 4819 1314 4915 loquendo,
1344 4825 1399 4915 jus
1430 4824 1545 4920 populi
1579 4833 1613 4896 et
1646 4821 1739 4895 Cleri

362 4927 503 5024 aequale
531 4930 775 5023 quodammodo
801 4936 835 5004 in
862 4933 1029 5027 suffragiis
1043 4934 1190 5010 lorendis
1217 4936 1326 5009 fuerit.
1354 4937 1439 5010 Nam
1457 4939 1611 5034 populus,
1640 4959 1738 5032 quem

360 5044 500 5117 volebat
527 5044 740 5141 designabat:
776 5049 873 5122 siah
907 5052 1068 5124 universo
1096 5053 1260 5145 concilio,
1294 5064 1348 5126 aut
1381 5057 1501 5148 majori
1536 5058 1609 5148 ejus
1642 5064 1738 5150 parte

1456 5172 1532 5248 62*
