4686 6060
769 549 1304 632 nnnrruonrno.
1512 645 1515 652 Ἴ
1634 549 1705 622 aar

343 763 414 814 rum
442 738 662 812 saecrdarium
688 761 827 812 numero
854 737 1046 812 sacerdotes
1077 740 1312 834 reperirentur.
1372 736 1442 808 Sed
1474 759 1572 832 quam
1607 757 1710 833 saepe

344 881 405 931 sua
433 855 584 951 Coptitas
611 858 723 950 opinIo
750 854 923 944 fefellerit,
951 863 985 926 et
1005 877 1101 949 quam
1124 853 1243 926 multos
1257 877 1303 925 ex
1324 853 1406 949 ipsiS
1427 853 1601 925 strictioris
1618 855 1709 925 vitae

344 971 557 1045 blonasteriis
583 969 766 1044 nebulones
793 949 1040 1066 promoverint,
1066 969 1202 1042 bIstoria
1229 979 1343 1042 nostra
1370 971 1449 1042 satis
1477 967 1630 1041 ostendit
1688 941 1704 984 ⁸

446 1085 534 1159 LXI.
565 1086 714 1174 Decima,
743 1109 829 1184 quae
854 1085 973 1159 multas
1000 1085 1083 1158 alias
1111 1085 1348 1182 complectitur,
1375 1085 1566 1178 dignitatem
1592 1093 1626 1156 et
1652 1088 1710 1157 in-
1843 1134 1850 1150 .

344 1203 532 1295 tegritatem
557 1225 685 1276 monum
711 1207 846 1300 proprie
873 1212 1021 1300 spectat,
1047 1223 1168 1297 nempe
1194 1204 1414 1274 testimonium
1440 1199 1584 1287 bonum,
1610 1205 1709 1273 etiam

345 1318 387 1391 ab
414 1317 478 1392 iltis
506 1321 560 1414 qui
585 1319 669 1392 loris
696 1329 788 1392 sunt:
815 1342 882 1393 non
910 1322 952 1392 sit
977 1317 1171 1407 iracundus,
1197 1339 1264 1389 non
1280 1315 1449 1406 ebriosus,
1476 1339 1545 1390 non
1563 1327 1727 1413 percus·'

345 1456 419 1523 sor,
445 1456 513 1506 non
540 1437 643 1532 turpis
669 1433 752 1507 lucri
778 1435 935 1532 cupidus:
962 1445 997 1506 ut
1015 1444 1134 1530 potens
1155 1437 1198 1506 sit
1216 1455 1338 1530 opere:
1364 1433 1472 1507 verbo
1493 1444 1526 1506 et
1548 1433 1711 1525 doctrina,

345 1559 443 1644 atque
469 1550 555 1623 adeo
581 1553 688 1648 possit
712 1551 789 1623 fidei
817 1552 1031 1625 adversarios
1058 1571 1260 1644 coarguere:
1302 1573 1386 1645 quae
1420 1552 1529 1622 omnia
1562 1548 1711 1624 desumto

344 1677 420 1737 sunt
445 1688 491 1737 ex
515 1665 675 1764 EpistolIs
704 1665 746 1739 ad
772 1667 981 1741 Timotheum
1007 1677 1041 1738 et
1067 1667 1110 1738 ad
1135 1666 1262 1739 Titum:
1296 1676 1397 1762 utque
1428 1687 1544 1739 omnes
1570 1668 1710 1740 vitiantes

343 1779 481 1871 babeat,
514 1805 597 1876 quas
631 1781 817 1878 Apostolus
849 1786 883 1856 in
916 1782 1086 1880 Episcopo
1123 1786 1243 1876 exigit:
1285 1805 1421 1878 quarum
1457 1785 1556 1856 etiam
1588 1781 1712 1854 dotium

343 1895 522 1970 nonnullae
543 1902 612 1991 jam
639 1897 750 1971 locum
775 1921 843 1973 non
868 1899 1005 1976 babent:
1046 1911 1081 1972 ut
1107 1900 1195 1996 qnod
1221 1897 1409 1996 Episcopus
1443 1921 1510 1972 non
1543 1901 1585 1973 sit
1610 1898 1711 1972 Neo-

344 2012 482 2112 phytos,
510 2037 608 2109 quam
635 2025 745 2088 tamen
771 2017 804 2087 in
829 2015 921 2090 libris
949 2019 1017 2090 suis
1044 2020 1283 2114 praescriptam
1311 2026 1465 2105 servant,
1490 2016 1619 2090 bonore
1641 2038 1711 2111 po-

344 2133 407 2201 tius
433 2129 589 2225 Apostoli
617 2140 650 2202 et
676 2153 847 2205 sacrorum
875 2131 1066 2220 Canonnm,
1095 2155 1192 2228 quam
1214 2155 1260 2204 ex
1281 2133 1502 2228 posteriorum
1524 2143 1710 2228 temporum

344 2244 535 2341 discipbna,
561 2249 595 2317 in
622 2270 686 2343 qua
712 2251 865 2344 usurpari
890 2246 974 2320 baec
1001 2252 1108 2321 cautio
1127 2270 1194 2321 non
1215 2257 1335 2345 potest
1369 2247 1487 2343 Neque
1504 2251 1591 2320 enim
1609 2247 1710 2343 quid-

344 2384 442 2457 quam
473 2365 580 2438 rarius
614 2363 753 2452 accidit,
790 2387 886 2462 quam
919 2376 955 2436 ut
980 2387 1027 2437 ex
1053 2364 1190 2437 ludaeis
1217 2376 1272 2436 aut
1292 2363 1545 2437 'Mnbamedanis
1580 2363 1711 2459 quidam

345 2477 387 2550 ad
423 2477 520 2550 Iidem
554 2477 774 2552 Christianam
819 2462 1074 2572 convertantur,
1115 2490 1149 2552 et
1182 2479 1424 2577 Episcoporum
1464 2503 1510 2554 ex
1548 2479 1710 2573 ejusmodi

343 2595 524 2690 proselytis
550 2596 730 2684 factorum,
759 2605 814 2668 aut
839 2601 1008 2672 rarissima
1036 2606 1093 2669 aut
1118 2595 1205 2668 nulla
1232 2596 1388 2693 exempla
1416 2605 1498 2672 sunt
1545 2598 1615 2669 Imo
1644 2620 1709 2667 ca-

345 2720 426 2782 vent
446 2709 621 2785 Christiani
642 2711 846 2804 Orientales,
872 2737 916 2786 ne
930 2713 1090 2811 Episcopi
1107 2716 1314 2786 instituantur
1330 2713 1397 2804 illi,
1425 2735 1565 2809 quorum
1586 2712 1709 2785 iratres

346 2835 402 2898 aut
429 2825 541 2900 affines
567 2826 860 2942 Muhamedismum
894 2821 1039 2928 amplcr'ri
1074 2839 1164 2902 sunt:
1201 2839 1235 2900 et
1267 2827 1393 2925 aliquot
1428 2829 1590 2926 exemplis
1625 2828 1710 2900 haec

346 2941 517 3038 disciplina
544 2941 735 3017 confirmata
760 2951 924 3041 reperitur
948 2950 980 3018 in
1000 2946 1147 3020 Historia
1168 2943 1414 3019 cnutottcorum
1432 2943 1707 3037 Bagdadensium.

344 3056 470 3129 Verum
496 3057 610 3149 aliam,
638 3071 671 3132 et
698 3061 828 3156 quidem
853 3065 1018 3155 insignem
1042 3085 1126 3159 prae
1153 3066 1316 3150 caeterIs,
1344 3064 1496 3156 antiquae
1527 3071 1562 3132 et
1591 3064 1709 3158 puris-

345 3175 450 3248 simae
476 3179 658 3250 sanctitatis
684 3187 802 3250 testem
830 3179 1049 3250 conditionem
1076 3199 1299 3275 apponemus,
1335 3181 1427 3271 cajus
1460 3198 1569 3272 neque
1595 3176 1709 3250 Abul-

345 3286 452 3362 bircat
482 3314 591 3388 neque
622 3291 846 3383 Ebnassalus,
883 3304 938 3368 aut
973 3295 1028 3366 alii
1063 3297 1300 3384 meminerunt,
1332 3292 1401 3366 sed·
1426 3297 1519 3386 cujus
1552 3303 1643 3366 certa
1677 3303 1711 3366 et

344 3428 510 3503 nunquam
536 3413 715 3505 interrupta
742 3409 800 3496 luit
826 3412 859 3482 In
884 3409 1121 3483 Alexandrinis
1147 3407 1347 3483 PatrIarcbIs
1376 3409 1613 3483 constituendis
1640 3410 1710 3484 ob-

346 3527 505 3596 servatio.

444 3639 547 3712 LXII.
574 3637 756 3712 Undecima
783 3651 851 3730 est,
879 3642 966 3736 quod
992 3642 1181 3739 Episcopus
1208 3664 1275 3715 non
1302 3644 1361 3715 sit:
1388 3664 1464 3714 nam
1490 3645 1525 3716 in
1545 3643 1609 3716 alia
1628 3640 1710 3717 sede

345 3753 529 3827 ordinatum
555 3777 720 3851 nunquam
747 3755 1012 3831 transferendum
1038 3762 1316 3831 exIstimaverunt
1341 3757 1384 3829 ad
1404 3757 1649 3853 amplissimam,
1676 3769 1711 3833 et

346 3893 410 3966 qua
437 3871 525 3944 nulla
550 3875 635 3943 Inter
661 3893 720 3946 eos
747 3877 855 3966 major
881 3883 949 3964 est,
975 3873 1186 3947 PatrIarcbae
1213 3874 1415 3967 dignitatem.
1448 3872 1520 3948 Etsi
1546 3897 1631 3948 vero
1652 3875 1711 3948 Iex

1758 3659 1815 3715 Non
1832 3661 1980 3731 Episcopus

347 3985 524 4078 singrdaris
550 3988 638 4060 nulla
664 3985 826 4061 JacobitIs
852 3993 988 4087 propria
1016 3989 1180 4064 adversus
1207 3990 1439 4063 translationes
1464 3990 1711 4088 EpIscoporum
1784 3981 1793 3998 ’

346 4107 530 4200 perscripta
557 4107 625 4194 sit,
644 4104 704 4176 sed
730 4127 904 4178 commune
930 4116 1054 4178 tantum
1075 4111 1131 4199 jus
1158 4117 1358 4202 sequantur,
1383 4105 1470 4180 illius
1486 4107 1548 4180 bac
1565 4111 1598 4179 in
1617 4117 1711 4205 parte

347 4218 633 4294 observantissimi
659 4220 798 4293 luerunt
851 4221 983 4294 Nama
1009 4223 1050 4295 Il.
1077 4221 1193 4297 Marco
1225 4245 1330 4319 usqne
1356 4223 1399 4296 ad
1426 4219 1585 4319 (rprillum
1611 4224 1711 4296 lilium

346 4333 500 4427 Laldaki,
520 4339 575 4431 qui
589 4334 756 4424 ordinatus
775 4349 827 4410 est
841 4359 928 4411 anno
946 4337 1337 4435 Martyrumocccct.
1360 4339 1390 4412 J.
1408 4338 1445 4413 C.
1459 4337 1711 4414 MOCXXXIV.

346 4451 454 4524 nullus
480 4456 636 4541 occurrit,
663 4456 718 4549 qui
746 4452 842 4526 allum
869 4465 966 4527 antea
980 4454 1219 4552 Episcopatum
1245 4459 1407 4548 gesserit:
1434 4477 1509 4527 cum
1530 4459 1616 4528 inter
1632 4453 1710 4526 Ne-

347 4571 512 4642 storianos
540 4569 707 4666 plerique,
742 4593 787 4642 ex
823 4571 895 4644 aliis
928 4571 1089 4643 Ecclesiis
1123 4572 1165 4644 ad
1197 4571 1464 4660 llIodatnensem,
1497 4593 1557 4644 seu
1591 4581 1710 4670 postea

347 4683 618 4778 Bagdadensem,
653 4687 705 4756 cui
732 4683 865 4778 alligata
893 4699 965 4759 erat
997 4691 1113 4760 summi
1148 4688 1235 4785 apud
1267 4711 1328 4762 eos
1358 4689 1522 4762 Antistitis
1554 4686 1719 4786 dignitas,

346 4801 497 4875 translati
521 4801 658 4893 iuerInt,
686 4799 811 4899 absque
839 4803 902 4876 ulla
931 4801 1103 4876 Canobum
1134 4807 1334 4877 reverenda.
1386 4806 1423 4878 In
1454 4807 1524 4876 vita
1550 4801 1710 4898 Agatho-

347 4921 399 4990 nis
426 4917 638 4991 Patriarchae
663 4919 881 4992 Alexandrini
906 4919 1063 4994 XXXIX.
1091 4919 1138 5010 (is
1166 4931 1274 4993 autem
1300 4920 1466 4995 secundus
1491 4919 1552 4994 tuit
1578 4945 1622 4994 ex
1644 4941 1742 5016 quo‘

349 5035 579 5108 Mubamedani
592 5036 787 5132 Aegyptum
802 5037 978 5134 ceperunt)
1000 5036 1135 5129 tegitur:
1163 5037 1263 5133 quod,
1290 5061 1364 5110 cum
1379 5037 1543 5112 loannem
1562 5037 1710 5111 Semnu-

1206 5169 1214 5180 “
1424 5153 1506 5230 64*
