4760 6038
759 635 1028 715 satori
1081 629 1390 722 oraturi
1695 625 1743 699 41

375 842 409 904 et
434 827 601 906 salubrem
627 836 776 923 praesta,
789 825 947 912 Domine,
974 830 1087 894 aerem
1106 818 1204 909 coeli,
1229 829 1266 920 et
1286 816 1447 890 fructibus
1464 825 1576 889 terrae
1595 814 1749 890 benedic.

477 945 665 1016 Diaconos.
720 943 822 1016 Orate
847 961 911 1038 pro
939 947 1019 1010 aere
1046 936 1132 1010 coeli
1159 945 1193 1008 et
1216 934 1386 1009 fructibus.

477 1059 662 1133 Sacerdos.
714 1057 785 1130 Fac
810 1067 847 1130 ut
873 1064 1026 1130 crescant
1048 1058 1144 1148 juxta
1171 1055 1327 1126 virtutem
1353 1073 1456 1126 suam.
1511 1051 1616 1124 Utin
1642 1051 1754 1122 Misso

376 1178 512 1252 Basilii.

477 1294 633 1383 Domine,
661 1295 823 1364 miserere
846 1288 956 1381 Regis
982 1297 1094 1360 terrae
1120 1285 1231 1358 famuli
1256 1289 1313 1358 tui.

478 1410 666 1483 Diaconos.
721 1408 822 1481 Orate
848 1416 884 1478 ut
910 1403 1060 1478 Christus
1085 1403 1179 1475 Deus
1205 1411 1321 1476 noster
1348 1413 1411 1474 etc.

478 1526 662 1598 Sacerdos.
717 1521 893 1597 Conserva
929 1520 1019 1592 illum
1050 1522 1084 1589 in
1116 1542 1202 1615 pace
1238 1528 1272 1590 et
1301 1521 1443 1611 justitia,
1477 1528 1511 1590 et
1540 1521 1689 1615 potentia
1716 1528 1755 1589 ut

377 1641 590 1734 subjiciantur
616 1640 663 1713 ilb
689 1661 806 1713 omnes
826 1637 974 1726 barbari,
1000 1646 1035 1707 et
1059 1645 1178 1728 gentes
1206 1658 1292 1730 quae
1318 1635 1407 1708 bella
1432 1635 1566 1710 volunt:
1594 1634 1751 1708 danobis

375 1759 537 1832 bonorum
555 1757 767 1830 affluentiam:
794 1755 934 1850 loquere
953 1753 995 1826 ad
1009 1773 1070 1824 cor
1085 1754 1171 1843 ejus,
1197 1774 1259 1845 pro
1275 1775 1360 1848 pace
1373 1755 1493 1825 unicae
1511 1763 1602 1844 trrae,
1617 1753 1752 1827 Catho-

377 1871 463 1947 licae
489 1883 524 1946 et
549 1873 767 1969 apostolicae
800 1870 993 1946 Ecclesiae:
1024 1868 1080 1942 lac
1113 1877 1148 1940 ut
1183 1871 1309 1960 cogitet
1343 1891 1384 1940 ea
1418 1891 1504 1963 quae
1537 1873 1631 1965 pacis
1664 1879 1752 1958 sunt,

379 2011 462 2081 erga
488 2012 551 2062 nos
578 1999 612 2060 et
638 2010 721 2081 erga
747 2010 870 2060 nomen
896 1995 985 2058 tuum
1012 1993 1174 2075 sanctum,
1200 1994 1236 2056 ut
1261 1987 1365 2058 mtam
1381 1985 1589 2081 tranquillam
1615 1997 1649 2059 et
1672 1985 1753 2084 pla-

379 2103 485 2175 cidam
511 2105 686 2178 ducamus:
720 2113 819 2199 atque
851 2105 884 2175 in
911 2105 1001 2175 omni
1027 2105 1152 2198 pietate
1179 2111 1213 2172 et
1238 2099 1412 2175 honestate
1438 2103 1623 2175 confirmati
1648 2106 1752 2176 inve-

378 2223 506 2294 niamur
534 2221 620 2317 apud
646 2232 690 2294 te.

480 2339 624 2410 Domine
650 2340 821 2410 miserere.
855 2335 1022 2424 Patribus,
1048 2333 1271 2430 fratribusque
1297 2337 1442 2426 nostris,
1469 2338 1525 2430 qui
1556 2333 1753 2409 obdormie-

379 2463 472 2544 runt,
499 2463 533 2528 et
560 2473 699 2550 quorum
726 2457 852 2528 animas
879 2454 1070 2546 arscepisti,
1098 2455 1241 2547 quietem
1259 2461 1404 2549 praesta.
1457 2451 1626 2525 Memento
1654 2458 1753 2526 etiam

379 2575 525 2643 omnium
550 2579 739 2642 sauctorum
765 2572 820 2666 qui
847 2593 867 2642 a
894 2569 1030 2644 saeculo
1064 2568 1123 2642 tibi
1154 2569 1367 2664 placuerunt,
1403 2568 1538 2640 Patrum
1563 2579 1753 2642 nostrorum

380 2695 582 2776 sanctorum,
607 2685 885 2774 Patriarcharum,
900 2684 1152 2780 Prophetarum,
1167 2687 1420 2782 Apostolomm,
1446 2684 1754 2778 Evangelistarum,

379 2799 576 2898 Martyrum,
604 2799 866 2891 Confessam,
879 2801 1181 2895 'Praedicatomm
1209 2813 1243 2876 et
1268 2807 1411 2900 omniurn
1439 2807 1610 2899 spirituum
1633 2805 1753 2894 justo-

379 2941 452 2990 rum
480 2921 533 3012 qui
561 2921 595 2988 in
620 2917 685 2989 lida
720 2917 862 3014 perfecti
892 2916 1034 2990 suerunt.
1086 2918 1273 3015 Praecipue
1306 2929 1417 2992 autem
1450 2929 1585 2994 sanctae
1618 2919 1754 3013 glorio-

379 3038 545 3124 sissimae,
571 3034 752 3129 Deiparae,
779 3056 912 3129 semper
942 3033 1108 3127 Virginis,
1140 3057 1245 3129 purae
1278 3045 1314 3107 et
1339 3033 1486 3108 illibatae
1509 3045 1645 3110 sanctae
1671 3035 1753 3108 Ma-

379 3154 460 3224 rias.
489 3160 551 3222 etc.
594 3151 653 3221 Ec
677 3150 786 3222 Misso
811 3151 947 3222 Basilii.
975 3163 1009 3223 et
1035 3154 1142 3223 omnis
1168 3151 1261 3224 cbori
1286 3160 1478 3225 sanctorum
1505 3163 1645 3225 tuorum.
1680 3147 1685 3152 ’

484 3267 670 3338 Sacerdos.
727 3267 821 3339 Toao
854 3251 946 3340 root
985 3266 1030 3340 Et
1055 3289 1131 3356 nos,
1156 3268 1315 3358 Domine,
1348 3268 1438 3361 digni
1464 3292 1533 3342 nou
1558 3293 1672 3344 sumus
1699 3273 1756 3364 qui

380 3379 578 3479 prebeatis
605 3381 668 3456 illia
696 3383 937 3479 supplicemus:
965 3383 1026 3456 sed
1054 3387 1207 3478 quoniam
1234 3385 1281 3456 illi
1308 3393 1397 3459 stant
1422 3408 1537 3459 coram
1568 3386 1655 3459 solio
1681 3387 1755 3458 Filii

380 3501 429 3572 tui
454 3501 627 3591 unigeniti,
652 3503 716 3595 ipsi
742 3499 950 3571 intercedant
962 3498 1039 3573 loco
1067 3509 1184 3573 nostro
1212 3523 1273 3596 pro
1298 3513 1494 3597 paupertate
1518 3513 1551 3574 et
1569 3504 1757 3574 infirmitate

382 3623 508 3688 noema.
559 3616 696 3688 Dimitte
722 3617 911 3711 iniquitates
938 3627 1088 3707 noscas,
1114 3626 1252 3712 propter
1279 3615 1542 3712 deprecationes,
1561 3642 1695 3708 eorum,
1723 3629 1758 3690 et

382 3739 521 3826 propter
545 3753 667 3804 nomen
694 3740 783 3804 tuum
809 3733 1019 3807 benedictum
1046 3733 1132 3827 quod
1159 3737 1349 3805 invocatum
1376 3745 1429 3807 est
1456 3758 1557 3832 super
1583 3757 1657 3810 nos.

486 3845 674 3920 Diaconos.
728 3839 830 3920 Orate
856 3871 919 3944 pro
945 3847 1094 3943 patribus
1124 3859 1187 3922 etc.
1442 3937 1444 3942 X

489 3962 672 4036 Sacerdos.
725 3963 907 4056 Memento,
932 3967 1086 4056 Domine,
1112 3965 1247 4039 Petrum
1272 3975 1462 4038 nostrornm
1486 3966 1757 4043 archodoxonm

383 4081 734 4177 Arcbiepiscoporum,
754 4103 894 4177 quorum
908 4082 1017 4155 obitus
1030 4087 1226 4178 praecessit,
1247 4104 1363 4154 eorum
1380 4087 1435 4178 qui
1450 4085 1590 4158 verbum
1608 4090 1758 4161 veritatis

383 4207 476 4270 recte
505 4197 801 4293 dispensaverunt,
838 4207 872 4271 et
897 4199 940 4270 da
965 4199 1065 4272 nobis
1091 4211 1240 4296 partem,
1267 4212 1302 4274 et
1326 4201 1562 4274 haereditatem
1594 4226 1668 4275 cum
1696 4208 1756 4276 eis.

387 4314 519 4388 Rursus
546 4336 661 4385 eorum
688 4322 853 4387 memento
882 4337 1020 4412 quorum
1046 4313 1145 4388 bodie
1172 4321 1364 4392 memoriam
1391 4317 1539 4391 iacimus.

489 4427 664 4502 Sacerdos
684 4437 766 4524 post
791 4431 973 4526 Diptpcbc.
1008 4431 1052 4506 Et
1070 4433 1212 4525 illorum,
1239 4438 1459 4530 omniumque,
1485 4436 1639 4527 Domine,
1667 4458 1759 4530 quo-

385 4569 458 4618 rum
484 4551 617 4619 nomina
643 4551 839 4639 recitamus,
872 4558 906 4620 et
933 4573 1071 4645 quorum
1097 4573 1167 4624 non
1192 4554 1387 4625 recitamus:
1423 4573 1507 4647 quos
1534 4555 1758 4648 unusquisqne

386 4674 534 4736 nostrum
561 4667 594 4735 in
629 4673 738 4736 mente
770 4663 887 4756 babet,
926 4676 959 4736 et
992 4686 1107 4738 eorum
1143 4689 1283 4763 quorum
1318 4671 1478 4739 memoria
1510 4690 1579 4740 non
1614 4672 1759 4741 occurrit

388 4780 496 4871 nobis,
524 4784 580 4875 qui
606 4781 820 4873 dormierunt,
848 4792 881 4853 et
908 4785 1104 4878 quieverunt
1122 4785 1156 4854 irr
1173 4782 1238 4856 lide
1254 4780 1385 4858 Christi.
1420 4785 1583 4877 Dignare,
1604 4786 1759 4876 Domine,

388 4905 575 4992 praestare,
601 4906 637 4968 nt
662 4901 874 4991 requiescant
907 4902 1036 4970 animae
1069 4898 1199 4972 illomm
1232 4923 1347 4976 omnes
1375 4905 1409 4974 in
1435 4905 1509 4974 sinu
1534 4912 1661 4998 patrum
1687 4926 1757 4975 no-

388 5020 533 5085 strorum
558 5023 750 5086 sanctorum
775 5013 955 5106 Abraham,
982 5015 1079 5090 Isaac
1107 5027 1140 5089 et
1164 5018 1271 5090 Jacob
1299 5029 1362 5090 etc.

490 5131 633 5202 Domine
660 5133 831 5202 miserere.

1476 5251 1552 5324 21*
