4680 6044
650 544 725 618 222
1127 539 1559 620 COMMENTARIUS

652 730 826 810 quaerendo
849 737 896 793 est
917 728 1053 807 occasio,
1079 745 1145 790 eam
1167 725 1344 805 orationem,
1368 743 1445 806 quae
1468 711 1600 790 tota‘sibi
1613 735 1765 804 constans,
1789 735 1902 792 etcum
1919 729 2019 794 Crae-

652 830 696 890 cis
719 829 903 910 aliarumque
925 829 1056 890 omnium
1083 826 1252 906 linguarum
1273 823 1376 888 officiis
1404 827 1606 907 conveniens,
1636 847 1654 890 a
1682 828 1815 918 genuino
1845 846 1940 892 sensu
1961 848 2018 893 suo

650 929 767 990 moveri
788 947 850 992 non
871 935 989 1009 potest,
1012 926 1049 990 ud
1071 934 1179 1008 typos,
1202 924 1418 1009 figuratamque
1440 927 1631 990 mutationem
1659 926 1884 1010 significandam
1911 927 2019 993 detor-

634 1028 773 1106 ,quendi
817 1028 943 1108 Reliqua
965 1028 1004 1091 ad
1026 1026 1091 1108 ejus
1115 1025 1340 1088 Grammatioam
1363 1024 1594 1105 explicationem
1615 1027 1813 1108 pertinentia,
1835 1045 1897 1090 non
1918 1028 2019 1111 magui

650 1129 793 1189 momenti
815 1133 900 1204 sunt,
929 1133 962 1188 ut
990 1124 1128 1208 enallage
1158 1124 1231 1186 setis
1253 1121 1397 1206 frequens
1421 1142 1586 1204 personae,
1615 1124 1684 1188 dum
1705 1127 1736 1187 in
1758 1125 1934 1206 quibusdam
1955 1134 2019 1189 tota

652 1223 691 1287 ad
712 1225 807 1288 Deum
830 1226 967 1307 operatio
989 1224 1137 1302 relertur,
1160 1240 1268 1303 nempe
1291 1224 1360 1286 dum
1381 1232 1508 1307 rogatur
1529 1233 1562 1287 ut
1589 1225 1684 1288 mittat
1713 1224 1855 1307 Spiritum
1883 1232 2019 1290 sanctum

650 1324 701 1406 qni
723 1344 780 1407 per
801 1325 939 1405 illapsum
961 1324 1050 1387 faciat
1072 1325 1150 1387 dona
1172 1323 1327 1403 proposita
1349 1341 1461 1404 corpus
1491 1331 1522 1388 et
1543 1326 1733 1414 sanguinem,
1748 1324 1877 1405 Christi,
1907 1323 1958 1386 vel
1985 1329 2018 1385 ut

649 1422 771 1502 facias,
803 1433 916 1500 mutes,
947 1422 1117 1502 namferas
1151 1420 1267 1487 eadem.
1310 1422 1416 1505 Neque
1445 1423 1523 1486 enim
1550 1432 1692 1506 quantum
1718 1421 1757 1486 ad
1782 1441 1859 1505 opus
1888 1423 2018 1509 divinum

649 1521 735 1603 quod
756 1524 940 1605 postulatur,
971 1523 1070 1603 aliqua
1099 1523 1129 1584 in
1157 1529 1286 1602 utroque
1314 1539 1408 1586 sensu
1433 1521 1603 1586 differentia
1632 1531 1689 1586 est.
1732 1523 1800 1586 Jam
1827 1523 1866 1585 ad
1890 1522 2016 1603 reliqua,

650 1623 681 1683 in
704 1623 811 1703 quibus
833 1631 895 1685 tota
918 1622 1005 1704 hujus
1028 1621 1173 1684 orationis
1196 1621 1344 1684 sententia
1366 1622 1536 1685 continetur
1557 1621 1746 1706 pergendum
1767 1629 1823 1685 est.

388 1712 475 1790 tectio
515 1711 637 1766 Codicum
736 1722 813 1785 lllud
834 1722 932 1803 primo
954 1711 1069 1783 certum
1092 1727 1123 1782 et
1144 1721 1338 1784 indubitatum
1360 1720 1465 1783 haberi
1487 1720 1591 1800 debet,
1621 1739 1687 1784 eam
1712 1739 1800 1802 quam
1830 1719 2018 1795 exhibemus,

328 1797 545 1866 Aegyptiacorum
582 1801 638 1853 ’Μ’
651 1821 739 1903 hujus
761 1810 962 1884 Invocationis
985 1821 1277 1902 interpretationem,
1302 1819 1486 1883 conformem
1515 1838 1585 1884 esse
1607 1819 1743 1884 lectioni
1759 1820 2019 1882 constantissimae

329 1884 444 1937 omnibus
461 1886 607 1940 conformis.

649 1920 919 2001 manuscriptorum
942 1919 1086 1983 Codicum
1109 1917 1315 2002 Aegyptiacae
1337 1917 1438 1981 Basilii
1458 1919 1629 2000 Liturgiac,
1653 1927 1712 1982 tam
1733 1918 1897 1982 seeundum
1910 1937 2020 1981 exem-

650 2021 717 2102 plar
739 2019 903 2094 Graecum,
927 2028 958 2083 et
981 2018 1155 2101 Copticum,
1178 2036 1267 2100 quarn
1288 2018 1452 2081 secundum
1474 2018 1642 2100 adjunctam
1655 2018 1815 2082 Arabicam
1835 2019 2017 2082 versionem

649 2119 756 2201 Neque
778 2121 818 2182 ita
840 2119 937 2182 solum
964 2119 1076 2200 legitur
1102 2119 1133 2180 in
1159 2117 1262 2201 Regiis
1293 2115 1470 2198 Codicibus,
1504 2137 1630 2199 quorum
1658 2118 1791 2181 nonnulli
1821 2117 2019 2198 antiquissimi

649 2225 735 2297 sunt,
756 2219 811 2282 sed
834 2220 864 2281 in
887 2217 1063 2282 Colbertino
1086 2235 1162 2294 uno,
1186 2217 1215 2280 in
1238 2224 1360 2296 nostro,
1384 2224 1415 2279 et
1437 2216 1519 2298 quod
1541 2234 1600 2280 non
1623 2223 1738 2280 temere
1760 2217 1870 2279 dictmn
1888 2217 2018 2298 judicari

566 2327 570 2334 ‘
650 2318 757 2394 debet,
779 2319 810 2379 in
832 2317 986 2394 omuibus,
1010 2316 1130 2398 quando
1145 2316 1342 2396 antiquissimi
1354 2316 1516 2400 Tbeologi,
1539 2317 1658 2379 llituum
1675 2316 1872 2397 Interpretes,
1895 2314 2018 2379 Gabriel

650 2416 839 2494 Patriarcha,
862 2416 960 2479 Autor
983 2416 1132 2479 scientiae
1162 2415 1409 2490 Ecclesiasticae,
1436 2415 1631 2495 Abulbircat,
1661 2434 1722 2478 non
1748 2415 1837 2480 aliter
1865 2415 2018 2500 legerunt,

649 2525 682 2580 ut
705 2536 745 2579 ex
769 2533 873 2578 eorum
901 2515 1003 2577 verbis
1031 2514 1187 2578 manifesto
1217 2514 1447 2580 demonstratur.
1491 2514 1619 2578 Accedit
1645 2515 1790 2580 autoritas
1817 2515 2018 2599 Liturgiarum

649 2616 910 2697 Aethiopicam,
934 2632 1012 2694 quae
1035 2633 1074 2676 ex
1096 2613 1295 2695 Aegyptiacis
1316 2614 1415 2678 factae
1437 2622 1519 2677 sunt:
1541 2613 1743 2678 Jacobitarum
1763 2614 1965 2696 Syriacamm,
1988 2623 2019 2679 et

648 2717 912 2791 Nestorianarum,
935 2712 1133 2786 Arrnenicae,
1157 2720 1188 2774 et
1210 2712 1393 2777 Graecarum
1416 2715 1561 2793 omnium,
1584 2732 1781 2797 quarumuna
1794 2715 2018 2797 communisque

648 2816 739 2878 lectio
763 2821 818 2877 est.
865 2811 978 2876 Contra
1001 2813 1094 2895 igitur
1116 2821 1229 2874 certam
1251 2822 1503 2894 perspectamque
1526 2813 1715 2878 autoritatem
1737 2822 1893 2896 peccatum
1923 2822 1971 2878 est
1999 2833 2018 2878 a

648 2913 797 2976 Maronita
819 2913 1001 2993 interprete,
1025 2911 1094 2974 dum
1111 2913 1152 2974 ita
1173 2911 1253 2974 bunc
1275 2911 1372 2973 locum
1395 2913 1534 2978 reddidit.
1578 2913 1665 2976 Hunc
1675 2931 1795 2993 panem,
1815 2913 1895 2993 facit
1907 2933 2019 2994 corpas

648 3033 736 3076 mam
756 3013 977 3091 sanodficatnm
999 3011 1073 3087 sibi,
1094 3011 1242 3073 Dominus
1262 3020 1366 3074 noster
1387 3013 1478 3075 decas
1490 3011 1641 3090 Cbristas,
1664 3013 1787 3076 dabitur
1806 3015 1839 3074 in
1860 3015 2018 3076 remisso-

646 3133 714 3176 nem
732 3119 942 3193 peccatoram,
964 3119 993 3172 et
1013 3112 1078 3172 aito
1100 3119 1224 3173 aeterna
1246 3112 1374 3172 sumenti
1394 3133 1434 3174 ec
1456 3131 1501 3174 eo.
1545 3112 1584 3174 Et
1605 3113 1643 3175 ud
1672 3112 1805 3176 calicem.
1849 3111 1907 3174 llic
1934 3113 2018 3174 oolla

648 3214 756 3288 etiam,
791 3210 950 3290 sompninis
974 3211 1106 3289 pretiosi
1137 3209 1315 3272 Testamenti
1341 3212 1415 3272 novi
1446 3210 1570 3274 Domini
1598 3213 1697 3274 nostri
1724 3220 1754 3273 et
1779 3210 1838 3272 Dei
1863 3214 1962 3273 nostri
1987 3219 2019 3274 et

647 3310 820 3373 Saloutaria
840 3311 939 3371 nostri
958 3303 1040 3372 desn'
1062 3307 1191 3386 Chresti,
1219 3309 1343 3372 dabitur
1366 3312 1399 3370 in
1428 3313 1637 3373 remissionem
1662 3318 1872 3391 peccatorum,
1898 3318 1929 3372 et
1952 3313 2017 3374 aito

647 3418 774 3472 aeream
795 3409 924 3470 summati
945 3428 986 3470 ec
1006 3410 1083 3488 ipso.
1129 3407 1163 3470 ιιι
1185 3407 1300 3470 duabus
1323 3407 1391 3470 aliis
1415 3407 1548 3489 Copticis
1571 3409 1716 3491 Liturgiis
1738 3409 1855 3472 fidelius
1877 3417 2016 3472 versatus

646 3517 709 3587 est,
733 3517 764 3571 ιι
786 3509 920 3589 quamvis
942 3524 1064 3571 sensum
1085 3526 1147 3570 non
1169 3508 1257 3590 plane
1288 3508 1439 3588 integrum
1467 3508 1653 3588 reddiderit,
1681 3509 1788 3572 saltem
1815 3527 1893 3587 non,
1923 3517 1956 3572 ut
1986 3511 2016 3572 in

645 3610 720 3688 ista,
743 3607 833 3691 plane
856 3607 1005 3687 corrupit;
1031 3606 1111 3687 quod
1134 3606 1274 3670 indicium
1297 3604 1475 3669 estfactum
1504 3608 1533 3670 id
1554 3607 1656 3689 potius
1687 3627 1757 3672 esse
1785 3627 1841 3690 per
1868 3609 2017 3690 ignoran-

644 3709 732 3786 tiam,
755 3724 843 3788 quam
866 3713 951 3768 certo
975 3705 1113 3768 consilio.
1159 3704 1237 3770 Sane
1260 3725 1327 3768 cum
1350 3704 1474 3786 Coptica
1496 3708 1589 3772 verba
1608 3708 1781 3788 habeamus,
1803 3727 1881 3790 quae
1902 3727 1942 3771 ne
1958 3709 2017 3770 mi-

646 3808 754 3869 nimam
777 3804 896 3886 quidem
919 3803 1132 3869 obscuritatem
1154 3805 1280 3884 habeut,
1302 3804 1414 3868 lmstra
1436 3807 1609 3887 quaerenda
1632 3816 1702 3871 sunt
1725 3807 1915 3888 inArabicis,
1939 3827 2017 3891 quae

646 3905 772 3970 secundi
795 3912 907 3967 tanturn
930 3904 1113 3986 exemplaris
1136 3903 1235 3967 locum
1257 3904 1410 3984 obtinent,
1433 3906 1637 3991 subterfugia,
1663 3906 1701 3970 ad
1730 3909 1815 3970 istam
1844 3907 2016 3972 versionem

646 4004 858 4069 excusandam.

373 4097 462 4180 amq,
479 4126 523 4178 illa
540 4127 632 4178 inmu-
731 4104 773 4167 At
795 4105 826 4166 in
848 4099 914 4166 aliis
936 4121 1034 4185 prope
1056 4102 1192 4166 omnibus
1215 4103 1376 4188 liturgicis
1400 4104 1503 4169 officiis
1526 4124 1603 4188 quae
1615 4106 1727 4170 Romae
1750 4106 1828 4170 edita
1847 4113 1927 4185 sunt,
1950 4125 2016 4170 ma-

325 4218 376 4262 un
400 4213 426 4264 in
447 4211 542 4266 Misisti
568 4213 633 4280 syro
646 4206 727 4268 xime
749 4203 781 4266 in
802 4203 1012 4280 versionibus,
1034 4221 1113 4266 nova
1134 4221 1261 4285 prorsus
1284 4211 1315 4266 et
1337 4204 1373 4266 ab
1396 4213 1533 4271 autorum
1555 4213 1654 4270 mente
1677 4206 1767 4270 lectio
1788 4206 1946 4269 substituta
1960 4214 2017 4269 est.

325 4293 421 4349 Romae
439 4297 517 4351 edito.

649 4304 848 4380 Commissum
869 4302 900 4365 id
923 4303 1049 4366 maxime
1072 4303 1102 4364 in
1116 4303 1229 4367 blissali
1253 4303 1335 4366 edito
1358 4304 1396 4367 ad
1418 4324 1505 4368 usum
1526 4301 1755 4383 Maronitarum,
1783 4307 1895 4388 quiex
1917 4305 2017 4370 multis

645 4401 820 4466 lacebiticis
849 4402 993 4484 Liturgiis
1022 4402 1167 4466 conflatus
1197 4410 1253 4465 est.
1298 4403 1332 4466 lrr
1359 4423 1397 4468 eo
1427 4405 1505 4468 enim
1535 4423 1639 4469 omnes
1669 4405 1869 4470 luvocationis
1902 4404 2017 4470 formae

645 4504 676 4564 in
697 4501 774 4566 hanc
800 4502 979 4566 seutentiam
1001 4510 1196 4566 commutatae
1219 4503 1496 4585 deprehenduntur.
1540 4504 1581 4568 Et
1600 4506 1679 4568 bimo
1689 4524 1810 4586 panem
1833 4523 1944 4586 corpus
1964 4507 2017 4568 ai-

646 4604 754 4666 delicet
775 4602 906 4677 Cbriati,
925 4600 1026 4680 [ιιιιαι
1047 4602 1135 4664 nobis
1152 4603 1299 4682 prodesse
1320 4605 1519 4683 somenam,
1542 4606 1585 4667 ad
1604 4606 1812 4667 remissionem
1822 4613 2018 4685 peccatoram

646 4708 676 4763 et
695 4703 790 4763 citam
812 4710 986 4764 aeternam:
1008 4700 1049 4762 Ει
1068 4701 1147 4763 bunc
1169 4702 1309 4782 ιιιιιιιιιι,
1331 4706 1507 4784 sonpmnem
1516 4706 1680 4784 poenosum
1694 4701 1817 4780 Christi,
1836 4702 1937 4782 [aciat
1956 4723 2018 4768 no-

647 4800 695 4861 bis
712 4800 878 4880 prodesse,
901 4807 959 4863 eto.
1005 4799 1038 4862 lu
1062 4799 1221 4864 Codicibus
1244 4821 1319 4866 vero
1340 4803 1551 4883 manuscriptis
1573 4804 1690 4868 illarum
1712 4804 1842 4867 omnium
1862 4803 2018 4886 Litargia-

646 4917 713 4961 rum
736 4906 767 4962 et
789 4899 913 4962 aliamm
935 4915 1012 4980 quos
1027 4899 1192 4980 babuimus,
1216 4901 1287 4963 nihil
1309 4903 1405 4965 simile
1429 4903 1556 4984 legitur,
1578 4903 1633 4966 sed
1650 4903 1794 4984 simplex,
1818 4903 1906 4984 eique
1928 4921 2017 4983 quam

647 4997 841 5080 exposuimus
864 4999 983 5075 similis,
1006 5000 1167 5063 sententia:
1190 5008 1224 5062 nt
1251 5001 1417 5064 adcedens
1442 5001 1573 5082 spirim
1600 5010 1740 5078 sancta,
1771 5000 1884 5083 efficiat
1905 5020 2018 5083 panem
