4736 6064
700 561 776 638 506
984 617 996 638 .
1077 563 1694 644 osssttvlttobus

786 747 874 822 Ouod
897 755 1016 828 spectat
1037 746 1213 829 particulam
1235 747 1379 830 Filioque,
1402 767 1469 812 eam
1498 746 1701 811 Orientalibus
1725 749 1910 830 incognitam
1931 765 2002 812 csse
2025 749 2075 814 ia-

699 855 798 912 temur
827 846 925 925 ultro,
952 845 1114 928 Aegyptiis
1142 850 1339 928 praesertim,
1375 867 1394 911 a
1422 846 1530 928 quibus
1561 847 1664 911 Olhcia
1691 847 1792 913 omnia
1821 865 1877 910 sua
1904 847 2075 932 Aethiopes

699 953 893 1029 acceperunt.
939 943 1014 1008 Cum
1036 963 1111 1009 vero
1135 963 1171 1009 ea
1195 949 1357 1012 occasione
1379 946 1525 1010 Ludolius
1556 945 1594 1010 de
1616 946 1696 1010 illius
1719 946 1887 1028 particulae
1911 946 2077 1028 additione,

699 1052 730 1109 et
752 1044 940 1109 Graecorum
962 1063 1030 1109 cum
1051 1045 1165 1110 Latinis
1199 1048 1281 1110 circa
1312 1047 1440 1128 Spiritus
1468 1048 1565 1110 sancti
1594 1047 1824 1128 processionem
1852 1048 2076 1124 controversia,

694 1144 840 1227 judicium
862 1163 949 1208 suum
972 1146 1013 1208 ita
1035 1145 1210 1226 interponit,
1234 1154 1267 1209 ut
1289 1145 1348 1208 illis
1377 1147 1591 1227 potiusquam
1614 1147 1678 1208 istis
1701 1144 1807 1208 lavere
1829 1143 1981 1222 videatur,
2006 1145 2077 1228 quid

571 1319 577 1330 ,
699 1245 798 1306 animo
829 1243 1037 1326 designaverit
1065 1261 1127 1308 nou
1160 1246 1234 1308 satis
1264 1245 1469 1327 intelligimus.
1521 1245 1728 1308 Protestantes
1759 1243 1838 1306 enim
1868 1240 2077 1307 confessionis

698 1341 907 1426 Augustanos,
931 1353 962 1406 et
985 1361 1090 1406 omnes
1113 1344 1164 1424 qui
1186 1343 1351 1408 Reformati
1381 1344 1587 1426 appellantur,
1621 1342 1797 1424 Symbolum
1824 1342 1916 1423 quale
1944 1340 2018 1404 illud
2046 1342 2078 1404 iu

612 1507 614 1510 .
698 1441 840 1504 Ecclesia
861 1442 966 1505 Latina
989 1442 1167 1521 didicerant,
1189 1445 1393 1520 retinuerunt;
1422 1443 1625 1526 spiritumque
1647 1449 1784 1506 sanctum
1807 1449 1978 1524 agnoscunt
1999 1458 2077 1522 pro-

700 1540 860 1605 cedentem
881 1560 899 1603 a
921 1541 1010 1605 l’atre
1042 1549 1073 1604 et
1095 1541 1180 1604 Filio.
1231 1543 1344 1606 Verum
1372 1543 1555 1606 abstinuisse
1583 1540 1730 1604 debuerat
1757 1541 1804 1604 vir
1834 1539 1987 1617 eruditus,
2022 1537 2077 1600 sed

698 1657 806 1722 parum
829 1640 1021 1722 theologus,
1052 1640 1247 1704 atraetanda
1274 1642 1325 1705 illa
1355 1643 1584 1720 controversia,
1618 1649 1651 1703 ut
1681 1641 1770 1703 etiam
1799 1657 1817 1702 a
1845 1637 1957 1702 critica
1988 1653 2078 1718 quam

700 1737 835 1818 Symboli
857 1738 983 1802 Nicacni
1005 1742 1170 1804 occasione
1193 1741 1328 1822 adjunxit
1351 1741 1389 1804 de
1413 1740 1557 1824 Symbola
1576 1740 1769 1822 Apostolico,
1792 1737 1874 1820 quod
1895 1746 1928 1800 ut
1950 1735 2078 1800 alterum

699 1835 828 1900 babetur
850 1839 987 1902 omnibus
1010 1839 1121 1924 linguis
1144 1839 1358 1904 Orientalibus.
1392 1840 1453 1904 Sed
1474 1841 1551 1904 haec
1572 1839 1717 1922 persequi
1740 1855 1801 1900 non
1824 1844 1871 1900 est
1894 1835 1982 1917 hujus
2004 1833 2075 1898 loci.

1053 2253 1112 2324 11.
1152 2254 1218 2342 Oai
1242 2223 1591 2328 non'conaaunieotis
1618 2256 1721 2324 acite.

795 2459 849 2539 Du
879 2473 938 2537 ista
968 2473 1095 2537 tonnula
1122 2475 1184 2556 jam
1220 2473 1329 2538 dictum
1358 2482 1423 2555 est,
1462 2493 1540 2556 quac
1575 2474 1603 2537 si
1636 2474 1735 2538 locum
1763 2471 1855 2536 habet
1883 2470 1915 2532 in
1940 2468 2076 2552 Liturgia

701 2574 892 2657 Aethiopica,
916 2578 984 2642 istic
1006 2579 1106 2659 potius
1130 2577 1305 2640 collocanda
1328 2585 1385 2655 est,
1409 2596 1497 2659 quam
1520 2585 1618 2642 antea.
1667 2576 1744 2640 Nam
1766 2592 1850 2637 more
1874 2573 1984 2651 veteri,
2006 2588 2076 2633 cum

701 2692 806 2737 omnes
828 2675 1036 2740 Eucharistiae
1060 2679 1325 2757 communicarent,
1348 2678 1468 2759 quando
1495 2679 1591 2740 sacris
1613 2677 1765 2759 mysteriis
1787 2674 1966 2751 intererunt,
1990 2671 2075 2733 exire

698 2773 894 2855 jubebantur,
916 2777 967 2856 qui
989 2794 1052 2839 non
1075 2776 1343 2857 communicabant,
1366 2777 1425 2840 hoc
1448 2783 1495 2840 est
1518 2794 1580 2841 nou
1601 2777 1645 2840 illi
1667 2777 1719 2857 qui
1730 2774 1923 2839 Sacramenta
1946 2789 1984 2834 eo
2006 2772 2075 2852 ipso

701 2872 751 2936 dic
773 2891 834 2936 non
857 2882 943 2937 erant
964 2877 1157 2957 percepturi,
1186 2876 1240 2938 sed
1264 2876 1315 2957 qui
1343 2876 1381 2938 ad
1404 2895 1440 2939 ea
1462 2876 1654 2958 suscipienda
1677 2875 1727 2957 jus
1757 2891 1817 2936 non
1845 2870 2014 2946 habebant,
2042 2873 2076 2929 ut

700 2970 869 3037 Audientes
898 2982 929 3037 et
959 2972 1189 3051 Catecbumeui;
1224 2974 1275 3038 vel
1303 2973 1377 3037 illud
1407 2974 1567 3038 amiserant
1596 2983 1629 3038 ut
1657 2975 1859 3038 Poeniteutes.
1910 2969 1971 3032 lsta
1997 2983 2074 3030 vero

702 3071 872 3154 disciplina,
894 3080 927 3134 ut
945 3073 1007 3154 jam
1038 3073 1285 3151 observavimus,
1316 3073 1510 3155 singulariter
1539 3074 1577 3136 ad
1604 3073 1772 3153 Aethiopes
1803 3089 1864 3134 non
1891 3067 2074 3150 pertinebat,

701 3170 756 3234 sed
780 3179 845 3234 erat
868 3174 923 3235 toti
945 3173 1103 3236 Ecclesiae
1127 3173 1302 3235 communis.
1354 3170 1428 3235 Cum
1458 3191 1534 3236 vero
1563 3173 1701 3254 liturgia
1731 3169 1927 3250 Aethiopica,
1955 3166 2074 3248 qualem

700 3270 781 3332 illam
804 3270 947 3335 habemus
971 3273 1002 3333 in
1025 3271 1186 3335 Codioibus
1209 3270 1334 3334 formam
1353 3273 1480 3352 accepit,
1504 3259 1662 3353 disciplina
1683 3270 1734 3333 illa
1756 3285 1884 3352 prorsus
1907 3266 2075 3330 obsoleve-

699 3375 757 3431 rat.
782 3369 843 3434 Sed
865 3371 894 3432 in
918 3372 974 3432 ista
998 3378 1028 3432 et
1049 3372 1189 3452 sequenti
1212 3371 1360 3448 oratione,
1383 3388 1444 3434 non
1466 3377 1552 3433 reete
1574 3389 1609 3434 se
1630 3368 1743 3432 habere
1766 3366 1923 3447 exemplar
1944 3365 2074 3429 Aethio-

699 3468 800 3549 picum
823 3469 1022 3532 certissimum
1043 3469 1172 3532 videtur.
1199 3469 1309 3533 Versio
1333 3469 1412 3532 enim
1426 3469 1560 3532 Romana
1581 3471 1622 3532 ita
1644 3468 1800 3532 sehabet.
1832 3466 1871 3528 tlt
1891 3467 2075 3556 recipiebam

701 3567 767 3628 sine
780 3569 911 3647 judicio,
935 3575 966 3630 et
986 3570 1052 3630 stite
1073 3577 1179 3648 morte,
1202 3569 1313 3631 mam
1336 3577 1417 3630 tuum
1430 3570 1567 3644 coeleste,
1590 3569 1648 3631 boc
1669 3574 1715 3630 est
1734 3568 1869 3648 prmiom
1891 3573 1986 3639 mom,
2008 3581 2076 3625 mon

699 3665 817 3744 Spiritu
839 3675 954 3732 saneto.
999 3667 1032 3729 ln
1063 3674 1148 3731 textu
1177 3667 1358 3747 Aethiopico
1387 3669 1570 3748 transposita
1599 3673 1670 3730 sunt
1698 3665 1845 3747 quaedam
1873 3662 1968 3725 verba
1996 3679 2074 3743 quac

700 3767 877 3828 sententiam
902 3767 1112 3832 interturbant.
1157 3767 1218 3831 Sed
1248 3766 1297 3829 illa
1329 3773 1414 3830 certo
1437 3769 1613 3848 agnoscitur
1642 3785 1683 3829 ex
1711 3765 1804 3827 variis
1832 3763 2008 3827 Oratiouum
2036 3760 2074 3822 ad

700 3863 844 3926 Osculum
866 3869 950 3945 pacis
975 3867 1121 3944 formulis,
1144 3884 1222 3947 quae
1246 3884 1350 3930 omnes
1372 3867 1404 3928 in
1426 3866 1686 3947 competitionem
1709 3863 1912 3938 consentiunt,
1935 3866 1967 3923 ut
1982 3857 2074 3920 Chri-

700 3965 788 4026 stiani
811 3964 880 4026 dato
909 3973 940 4028 et
963 3973 1088 4046 accepto
1112 3967 1196 4046 pacis
1219 3965 1349 4043 Oscula,
1378 3965 1416 4028 ab
1450 3965 1530 4028 omni
1557 3965 1626 4028 odio
1655 3972 1686 4028 et
1712 3964 1889 4045 injuriarum
1917 3955 2074 4021 mortifera

699 4063 912 4126 recordatione
936 4064 1033 4140 liberi,
1055 4052 1147 4149 πάσῃ
1168 4059 1366 4148 μνησικακίᾳ
1386 4051 1620 4150 θανατηφόρῳ,
1643 4064 1809 4144 suscipiant
1831 4060 1934 4143 digne,
1958 4056 2074 4138 absquo

700 4162 956 4226 condemnationis
980 4172 1011 4227 et
1032 4171 1136 4226 reatus
1159 4172 1250 4243 metu,
1274 4164 1418 4246 mysteria
1447 4180 1553 4238 sacra,
1582 4163 1650 4225 sive
1673 4162 1782 4225 donum
1804 4158 1940 4224 coeleste
1962 4165 1993 4219 et
2015 4157 2075 4218 im-

699 4260 826 4324 mortale
850 4263 988 4344 eorporis
1011 4271 1042 4326 et
1064 4264 1221 4346 sanguinis
1245 4262 1355 4328 Chrisb
1377 4263 1506 4327 Domini.
1539 4262 1582 4324 lta
1605 4264 1684 4324 enim
1705 4260 1869 4342 perspicue
1891 4257 2021 4320 habetur
2042 4255 2074 4316 io

698 4359 835 4441 liturgia
859 4359 986 4444 Coptica
1008 4362 1122 4441 Basilii,
1145 4369 1176 4425 et
1198 4363 1229 4424 in
1242 4361 1308 4425 aliis
1328 4362 1474 4426 omuibus.
1498 4360 1605 4441 Neque
1627 4362 1739 4424 Meam
1761 4359 1899 4434 eoeleste,
1921 4355 1981 4420 hoc
2003 4355 2073 4418 loco

698 4460 827 4542 gratiam
851 4459 979 4542 Spiritus
1002 4462 1099 4524 sancti
1122 4459 1281 4542 significat,
1305 4478 1411 4523 verum
1439 4460 1668 4525 Eucharistiam.
1720 4457 1795 4522 Caun
1818 4474 1894 4520 vero
1917 4457 1949 4518 iu
1970 4454 2074 4519 Basilii

625 4541 630 4554 ⁸
699 4557 826 4638 Coptica
854 4558 990 4642 liturgia
1018 4559 1122 4641 plures
1146 4559 1250 4623 Osculi
1272 4561 1355 4642 pacis
1386 4563 1540 4623 orationes
1562 4561 1770 4641 reperiantur:
1801 4556 1999 4637 Aethiopicae
2022 4555 2074 4616 iu-

697 4663 849 4738 terprctcs
877 4665 928 4722 aut
957 4657 1024 4722 illas
1053 4659 1085 4720 in
1115 4659 1324 4740 compendium
1351 4658 1553 4743 redegerunt,
1587 4665 1639 4720 aut
1663 4657 1792 4720 hibrarii
1817 4656 1930 4737 primas
1957 4661 2072 4717 tanturn

696 4772 791 4819 voces
816 4757 1054 4839 descripserunt,
1078 4775 1144 4820 oum
1170 4758 1321 4838 petendae
1353 4757 1473 4821 aliunde
1500 4758 1618 4836 lorent,
1648 4764 1680 4820 et
1707 4756 1851 4819 memoria
1880 4761 2072 4818 tenerentur:

698 4853 815 4918 dillicilc
838 4864 885 4920 cst
908 4857 997 4937 enim,
1020 4865 1053 4920 ut
1076 4874 1134 4938 qua
1157 4858 1275 4921 ratione
1298 4857 1396 4921 editae
1419 4865 1489 4922 sunt
1511 4859 1541 4920 iu
1563 4857 1713 4939 primariis
1730 4855 1904 4932 codicibus,
1926 4855 1967 4918 ita
1989 4855 2073 4918 scri-

696 4959 767 5033 ptae
791 4955 911 5022 luerint.
