4684 6042
737 664 896 743 Dllll
948 667 1181 757 tritici.
1591 672 1665 746 121

273 870 385 940 ταμεν
400 842 562 946 ἐνλόγῳ,
575 845 852 946 ἢέργῳ,ἢκατοί
867 849 953 928 διά-
995 857 1220 949 oogitatione,
1248 867 1283 930 tu
1309 867 1464 953 tanquam
1489 859 1617 948 honus,
1634 869 1668 932 et

275 947 953 1056 νοιαν,οὐώςα’γαθὸςκαὶφιλοίνθρω-
994 959 1126 1032 humani
1159 963 1296 1052 generis
1329 971 1459 1034 amator
1491 985 1558 1036 non
1589 967 1668 1035 ani-

274 1079 339 1134 ιιος
362 1049 530 1147 παριδεῖν
552 1054 798 1147 matteum,
816 1056 878 1132 καὶ
896 1057 950 1156 μή
967 1062 1206 1136 ὀιοιίνοειεεο
1233 1064 1400 1155 digneris,
1427 1087 1537 1159 neque
1558 1065 1666 1138 dese-

273 1154 607 1253 ἐγκαιαλίπηςὴμιίς
621 1156 734 1242 ὁθεὸς
742 1159 950 1251 ἐλπίζοντας
991 1187 1049 1238 ras
1075 1186 1158 1255 noe,
1187 1189 1208 1240 ο
1234 1165 1347 1257 Deus,
1375 1177 1552 1262 sperantes
1572 1171 1668 1259 inte,

273 1256 330 1332 ἐπί
355 1281 436 1349 σοι,
461 1257 555 1356 μηδὲ
579 1261 767 1361 εἰςενέγκης
788 1261 880 1358 ἡμᾶς
903 1267 950 1350 εἰς
992 1289 1101 1363 neque
1127 1269 1264 1342 inducas
1291 1291 1353 1342 nos
1379 1271 1412 1341 in
1438 1274 1666 1361 tentationem,

272 1358 493 1458 πειρασμόν,
518 1359 610 1439 ἄλλα
632 1371 737 1459 ῥύσαι
766 1363 858 1462 ἡμᾶς
876 1365 948 1443 dud
994 1371 1054 1443 sed
1067 1371 1172 1444 libera
1185 1393 1249 1444 nos
1273 1371 1414 1462 amalo,
1442 1384 1476 1444 et
1495 1372 1536 1446 alr
1552 1377 1668 1446 omni-

273 1469 340 1538 τοῦ
366 1471 546 1563 πονηροῦ,
572 1465 633 1540 ιιαί
658 1471 697 1541 ἐκ
724 1475 800 1544 τῶν
831 1473 950 1570 ἔργων
992 1472 1055 1546 hus
1082 1475 1240 1570 operibus
1268 1477 1359 1566 ejus:
1387 1479 1495 1566 gratia
1513 1487 1547 1548 et
1564 1499 1668 1549 com-

273 1565 407 1658 αὐτοῦ,
436 1569 559 1668 χάριτι
587 1567 648 1644 καί
685 1573 862 1672 οἰκτιρμῴ
887 1573 949 1648 ιιαί
992 1579 1224 1669 miseratione,
1252 1586 1286 1648 et
1310 1575 1515 1670 benignitate
1538 1582 1666 1671 unige-

272 1673 536 1770 φιλανθρωπίᾳ
552 1679 619 1747 τοῦ
641 1682 861 1774 μονογενοῦς
878 1702 949 1752 σου
991 1682 1049 1750 niti
1064 1679 1140 1752 Filii
1155 1684 1216 1771 tui,
1229 1681 1337 1752 Εἰοίο
1351 1703 1451 1770 noce,
1472 1681 1539 1753 Per
1554 1705 1667 1777 quem,

271 1774 365 1864 υἱοῦ,
378 1777 551 1874 Eumenes.
594 1774 650 1852 Δι’
664 1771 710 1851 οὗ
725 1777 787 1851 καί
800 1778 887 1874 μεθ’
903 1773 949 1855 οὗ
991 1791 1127 1855 etcum
1154 1804 1219 1878 quo
1245 1782 1304 1856 tihi
1318 1782 1427 1873 gloria
1444 1791 1478 1854 et
1491 1788 1664 1880 imperium

270 1875 330 1950 σοί
355 1875 378 1972 ἡ
402 1875 496 1958 δόξα
520 1877 581 1953 καί
603 1877 646 1953 ml
670 1877 816 1978 κράτος,
838 1885 878 1957 ἐν
893 1889 949 1979 τῷ
988 1888 1024 1956 io
1051 1889 1279 1976 sanctissimo,
1313 1893 1347 1956 et
1372 1885 1479 1973 lrono,
1508 1896 1541 1958 et
1566 1890 1666 1959 vivi-

269 1980 448 2081 παναγίῳ,
464 1979 526 2054 καί
542 1980 688 2082 ἀγαθῷ,
702 1983 764 2057 ιιαί
779 1983 947 2080 ζωοποιῴ
988 1987 1053 2060 fico
1081 1986 1205 2083 Spiritu
1232 1999 1307 2076 tuo,
1340 2009 1427 2062 nune
1458 1998 1492 2061 et
1518 2011 1666 2084 semper,

272 2106 341 2158 σου
363 2081 540 2179 πνεύματι
547 2119 559 2176 3
582 2091 652 2161 νῦν
674 2085 735 2159 καί
753 2083 882 2162 αἰεὶκαὶ
900 2091 946 2174 εἰς
989 2101 1023 2164 ει
1049 2093 1082 2162 in
1109 2091 1245 2164 saecule
1272 2093 1493 2165 saeculorum.

270 2185 355 2270 τούς
372 2189 504 2272 αἰῶνας
519 2193 594 2264 τῶν
610 2185 763 2290 αἰώνων.
1164 2246 1174 2254 -

320 2287 474 2379 ὉΛαός.
515 2287 639 2388 Ἀμήν.
1039 2295 1202 2390 Populus.
1255 2297 1376 2372 Amen.

319 2396 354 2470 Ὀ
372 2395 498 2494 Ἱερεύς.
544 2391 679 2492 Εἰρήνη
694 2401 815 2472 πᾶσιν.
1039 2399 1224 2472 Sacerdos.
1276 2400 1351 2473 Pax
1378 2399 1541 2474 omnibus.

319 2498 475 2586 ὈΛαός.
517 2497 591 2571 Καὶ
604 2495 846 2594 resurretionem
862 2524 943 2576 σου.
1040 2500 1202 2595 Populos.
1254 2502 1299 2576 Et
1325 2507 1451 2599 spiritui
1478 2513 1544 2576 tuo.

319 2602 353 2675 Ὀ
373 2600 539 2688 Διάκοιος.
583 2602 840 2701 Προςεύξασθε
855 2601 944 2703 ὑπὲρ
1038 2605 1227 2678 Diaconos.
1281 2606 1385 2680 Orate
1412 2629 1475 2702 pro
1501 2607 1610 2699 Rege.

268 2707 336 2775 τοῦ
352 2703 540 2799 βασιλέως.

318 2809 351 2882 ‘0
372 2807 475 2894 Λαός.
515 2803 629 2903 Κύριε
650 2811 803 2905 ἐλέησον.
830 2805 944 2908 Κύριε
1039 2809 1202 2904 Populus.
1256 2811 1362 2908 llyrie
1389 2813 1528 2886 eleison.
1555 2811 1665 2910 Kyrie

155 2970 158 2976 ,
268 2909 420 3005 ἐλέησον.
448 2906 561 3008 Κύριε
578 2915 732 3008 ἐλέησον.
795 2980 802 2990 ,
988 2911 1128 2986 eleison.
1154 2913 1260 3010 llyrie
1288 2914 1427 2988 eleison.

427 3057 459 3140 fo
477 3060 506 3112 ati
519 3059 613 3132 Ἱερεύι
630 3061 777 3130 ἐπεύχεται.
828 3051 832 3060 ’
1151 3063 1289 3123 Sacerdos
1310 3073 1404 3123 eutem
1425 3073 1498 3127 oret.

319 3182 483 3252 Δέσποτα
500 3175 759 3275 monastiriale,
783 3179 804 3253 ὁ
825 3181 943 3284 πατήρ
1039 3182 1255 3276 Dominalor,
1277 3183 1440 3275 Domine,
1458 3187 1569 3278 Deus,
1588 3188 1664 3262 Pa·

267 3288 333 3356 τοῦ
350 3281 493 3378 κυρίοα,
510 3282 571 3356 καί
586 3284 690 3372 θεοῦ,
709 3282 770 3356 καί
784 3291 945 3386 σωτῆρος
987 3295 1040 3358 ter
1065 3285 1218 3377 Domini,
1255 3295 1289 3357 et
1313 3286 1379 3358 Dei
1406 3297 1440 3358 et
1466 3287 1663 3366 servatoris

267 3383 372 3480 ἡμῶν
384 3383 496 3481 Ἰησοῦ
510 3391 689 3486 Χριστοῦ,
706 3383 868 3482 δεόμεθα
883 3389 944 3464 καὶ
986 3391 1093 3462 nostri
1125 3390 1207 3461 Jesu
1242 3387 1382 3476 Christi,
1416 3413 1594 3486 precamur
1628 3405 1663 3466 et

265 3493 545 3586 παρακαλοῦμέν
587 3515 646 3578 σε,
683 3487 751 3564 τὸν
789 3491 944 3587 βασιλέα
986 3483 1205 3565 obsecramus
1232 3501 1284 3583 te,
1310 3501 1347 3564 ut
1360 3491 1491 3585 Regem
1511 3505 1661 3570 nostnrm

266 3590 372 3686 ἡμῶν
389 3595 428 3666 ἕν
446 3588 564 3690 εἰρήνῃ
578 3590 639 3665 καί
654 3589 788 3690 ἀνδρίᾳ
805 3593 866 3666 καί
880 3593 944 3668 ὃι-
985 3598 1020 3665 in
1045 3617 1132 3690 pace
1158 3617 1199 3667 oo
1231 3594 1439 3685 fortitudine,
1470 3599 1664 3694 justitiaque

265 3689 442 3790 καιοσύιῃ
457 3692 694 3792 ιίιαφύλαξον.
712 3694 944 3772 Καθιοιότα-
986 3719 1182 3770 conserves.
1229 3697 1392 3790 Suhjioito
1421 3701 1470 3788 ei,
1506 3701 1661 3792 oDeus,

267 3799 334 3878 ξον
352 3796 485 3893 omnio
504 3796 587 3882 θεὸς
598 3795 718 3872 πάντα
730 3797 868 3899 ἐχθρὰν
883 3799 944 3875 καί
987 3821 1119 3873 omnem
1147 3803 1314 3872 inimicum
1348 3811 1381 3872 et
1416 3801 1660 3877 adversarium:

267 3905 456 3996 πολέμιον·
471 3903 648 3996 ἐπιλαβοῦ
662 3899 776 3976 ὅπλου
790 3901 852 3976 καί
865 3905 945 3979 θυ-
987 3901 1204 3999 apprehende
1237 3925 1329 3975 arma
1371 3914 1405 3974 et
1439 3915 1585 3996 scutum,
1628 3915 1662 3978 et

267 4009 384 4105 ραιοῦ,
398 4001 944 4104 καίἀνᾶσιηθιείςτήνβοήθει-
987 4027 1118 4098 exurge
1143 4009 1178 4076 in
1205 4006 1402 4096 adjutorium
1430 4008 1512 4099 ejus.
1539 4010 1593 4081 Da
1616 4013 1661 4099 ei,

265 4136 313 4182 αν
330 4105 452 4182 αὑτοῦ.
485 4106 554 4193 Δὸς
573 4107 672 4205 αὐτῷ
688 4107 709 4181 ὁ
727 4105 814 4192 θεός
830 4111 943 4200 νίκας,
987 4131 1008 4182 o
1034 4109 1147 4197 Deus,
1172 4110 1353 4198 victorias,
1388 4120 1423 4180 ut
1448 4115 1592 4183 animum
1618 4113 1661 4184 ad

265 4208 425 4309 εἰρηνικαὶ
443 4221 593 4311 φρονεῖν
608 4211 710 4308 ἡμᾶς,
725 4211 785 4285 καὶ
799 4212 943 4311 πρὸςτὸ
987 4234 1028 4284 ea
1062 4209 1228 4302 intendat,
1271 4234 1357 4306 quae
1392 4211 1489 4284 nobis
1522 4215 1661 4309 pacifica

265 4311 384 4410 ὄνομά
402 4337 471 4389 σου
488 4313 531 4389 τό
547 4314 669 4416 ἅγιον,
691 4318 752 4390 ἵνα
769 4315 830 4389 καὶ
847 4315 944 4412 ἡμεῖς
987 4324 1080 4404 sunt,
1108 4325 1142 4387 et
1169 4313 1212 4386 ad
1237 4336 1361 4386 nomen
1380 4326 1530 4388 sanetum
1556 4327 1661 4389 tumn:

266 4422 306 4493 ἐν
322 4429 366 4514 τῇ
382 4415 598 4518 γαληνότητι
615 4429 690 4493 τῶν
711 4417 852 4515 ἡμερῶν
874 4418 945 4494 αὐ-
986 4427 1023 4490 nt
1055 4427 1089 4489 et
1122 4439 1186 4490 nos
1213 4419 1247 4487 in
1273 4416 1506 4512 tranquillitate
1533 4419 1660 4491 (lienum

266 4527 335 4596 τοῦ
357 4520 492 4619 ἤρεμον
509 4521 569 4596 καὶ
586 4519 739 4617 ἡσύχιον
753 4523 841 4617 βίον
856 4521 944 4598 διά·
987 4523 1060 4614 ejus
1087 4523 1232 4616 quietam
1259 4531 1293 4592 et
1319 4521 1525 4614 tranquillum
1556 4525 1660 4593 vitam

197 4667 201 4674 ·
268 4651 411 4726 γοιμεν,
436 4629 475 4700 ἐν
498 4622 594 4721 πάσῃ
618 4623 776 4720 εὐσεβείᾳ
797 4625 858 4698 καὶ
882 4649 944 4700 σε-
988 4626 1164 4717 degamns,
1191 4627 1225 4694 in
1252 4627 1341 4693 omni
1369 4625 1493 4716 pietate
1525 4635 1559 4696 et
1591 4623 1660 4696 ho-

267 4728 433 4824 μνὸτητι,
448 4725 571 4826 χάριτι
588 4727 650 4802 καὶ
670 4731 867 4826 οἱκτιρμοῖς
883 4727 944 4803 καὶ
987 4737 1137 4816 nestate,
1164 4729 1272 4819 gratia
1300 4733 1333 4797 et
1353 4729 1659 4799 commiserationi-

270 4833 536 4932 φιλανθρωπίᾳ
558 4837 626 4908 τοῦ
638 4839 859 4962 monogamos
874 4857 944 4906 σου
989 4830 1072 4920 litte,
1100 4839 1133 4901 et
1165 4828 1371 4921 benignitate
1401 4831 1561 4921 unigeniti
1586 4827 1661 4900 Filii

272 4937 365 5010 οἱοῦ.
413 4936 587 5036 Famuline.
629 4931 686 5008 Δι’
703 4963 759 5025 ov,
784 4935 845 5009 καί
859 4933 948 5030 μεθ’
990 4936 1044 5005 tui.
1071 4933 1178 5003 Εἰοίο
1203 4953 1305 5020 noce,
1332 4932 1398 5003 Per
1426 4954 1523 5026 quem
1537 4942 1572 5003 et
1587 4953 1661 5003 cum

277 5035 323 5115 οὗ
341 5039 400 5116 noi
425 5036 557 5137 ἡδόξα
580 5036 641 5113 καί
657 5036 700 5111 τὰ
717 5037 860 5136 κράτος,
877 5037 948 5115 οὐν
991 5059 1056 5132 quo
1083 5034 1142 5107 tibi
1169 5035 1278 5128 gloria
1306 5044 1339 5105 et
1366 5037 1554 5131 imperium,
1587 5057 1662 5105 eum

247 5151 327 5242 ’τῷ
343 5143 522 5244 παναγίῳ,
538 5141 600 5216 καί
615 5138 762 5242 ἀγαθῷ,
777 5141 838 5216 καί
851 5139 949 5232 ζωο-
991 5141 1201 5214 sanctissimo
1238 5148 1272 5210 et
1302 5136 1413 5227 hono,
1455 5149 1490 5211 et
1526 5136 1662 5211 vivifico

1365 5256 1410 5329 31
1431 5253 1452 5295 ἰ
