4684 6042
1113 615 1473 694 LITURGlh

976 835 1098 908 Oratio
1123 835 1356 909 inclinationis
1380 837 1428 908 ad
1452 837 1604 909 Patrem.

703 1038 888 1111 Sacerdos.
915 1041 1009 1112 Deus
1036 1045 1090 1135 qui
1117 1043 1162 1112 ita
1189 1062 1252 1114 nos
1279 1039 1433 1130 dilexisti,
1462 1042 1646 1139 dedistique
1660 1041 1759 1116 nobis
1786 1045 1977 1139 dignitatem

602 1159 754 1245 liliorum,
787 1165 823 1228 ut
854 1153 912 1226 filii
947 1155 1010 1228 Dei
1044 1179 1245 1229 vocaremur
1278 1166 1312 1228 et
1339 1179 1506 1246 essemus,
1542 1158 1705 1232 haeredes
1744 1161 1877 1254 qrridern
1918 1166 1976 1254 tui,

602 1273 696 1345 Deus
727 1271 847 1361 Pater,
888 1269 1094 1344 cohaeredes
1130 1281 1239 1343 autem
1271 1269 1394 1344 Christi
1427 1277 1493 1362 tui;
1527 1274 1649 1346 inclina
1685 1297 1784 1348 aures
1817 1285 1911 1368 tuas,
1943 1288 1977 1349 et

603 1389 679 1460 audi
705 1409 768 1462 nos
795 1395 983 1484 prostratos
1004 1409 1120 1459 eoram
1146 1399 1196 1459 te:
1224 1389 1406 1483 etpurihca
1422 1386 1587 1462 bominem
1603 1400 1752 1462 nostrum
1772 1394 1977 1484 interiorem,

603 1502 783 1580 secundum
811 1506 1018 1575 sanctitatem
1043 1501 1118 1572 Filii
1152 1505 1197 1574 tui
1230 1506 1407 1595 unigeniti,
1442 1525 1540 1600 quem
1567 1509 1740 1600 suscipere
1773 1510 1883 1578 animo
1910 1507 1977 1580 de-

603 1625 791 1712 signamus:
819 1616 1011 1712 fugiantque
1039 1641 1058 1690 a
1085 1617 1183 1690 nobis
1209 1617 1398 1709 fornicatio,
1427 1631 1460 1691 et
1487 1624 1593 1693 omnis
1610 1624 1770 1713 cogitatio
1797 1624 1974 1715 immunda,

599 1743 738 1831 propter
763 1732 871 1806 Deum
900 1737 954 1829 qui
981 1756 1027 1806 ex
1052 1732 1193 1826 Virgine
1226 1735 1340 1825 (natus
1368 1737 1448 1826 est).
1498 1734 1672 1825 Gloriatio,
1699 1745 1734 1808 et
1758 1737 1881 1810 malum
1908 1761 1989 1816 an-,

603 1853 726 1945 tiquum
761 1849 850 1945 quod
881 1859 934 1923 est
969 1848 1147 1946 superbia,
1173 1860 1312 1946 propter
1347 1873 1422 1922 eum
1458 1853 1513 1945 qui
1546 1849 1729 1923 humiliavit
1763 1855 1976 1947 semetipsum

600 1987 663 2061 pro
692 1964 807 2040 nobis:
835 1968 942 2054 timor,
970 1975 1109 2062 propter
1135 1988 1210 2037 eum
1238 1968 1293 2060 qui
1318 1986 1439 2060 passus
1467 1971 1580 2038 estin
1606 1988 1707 2038 carne
1734 1978 1873 2063 propter
1898 1990 1974 2058 nos,

601 2091 634 2152 et
661 2083 771 2153 erexit
796 2083 970 2154 victoriam
997 2084 1122 2152 crucis:
1150 2103 1239 2153 vana
1266 2081 1393 2174 gloria,
1419 2091 1559 2177 propter
1592 2103 1665 2153 eum
1694 2085 1749 2176 qui
1774 2082 1973 2157 verberatus

599 2205 633 2268 et
658 2194 846 2290 flagellatus
873 2207 926 2270 est
951 2218 1013 2291 pro
1039 2195 1150 2286 uobis,
1177 2206 1211 2267 et
1236 2218 1302 2268 non
1322 2199 1443 2269 avertit
1468 2195 1589 2268 faciem
1608 2219 1703 2268 suam
1729 2219 1750 2268 a
1777 2197 1973 2272 contusione

599 2323 785 2407 sputorum:
812 2311 956 2401 invidia,
982 2310 1212 2401 homicidium,
1239 2311 1426 2404 dissensio,
1453 2312 1645 2402 etodium,
1677 2323 1817 2407 propter
1852 2335 1973 2405 agnum

597 2429 662 2499 Dei
689 2429 745 2521 qui
771 2426 905 2500 abstulit
930 2437 1105 2524 peccatum
1126 2426 1255 2499 muudi:
1282 2431 1345 2518 ira,
1358 2437 1391 2499 et
1405 2430 1598 2519 injuriarum
1616 2427 1817 2516 recordatio,
1836 2439 1973 2524 propter

598 2564 675 2614 eum
702 2543 756 2636 qui
783 2543 885 2616 allinit
916 2546 1007 2615 cruci
1040 2542 1295 2637 chirographum
1329 2554 1545 2639 peecatorum
1577 2553 1774 2616 nostrorum.
1828 2542 1973 2636 Fugiunt

598 2658 779 2730 daemones
812 2668 847 2730 et
878 2657 1049 2748 diabolus,
1082 2668 1221 2754 propter
1256 2680 1331 2729 eum
1367 2660 1422 2753 qui
1448 2660 1617 2752 principes
1650 2657 1794 2730 malitiae
1829 2658 1972 2750 disjecit,

600 2781 634 2843 et
675 2783 860 2868 potestates
900 2772 1114 2846 tenebrarum
1155 2771 1264 2868 palam
1306 2772 1527 2868 triumphavit.
1581 2772 1706 2844 Omnes
1749 2776 1971 2865 cogitationes

596 2889 702 2961 malas
729 2897 764 2958 et
788 2898 940 2962 terrenas
967 2886 1085 2984 procul
1110 2890 1300 2979 rejiciamus
1327 2910 1348 2958 a
1373 2887 1483 2980 nobis,
1509 2897 1648 2984 propter
1662 2910 1738 2960 eum
1765 2893 1821 2982 qui
1844 2911 1972 2960 ascen·

598 3003 644 3075 dit
670 3002 713 3074 ad
739 3003 868 3094 coelos,
894 3015 931 3075 ut
955 3008 1000 3076 ita
1025 3004 1249 3100 purificemur,
1276 3013 1310 3075 et
1335 3005 1559 3098 percipiamus
1575 3002 1660 3074 haec
1685 3007 1848 3099 mysteria
1874 3027 1970 3100 pura,

597 3128 631 3190 et
664 3119 814 3214 perfecte
848 3119 1009 3215 purificati
1045 3123 1147 3192 simus
1181 3122 1215 3188 iu
1249 3115 1442 3209 anhnabuS,
1475 3117 1692 3212 corporibus,
1731 3127 1765 3189 et
1799 3118 1970 3214 spiritibus

594 3237 740 3306 nostris:
768 3234 853 3306 adeo
880 3243 916 3306 ut
941 3237 1122 3330 participes
1150 3236 1253 3307 simus
1280 3237 1445 3328 corporis,
1473 3236 1557 3306 sicut
1583 3241 1618 3303 et
1637 3231 1778 3322 formae,
1806 3243 1841 3306 et
1865 3237 1969 3330 partis

596 3348 718 3423 Chn‘sti
744 3353 790 3422 tui
817 3361 881 3422 etc.

961 3570 1047 3642 Atia
1074 3569 1196 3642 Oratio
1222 3575 1415 3663 gratiarnm
1440 3573 1597 3642 actionis.

698 3777 812 3863 Quam·
839 3777 1105 3850 benedictionem
1141 3786 1198 3848 aut
1232 3799 1331 3871 quam
1362 3773 1514 3864 laudem,
1555 3785 1611 3846 aut
1644 3796 1743 3869 quarn
1786 3778 1969 3866 mattarum

592 3894 758 3964 actionem
791 3915 971 3988 possumus
1000 3892 1188 3964 retribuere
1222 3889 1298 3978 tibi,
1332 3912 1354 3962 o
1390 3890 1484 3963 Deus
1520 3899 1648 3992 amator
1675 3888 1852 3982 homiuum,
1879 3893 1969 3986 quod

471 4101 475 4106 Ι
596 4029 670 4076 cum
697 4028 848 4081 essemus
874 4010 1017 4103 projecti
1048 4030 1109 4102 per
1138 4006 1297 4098 judicium
1329 4008 1464 4094 mortis,
1500 4004 1711 4098 demersique
1738 4007 1771 4075 in
1802 4006 1967 4100 profundo

592 4125 735 4216 peccati,
762 4124 960 4196 concessisti
986 4120 1084 4196 nobis
1111 4120 1308 4211 libertatem,
1334 4119 1541 4213 largiusque
1568 4117 1716 4192 esnobis
1743 4117 1831 4190 hunc
1857 4121 1967 4194 cibum

591 4236 813 4309 immortalem
839 4248 873 4311 et
899 4237 1098 4310 coelestem:
1114 4235 1399 4329 manifestastique
1413 4232 1510 4307 nobis
1525 4232 1590 4306 hoc
1605 4236 1812 4330 mysterium,
1826 4258 1966 4331 prorsus

592 4349 821 4424 absconditum
849 4351 1040 4425 asseculis
1068 4361 1102 4422 et
1133 4349 1423 4444 generationibus,
1459 4359 1496 4422 ut
1528 4358 1690 4445 appareat
1720 4371 1807 4422 nuuc
1832 4354 1967 4447 princi-

590 4466 721 4563 patibus
758 4477 791 4538 et
824 4466 1044 4564 potestatibus
1088 4465 1290 4540 coelestibus
1326 4487 1374 4536 ex
1405 4462 1561 4538 Ecclesia
1596 4462 1771 4559 multiplex
1805 4469 1967 4562 sapientia

590 4591 656 4652 tua.
700 4581 794 4656 Deus
831 4587 886 4678 qui
920 4605 1025 4680 opera
1058 4591 1174 4656 nostra
1207 4581 1376 4674 gubernas
1410 4601 1472 4676 per
1508 4581 1716 4673 sapientiam
1744 4579 1896 4673 dignere,
1931 4592 1968 4656 ut

590 4697 912 4792 comprehendamus
944 4699 1030 4770 hanc
1061 4697 1269 4770 clementiam
1306 4719 1466 4768 summam
1492 4706 1603 4785 tuam,
1637 4705 1672 4767 et
1705 4695 1967 4788 magnitudinem

589 4822 752 4908 paternae
780 4837 864 4907 erga
888 4837 953 4889 nos
981 4837 1082 4886 curae
1109 4823 1206 4905 uae,
1239 4812 1518 4915 benignitatisque
1551 4820 1638 4882 tuae.
1665 4809 1758 4883 Vere
1785 4821 1821 4883 tu
1847 4832 1886 4883 es
1913 4812 1967 4882 cui

590 4926 730 4999 debetur
757 4933 864 5002 omnis
892 4930 1014 5022 gloria,
1040 4931 1211 5020 majestas,
1237 4926 1346 4999 bonor
1373 4936 1406 4998 et
1432 4929 1617 5022 imperium,
1645 4935 1722 4998 ante
1743 4928 1853 4999 omnia
1880 4947 1966 5000 sae-

589 5042 675 5134 cula,
701 5044 815 5136 Pater,
841 5044 917 5136 Fili,
944 5055 978 5117 et
1004 5045 1148 5140 Spiritus
1175 5050 1307 5118 sancte:
1333 5064 1421 5114 nuuc
1448 5052 1511 5113 etc.
