4760 6038
477 592 784 674 DECCPTllhRUll
799 590 1144 670 ALEllhllthllCltllll
1158 591 1353 670 thUllCllS.
1561 591 1607 664 CI

245 786 314 860 aliis
346 781 628 857 Patr-iarchalihus
662 780 826 856 Ecclesiis
863 801 931 852 non
966 782 1011 852 ita
1046 778 1268 876 appellaretur
1300 781 1373 872 ejus
1404 777 1606 877 Episcopus,

246 904 395 998 quamvis
421 901 545 994 Papae
571 895 681 969 titrdus
708 895 827 968 dudum
853 894 900 967 illi
926 895 1065 968 tributus
1090 893 1204 986 fuerit,
1230 917 1298 968 non
1325 918 1371 968 ex
1396 897 1520 970 insulsa
1550 895 1607 969 illa

244 1022 370 1091 ratione
397 1039 496 1112 quam
522 1014 616 1086 affert
640 1011 842 1109 Eutychius,
870 1015 963 1107 quasi
977 1012 1070 1108 Papa
1104 1035 1200 1083 acam
1221 1011 1397 1104 significet,
1422 1017 1496 1109 ipsc
1520 1034 1605 1084 vero

246 1157 317 1206 cum
343 1155 391 1205 ex
421 1130 580 1224 dignitate
611 1151 671 1203 sua
703 1131 744 1200 sit
775 1127 1020 1225 Episcoporum
1055 1137 1166 1223 pater,
1201 1125 1243 1200 ah
1278 1126 1444 1202 inferioris
1480 1128 1605 1201 ordinis

245 1254 324 1323 viris
351 1251 469 1340 majori
496 1246 588 1319 titulo
616 1244 755 1318 deheret
780 1243 1001 1318 cohonestari.
1053 1242 1142 1315 Nihil
1171 1247 1290 1316 minus:
1324 1244 1385 1318 sod
1419 1249 1473 1340 qui
1506 1267 1606 1319 com-

247 1369 349 1438 munis
375 1363 554 1461 Episcopis
580 1371 669 1451 erat,
694 1361 847 1433 Romano
864 1359 1054 1457 Episcopo,
1081 1369 1114 1431 et
1130 1360 1341 1456 postmodum
1363 1360 1606 1452 Alexandrino,

248 1505 290 1554 ex
316 1479 458 1576 quadam
482 1479 617 1550 honoris
643 1480 881 1573 praerogativa
908 1477 1046 1550 trihutus
1073 1487 1133 1548 est
1185 1461 1334 1550 Joannes
1361 1501 1381 1549 a
1407 1477 1443 1550 S.
1469 1477 1608 1551 Andrea

248 1597 299 1690 qui
325 1593 492 1668 Graecam
516 1594 622 1666 Marci
647 1593 831 1686 hiturgiam
856 1593 1054 1689 publicavit,
1088 1591 1172 1666 haec
1208 1594 1250 1666 ad
1275 1593 1461 1667 Romanmn
1486 1593 1607 1668 Ponti-

248 1711 340 1783 hcem
366 1708 542 1784 referenda
569 1710 761 1801 arbitratus,
786 1711 926 1782 incautis
951 1709 1130 1782 lectoribus
1156 1708 1265 1782 fraudi
1289 1709 1358 1783 hit

346 1827 448 1900 XLII.
475 1827 738 1900 Ohservahimus
765 1847 898 1920 quoque
923 1830 956 1898 in
984 1826 1102 1898 codice
1122 1825 1234 1918 Regio
1261 1825 1367 1899 solius
1389 1823 1604 1900 Patriarchae
1662 1849 1747 1902 conus
1767 1847 1931 1901 Patriacum

249 1945 320 2016 heri
345 1949 555 2034 memoriam,
580 1965 649 2017 uon
674 1941 853 2038 Episcopi,
887 1951 922 2012 ut
953 1943 987 2013 in
1015 1941 1146 2016 Graeca
1178 1941 1303 2032 Marci,
1336 1951 1371 2014 et
1399 1946 1433 2014 in
1459 1938 1750 2039 Copticis¹¹¹⁰¹¹¹⁰¹¹⁸·

248 2060 425 2156 plerisque.
477 2059 563 2133 Hinc
588 2081 656 2131 non
690 2069 816 2130 temere
851 2059 1020 2148 conjicere
1051 2079 1249 2154 possumus,
1289 2057 1489 2154 descriptum
1520 2059 1610 2132 illum

248 2175 350 2248 inisse
376 2199 422 2248 ex
449 2175 558 2271 aliquo
586 2178 641 2270 qui
668 2174 710 2246 ad
736 2177 839 2270 ipsius
865 2171 1042 2246 Ecclesiae
1066 2172 1300 2246 Patriarchalis
1316 2196 1411 2246 usum
1428 2175 1609 2250 destinatus

249 2289 351 2383 foret,
379 2316 444 2388 qna
470 2296 601 2364 ratione
626 2293 733 2382 maj0r
759 2290 909 2381 ejusdem
935 2290 1103 2362 censenda
1129 2300 1181 2362 est
1208 2293 1375 2363 autoritas.

341 2408 458 2481 XLlll.
485 2408 523 2481 ln
549 2407 741 2505 Diptychis,
767 2406 824 2479 uhi
854 2405 1052 2479 Sanctorum
1077 2409 1211 2480 nomina
1237 2409 1433 2496 recitantur,
1459 2411 1520 2480 vix
1545 2407 1934 2482 afflanurrorumacuotaco-

252 2519 388 2621 Coptica
415 2525 621 2621 exemplaria
648 2533 744 2613 sunt,
769 2526 802 2595 in
830 2523 948 2618 quihus
974 2533 1053 2618 post
1077 2526 1278 2619 praecipuos
1294 2521 1468 2596 Ecclesiae
1486 2526 1611 2600 docto·
1624 2509 1882 2564 l¹‘⁵⁰⁸⁰⁸⁸¹¹⁰²⁰‘¹¹¹¹¹·

251 2663 304 2714 res
320 2663 389 2713 non
404 2644 612 2713 nominentur
625 2639 824 2728 Dioscorus,
851 2638 1014 2729 Severus,
1041 2639 1141 2714 etalii
1155 2638 1464 2736 Monophysitarum
1481 2641 1613 2714 heroes.

251 2753 374 2828 Vemm
393 2761 426 2827 in
443 2755 560 2829 codice
573 2756 684 2848 Regio
698 2753 776 2826 nihil
787 2754 910 2826 simile:
934 2755 1037 2827 solius
1053 2754 1159 2827 Marci
1172 2759 1335 2827 memoria
1352 2767 1415 2847 ost,
1430 2766 1466 2828 ut
1478 2760 1512 2828 in
1526 2755 1613 2828 edita

253 2895 323 2958 cum
358 2875 431 2964 ejus
462 2876 595 2945 nomine
626 2872 786 2964 Liturgia.
852 2870 1034 2944 Vetustatis
1074 2894 1159 2966 quae
1186 2869 1396 2946 schismatum
1434 2873 1615 2969 primordia

255 2993 467 3062 antecesserit
490 2989 645 3062 indicium
669 2987 734 3062 hoc
761 3009 837 3061 esse
865 2991 919 3082 qui
947 2987 1138 3084 pertendet,
1170 3011 1238 3060 non
1267 2988 1366 3062 facile
1391 2989 1568 3062 refelletur.

353 3104 474 3176 XLIV.
509 3104 606 3190 Quod
634 3109 668 3177 in
695 3103 812 3177 iisdem
827 3104 1019 3201 Diptychis,
1045 3103 1103 3177 vel
1125 3108 1234 3199 potius
1261 3103 1432 3178 Catholica
1455 3104 1614 3180 Oratione
1657 3115 1936 3185 neprrncrpumcom-

255 3243 315 3315 pua
342 3231 457 3292 oratur
486 3244 549 3317 pro
584 3221 752 3311 omnihus,
784 3223 992 3293 nominantur
1023 3221 1200 3328 βασιλεῖς,
1233 3231 1267 3293 et
1290 3219 1484 3312 παλάιιον,
1515 3225 1614 3294 etiam
1626 3204 1816 3255 ”¹²⁰¹⁰¹⁸²¹⁰⁰²·

255 3341 340 3431 paris
375 3341 550 3411 vetustatis
584 3348 665 3410 nota
700 3336 883 3426 videbitur,
924 3347 1021 3432 atque
1054 3342 1099 3410 ita
1130 3337 1300 3429 judicasse
1335 3337 1533 3411 Salmasium
1568 3360 1614 3411 ex

256 3452 400 3526 Arabica
426 3457 584 3525 versione
611 3453 683 3526 sola
710 3475 808 3548 quam
834 3452 975 3544 viderat,
1003 3453 1103 3526 docet
1121 3456 1193 3546 ejus
1208 3453 1250 3525 ad
1265 3454 1428 3526 loannem
1441 3454 1614 3527 Deliacum

229 3567 422 3664 Epistola,
449 3592 534 3664 quae
561 3580 613 3642 est
638 3574 722 3642 inter
749 3568 854 3642 editas
882 3567 958 3642 32⁸.
1011 3568 1147 3642 Lihrom
1174 3569 1348 3666 Copticum
1374 3581 1408 3642 et
1432 3570 1615 3643 Arabicum

257 3687 347 3776 cujus
375 3688 561 3758 testimonio
587 3708 668 3758 usus
695 3695 764 3774 est,
792 3688 1050 3780 antiquissimum
1078 3705 1173 3776 esse,
1199 3697 1233 3757 et
1259 3690 1416 3783 scriptum
1442 3709 1516 3760 cum
1542 3686 1614 3758 Irn-

256 3811 428 3894 peratores
456 3801 632 3875 Christiani
659 3801 763 3875 adhuc
789 3803 982 3896 Aegyptum
1009 3801 1213 3892 obtinerent,
1240 3823 1280 3874 ca
1302 3807 1432 3875 ratione
1444 3801 1616 3895 judicavit,

260 3920 330 4010 quia
357 3920 442 3988 inter
468 3939 586 4014 preces
614 3916 696 3991 alias
730 3927 821 3990 esset
853 3918 1029 4011 singularis
1059 3940 1144 4008 una,
1178 3940 1240 4013 pro
1267 3918 1544 4015 Imperatorihus,
1583 3929 1618 3992 ct

258 4029 318 4105 illis
345 4037 401 4128 qui
428 4043 541 4106 essent
566 4038 598 4105 in
625 4034 762 4107 Palatio.
814 4033 921 4106 Recte
947 4032 1075 4129 quidem
1112 4038 1140 4106 si
1174 4033 1306 4107 Graeco
1333 4034 1517 4132 exemplari
1550 4035 1616 4107 ad-

259 4143 463 4241 haereamus,
490 4150 579 4245 quod
596 4149 743 4223 Officium
771 4154 953 4242 continere,
981 4150 1079 4246 quale
1092 4151 1153 4224 suh
1173 4151 1429 4247 Imperatorihus
1450 4149 1617 4224 Christia-

260 4267 306 4335 ris
342 4263 590 4356 celehrahatur,
627 4267 767 4340 duhitari
798 4270 860 4339 vix
885 4277 1005 4363 potest
1058 4267 1105 4340 At
1131 4266 1335 4340 exllrahica
1354 4271 1512 4341 versione
1530 4265 1618 4339 idem

261 4379 443 4473 conficere,
470 4383 648 4456 ahsurdum
672 4387 802 4480 penitus
828 4382 903 4474 luit,
929 4407 1004 4456 cum
1029 4384 1115 4458 illius
1132 4383 1265 4476 linguae
1287 4388 1320 4456 in
1340 4383 1514 4480 Aegypto,
1541 4393 1618 4456 ante

262 4518 355 4591 pram
391 4522 411 4570 a
443 4498 692 4572 Muhamedanis
734 4511 971 4596 occuparetur,
1017 4523 1097 4573 usus
1131 4499 1220 4572 foret
1252 4498 1370 4572 nullus.
1429 4499 1548 4574 Melius
1583 4499 1618 4571 id

261 4613 364 4707 ipsum
398 4637 445 4686 ex
477 4615 617 4712 Coptica
650 4620 790 4710 agnosci
821 4616 975 4712 proclive
1005 4617 1080 4690 fuit:
1114 4617 1174 4690 sed
1201 4619 1352 4712 quamvis
1377 4618 1411 4687 in
1438 4639 1480 4689 ea
1505 4615 1620 4707 hngua

263 4725 442 4805 desudasse
476 4731 672 4805 Sahnasium
713 4731 755 4806 ah
788 4737 862 4830 ipso
895 4735 1055 4826 sciamus,
1090 4757 1166 4805 cum
1200 4755 1304 4830 saepe
1336 4733 1454 4807 multas
1485 4731 1550 4805 hoc
1586 4735 1621 4804 in

263 4845 645 4948 genereaaprzfidcae
669 4848 788 4941 iaciat,
815 4853 848 4922 in
874 4850 958 4925 locis
983 4871 1051 4923 non
1077 4854 1163 4940 suis,
1196 4853 1231 4921 in
1257 4872 1298 4921 ea
1333 4860 1443 4922 amen
1467 4848 1621 4947 Epistola

265 4981 345 5054 quae
373 4964 565 5038 ahnonnem
592 4963 822 5039 Confessionis
854 4966 941 5040 illius
976 4964 1118 5040 cclehris
1158 4966 1200 5038 dc
1230 4964 1437 5041 Eucharistia
1475 4972 1621 5064 exposi-

266 5079 384 5152 tionem
412 5085 574 5174 coutinet,
602 5082 643 5154 de
669 5082 890 5182 Aegyptiacis
907 5084 990 5160 silet
1042 5080 1098 5156 Ex
1111 5081 1222 5176 Regio
1236 5081 1352 5158 codice
1369 5083 1502 5160 Graeco
1521 5086 1622 5181 quid-
