4670 6046
661 449 740 523 298
1219 448 1450 527 NOTAE

748 633 782 694 ln
804 631 1015 697 benedictione
1039 634 1159 711 calicis,
1184 633 1369 716 Coptitarum
1393 633 1515 697 codices
1537 633 1668 712 babent,
1693 641 1724 695 et
1742 633 1892 714 maweu,
1915 639 1948 694 ut
1969 630 2040 713 ple-

662 750 790 813 rumque
818 731 931 814 legitur
957 735 988 794 in
1018 733 1084 794 aliis
1113 732 1257 815 liturgiis
1284 732 1506 809 Orientalibus,
1544 749 1605 795 nou
1638 733 1669 794 in
1699 731 1815 794 Graeca
1847 730 1960 810 blanci,
1990 737 2041 793 aut

538 822 543 832 ’
663 830 788 908 Jacobi,
810 830 913 893 Basilii
935 832 984 893 vel
1007 832 1225 913 chrysostomi.
1270 831 1345 895 lllud
1375 849 1468 915 porro
1498 830 1668 894 Orientales
1697 830 1824 893 credunt
1853 849 1894 892 ex
1923 836 2041 892 vetusta

380 4544 411 4598 P.
429 4548 474 4599 tr.
493 4549 508 4599 l.
528 4549 571 4600 12.

664 929 841 1008 traditione,
865 947 943 1010 quae
966 930 1096 1011 antiquis
1119 930 1256 994 Patribus
1279 930 1402 1013 ignota,
1425 937 1475 992 aut
1497 931 1664 1011 improbata
1688 929 1835 1008 nonfuit,
1859 947 1950 1010 quam
1971 927 2042 990 illo-

663 1047 730 1092 rum
759 1030 920 1091 autoritate
949 1028 1137 1092 confirmavit
1161 1030 1325 1112 Dionysius
1346 1029 1512 1107 Barsalibi,
1545 1027 1769 1092 Commentario
1800 1029 1830 1090 in
1861 1025 2041 1110 Evangelia,

667 1135 698 1189 et
727 1127 759 1189 in
790 1125 947 1207 Opusculo
979 1127 1017 1189 de
1044 1128 1250 1206 Eucharistia,
1280 1136 1314 1192 ut
1342 1137 1466 1191 autores
1494 1127 1560 1205 alii,
1591 1127 1630 1190 de
1660 1127 1769 1210 quibus
1801 1125 1913 1189 dictum
1935 1133 1983 1189 est
2004 1124 2043 1187 ed

665 1225 832 1308 biturgiam
854 1225 955 1288 Basilii
980 1225 1144 1307 Copticam.

999 1417 1146 1489 Mortem
1173 1424 1265 1488 imm
1289 1417 1436 1488 onere
1463 1419 1714 1492 annunciamus.

761 1608 921 1686 Nuscruus
945 1618 1015 1699 quid
1038 1637 1113 1700 prae
1137 1620 1233 1683 oculis
1256 1621 1395 1682 babuerit
1416 1619 1565 1682 Maronita
1592 1619 1765 1699 lnterpres,
1794 1635 1861 1679 oum
1889 1615 1948 1680 boc
1976 1615 2044 1680 loco

667 1724 833 1802 scripserit.
872 1720 908 1783 ln
929 1722 1059 1784 Domino
1081 1721 1279 1802 Corafiternnr,
1310 1741 1388 1804 quae
1417 1721 1545 1785 formula
1567 1722 1710 1804 liturgiis
1738 1719 1876 1782 omnibus
1899 1720 2042 1782 inusitata

668 1821 731 1884 eit:
755 1823 933 1902 praesertim
955 1838 1022 1883 eum
1046 1821 1084 1883 ad
1107 1823 1274 1904 marginem
1296 1821 1501 1902 adscripserit.
1524 1809 1580 1884 τόν
1601 1806 1750 1884 θάνατόν
1772 1813 1838 1882 ’σου
1867 1804 1977 1904 adpre:
2009 1826 2045 1882 ut

667 1920 780 2003 legitur
807 1921 838 1981 in
865 1917 1001 1982 omnibus
1032 1920 1202 1983 codicibus:
1233 1938 1302 1982 narn
1324 1920 1373 1982 illa
1404 1919 1558 1982 confessio
1587 1920 1708 1996 muntia,
1742 1918 1977 1981 resurrectionis
2013 1925 2045 1981 et

668 2021 875 2096 ascensionis,
906 2018 1059 2099 futurique
1081 2019 1229 2082 adventus
1259 2019 1384 2096 Christi,
1413 2021 1512 2082 omnia
1542 2019 1682 2082 salutaris
1713 2024 1776 2094 ejus
1808 2016 2043 2098 dispensationis

666 2119 811 2199 mysteria
834 2117 1052 2198 complectitur.
1084 2117 1118 2179 ln
1140 2119 1278 2182 omnibus
1301 2117 1417 2181 Ritibus
1441 2127 1473 2182 et
1494 2119 1607 2200 linguis
1633 2117 1739 2180 iisdem
1762 2117 1865 2180 verbis
1894 2116 2046 2197 exprimi-

666 2224 734 2295 tur,
758 2225 791 2280 nt
813 2217 843 2278 in
865 2217 973 2278 Latino
995 2214 1129 2280 Conone.
1179 2217 1263 2280 Unde
1291 2226 1321 2280 et
1348 2237 1495 2279 memores
1521 2217 1649 2279 Doneinc
1673 2235 1730 2279 nos
1752 2215 1916 2291 servituri,
1939 2215 1995 2276 aed
2017 2221 2047 2277 et

664 2315 751 2396 plebs
770 2324 823 2377 tce
845 2325 953 2378 sancta
975 2325 1037 2378 tam
1059 2316 1167 2379 beatae
1192 2319 1366 2397 memoraie,
1396 2326 1426 2380 et
1453 2317 1703 2392 mmmcctionie,
1726 2323 1782 2379 etc.
1827 2312 1876 2375 Ad
1899 2313 2045 2394 majorem

667 2431 761 2496 porro
781 2415 965 2494 antiquitatis
982 2417 1221 2494 venerationem,
1244 2415 1320 2478 baec
1338 2416 1436 2479 oratio
1454 2415 1571 2477 Graece
1585 2414 1695 2477 dicitur
1713 2416 1744 2476 iu
1756 2414 1892 2494 Liturgia
1907 2399 2044 2494 Coptica,

667 2520 781 2575 utnon
804 2530 919 2593 paucae
943 2513 1020 2576 aliae
1042 2513 1153 2577 breves
1175 2513 1331 2594 formulae,
1354 2516 1420 2578 sive
1444 2535 1462 2577 a
1486 2512 1662 2593 Sacerdote,
1685 2515 1752 2576 sive
1775 2512 1955 2592 alliacono,
1978 2513 2044 2574 sive

668 2610 831 2691 apopulo.

914 2801 1056 2872 &omncs
1083 2809 1118 2873 et
1143 2801 1361 2876 obsecramus
1387 2804 1572 2875 bonitatem
1599 2810 1702 2894 tuom,
1731 2810 1795 2876 etc.

754 2992 848 3071 Hanc
886 3005 982 3067 oratio
1015 3005 1052 3068 ad
1088 3004 1309 3086 deprecandam
1339 3007 1457 3069 veniam
1487 3013 1697 3086 peccatorum,
1733 3023 1794 3068 non
1828 3007 1981 3086 reperitur
2014 3005 2046 3068 iu

668 3106 787 3171 Graeco
811 3107 927 3170 codice.
972 3107 1005 3169 ln
1026 3107 1073 3171 bis
1097 3109 1200 3171 verbis
1221 3107 1274 3169 ubi
1298 3108 1335 3170 de
1359 3110 1491 3189 peccatis
1522 3109 1639 3191 agitur:
1671 3106 1797 3171 Oecrdto
1819 3115 1849 3170 et
1869 3109 2044 3188 menr'sestc,

668 3225 746 3288 quoe
765 3205 886 3287 pridem
908 3209 1096 3286 epnoea‘mus,
1119 3215 1174 3269 unt
1194 3225 1272 3288 qaue
1301 3205 1386 3268 obliti
1412 3226 1523 3282 mmm,
1546 3216 1593 3271 est
1616 3206 1715 3288 aliqua
1738 3206 1898 3270 diversitas
1920 3207 2044 3271 versio-

667 3321 737 3365 num
759 3303 973 3368 Arabicarum:
1004 3325 1039 3369 ea
1071 3325 1158 3388 quarn
1187 3307 1337 3386 antiquior
1367 3303 1473 3368 Codex
1502 3313 1606 3369 noster
1635 3313 1862 3386 repraesentat,
1893 3307 2044 3388 significat

667 3421 704 3466 ea
728 3421 806 3483 quae
829 3405 962 3468 scienter
984 3413 1014 3467 ct
1037 3404 1241 3487 praecedente
1256 3405 1441 3487 cognitione,
1465 3407 1622 3467 commissa
1638 3412 1717 3485 suut,
1741 3413 1802 3467 tum
1825 3424 1861 3468 ea
1884 3423 1962 3486 quae
1986 3422 2044 3484 per

666 3501 892 3584 negligentiam.
937 3503 1005 3567 Alia
1027 3505 1058 3567 in
1080 3504 1184 3586 Regiis
1213 3503 1447 3584 exemplaribus,
1471 3522 1548 3584 quoe
1573 3506 1663 3584 prius
1691 3505 1855 3567 commissu
1884 3511 1915 3566 et
1940 3493 2043 3566 moni-

663 3601 780 3680 festate
801 3608 879 3677 sent,
903 3611 933 3664 et
952 3621 1030 3684 quae
1057 3603 1143 3665 obliti
1171 3621 1284 3668 eumue.
1328 3604 1488 3667 Maronita:
1523 3623 1601 3684 quoe
1627 3605 1812 3666 mminimes
1847 3611 1878 3666 et
1910 3601 2045 3681 confessi

667 3717 780 3776 eamus,
803 3708 833 3762 et
852 3720 930 3783 qaue
952 3701 1170 3765 oblitteramus.
1214 3698 1288 3765 lude
1310 3701 1441 3766 sortasse
1464 3703 1610 3784 quispiam
1632 3709 1840 3784 argrunentum
1864 3703 1926 3783 peti
1948 3719 2042 3783 posse

668 3797 859 3877 existimabit,
883 3799 920 3862 ad
943 3800 1151 3863 stabiliendam
1172 3809 1367 3883 peccatorum
1391 3802 1614 3866 confessionem
1637 3819 1714 3880 quae
1736 3802 1858 3864 sacculo
1881 3801 2041 3863 undecimo

668 3905 699 3958 et
722 3896 900 3962 duodecimo
930 3899 985 3962 sub
1016 3899 1133 3963 duobus
1156 3899 1336 3965 Patriarcbis
1367 3901 1484 3965 sublata
1499 3909 1568 3965 'est
1622 3900 1682 3966 Sed
1709 3899 1950 3981 quandoquidem
1984 3899 2041 3961 alia

668 3995 760 4058 multa
782 4004 946 4078 suppetunt
968 4015 1028 4060 non
1051 3999 1159 4061 dubiae
1182 4000 1361 4079 autoritatis,
1384 4001 1464 4064 istud
1492 4000 1605 4063 frustra
1627 3998 1664 4062 ad
1687 3997 1871 4080 probandam
1893 4006 2041 4080 peccato-

667 4113 734 4156 rum
758 4093 978 4159 confessionem
1000 4097 1077 4160 trabi
1099 4098 1312 4163 existimamus.
1341 4099 1416 4162 Nam
1438 4101 1469 4162 in
1491 4098 1630 4162 Acabicis
1653 4097 1854 4176 versionibus,
1877 4117 1940 4162 vox
1962 4115 2040 4177 quae

668 4191 749 4254 illam
771 4194 896 4275 proprie
920 4195 1069 4276 significat
1089 4213 1152 4258 nou
1181 4197 1314 4281 legitur;
1344 4198 1400 4262 sed
1429 4198 1486 4262 alia
1516 4198 1650 4280 ejusdem
1673 4196 1812 4278 originis,
1835 4214 1911 4277 quae
1941 4197 2041 4260 luter-

669 4299 786 4372 pretem
809 4291 924 4355 ielellit.

669 4481 791 4577 Neque
817 4492 964 4578 propter
994 4494 1144 4578 peccota
1174 4510 1251 4559 meo
1272 4492 1392 4581 prices
1422 4488 1581 4582 populum
1607 4495 1696 4559 mum
1722 4486 1868 4558 adventu
1892 4487 2041 4579 Spiritus

1248 4608 1370 4692 sancti,
1399 4611 1462 4675 etc.
1533 4679 1539 4686 ,

748 4791 893 4870 Νιιιιι“ἰιι
914 4803 972 4865 bac
994 4805 1130 4868 oratione
1151 4814 1335 4906 suspectum,
1363 4806 1532 4870 cumidem
1562 4807 1682 4889 legatur
1709 4808 1741 4870 in
1770 4807 1877 4870 Jacobi
1906 4805 2039 4886 Liturgia

672 4903 790 4970 Graeca
811 4905 919 4970 eodem
941 4906 1009 4970 loco
1044 4909 1180 4988 quamvis
1202 4909 1297 5006 verba
1320 4909 1458 4991 quiddam
1481 4911 1561 4974 aliud
1583 4911 1755 4997 significent
1776 4897 1823 4996 μὴ
1845 4899 1982 4995 dilectit,
2003 4927 2040 4970 Μ
