4684 6042
154 4827 157 4837 ,
236 4807 240 4828 .
314 4782 375 4828 και
366 4752 667 4832 κατιύθυνον
638 4785 684 4840 εις
699 4785 742 4832 το
733 4755 908 4856 ιῖγαθόν
920 4783 990 4833 σου

814 589 1220 667 nundinantur.
1637 590 1707 664 111

319 802 495 872 exponamur
506 801 567 848 και
557 770 754 872 partuve·
733 802 883 869 ομμαιι,
894 772 993 849 breda
1036 798 1101 871 que
1114 778 1248 849 misero.
1275 777 1428 870 Benigno
1450 775 1543 850 vultu
1564 787 1597 850 ei
1611 779 1710 852 oculo

319 875 375 976 ἐφ’
401 877 492 973 ἡμᾶς
517 880 556 952 ἐν
553 874 697 1006 ταύτη
725 885 770 973 τῇ
802 877 897 977 ὥρᾳ·
932 877 994 952 καὶ
1036 901 1159 953 screno
1185 883 1318 976 respice
1346 903 1447 978 super
1462 903 1525 954 nos
1541 881 1604 954 hac
1617 881 1710 968 hora,

318 985 427 1112 napta
448 977 524 1055 οὖν
539 978 629 1076 ἡμῖν
646 987 767 1058 πᾶσαν
782 979 992 1082 ἀθειηρίαν,
1037 993 1071 1054 et
1097 982 1222 1055 dimitte
1247 982 1346 1057 nobis
1362 1007 1493 1057 omnem
1510 988 1710 1080 iniquitatem

313 1063 380 1158 'nbi
400 1089 522 1160 πᾶσαν
537 1081 771 1182 παράβασιν,
789 1084 856 1164 καὶ
872 1113 993 1183 παρα-
1037 1107 1234 1181 omnemque
1258 1091 1579 1180 transgressionem,
1601 1091 1661 1162 et
1652 1112 1710 1160 m-

319 1215 409 1283 κιην
426 1184 547 1282 νόμοι
563 1187 715 1264 καὶτῶν
732 1194 809 1264 σῶν
826 1192 992 1264 ἐντολῶν
1036 1188 1257 1261 obedientiam
1271 1201 1387 1263 eontra
1405 1191 1516 1283 legem
1543 1201 1577 1262 et
1602 1214 1710 1286 prae-

319 1291 370 1364 ἔτι
388 1289 430 1364 ‹tt-
446 1289 506 1365 καὶ
531 1297 653 1366 πᾶσαν
677 1289 906 1389 συνείδησιν,
931 1291 993 1366 καὶ
1036 1303 1133 1388 cepta
1158 1303 1229 1366 tua:
1258 1316 1389 1366 omnem
1424 1316 1556 1390 qnoque
1581 1306 1710 1369 reatmn

318 1401 439 1470 πᾶσαν
472 1392 698 1491 ἐνθύμησιν,
741 1394 802 1470 καὶ
835 1389 992 1479 πάσαις*
1035 1397 1280 1488 conscientiae,
1303 1419 1433 1470 omnem
1461 1401 1710 1521 cogitationen,

318 1495 482 1596 πράξεσι,
507 1496 568 1572 καὶ
593 1498 722 1583 πάσαις
743 1496 903 1594 κινήσισι
928 1525 992 1600 ye—
1035 1519 1151 1574 omnes
1187 1503 1335 1573 actiones
1367 1511 1401 1572 et
1434 1511 1543 1575 motus
1583 1505 1637 1598 qui
1675 1507 1710 1574 in

318 1601 533 1702 pwvvlarc'
515 1630 554 1676 ιν
579 1604 730 1691 ἑαυταῖς,
754 1601 930 1701 ἡμεριιιῶς
954 1629 991 1678 τι
1032 1601 1130 1676 nobis
1159 1608 1347 1677 excitantur
1372 1605 1426 1676 dic
1462 1627 1502 1675 ac
1527 1617 1644 1699 nocte,
1674 1616 1710 1677 nt

318 1703 379 1778 καὶ
393 1709 607 1802 cantamus
623 1704 788 1802 ἐπιδῆσαι
805 1705 866 1782 καί
882 1734 992 1780 κατα·
1038 1709 1178 1778 animam
1215 1707 1353 1799 alligent
1385 1718 1419 1780 et
1451 1710 1616 1804 captivam
1649 1720 1708 1782 te-

318 1812 494 1904 κρατῆσαι
526 1806 619 1883 κατα
649 1815 711 1904 τῆς
741 1817 867 1936 ψηχῆς.
919 1807 994 1884 Καὶ
1036 1820 1144 1882 neant.
1179 1809 1251 1882 Fac
1278 1831 1338 1883 eos
1364 1815 1524 1884 immunes
1552 1810 1594 1884 ab
1621 1817 1709 1884 omni

319 1909 554 1986 ἅθώοσον’
507 1909 637 1995 αιτιύς
652 1910 724 1986 aiud
739 1911 853 2010 πάσης
869 1937 993 1988 avrea-
1035 1916 1240 1987 conscientia
1283 1937 1396 1986 rerum
1447 1915 1626 2004 maiarum,
1676 1926 1710 1988 et

260 2007 265 2020 '
319 2011 454 2110 δήσιιος
470 2021 651 2140 πονηρῶν,
666 2014 727 2090 καὶ
742 2013 857 2145 πάσης
872 2014 991 2116 decip-
1035 2019 1124 2088 omui
1150 2020 1279 2091 actione
1305 2017 1524 2108 inimatuosa,
1555 2023 1710 2114 omniqua

318 2147 390 2193 ποι
405 2114 576 2216 πράξεως,
593 2117 993 2257 καὶπανιὸςλιγισμιῦ
1034 2123 1238 2212 cogitatione
1282 2121 1415 2194 sordida
1465 2144 1580 2194 eorum
1622 2144 1708 2216 quae

317 2226 578 2319 πιτυριιμένοι
585 2278 669 2296 .....
679 2217 824 2300 *ἐστὶν
848 2221 990 2322 βιβηλιὶ
1033 2222 1173 2320 profana
1216 2227 1279 2298 sint
1327 2233 1361 2296 et
1407 2229 1536 2298 ammae
1574 2229 1707 2322 puritati

318 2323 415 2451 παρὰ
435 2351 503 2422 την
523 2331 596 2452 τῆς,
605 2333 722 2425 ψυχῆς
745 2325 990 2427 καθαρότητα.
1033 2331 1209 2399 ιοιιιιιιιῐι
1247 2327 1442 2401 Concede
1432 2332 1514 2424 ipsis
1540 2339 1706 2425 poccato-

318 2427 482 2529 Χάρισαι
497 2456 619 2505 αιτιοι
631 2458 699 2525 την
710 2455 786 2508 των
801 2431 991 2558 ιὶμαρτιιὶιν
1032 2451 1105 2502 rum
1132 2434 1347 2523 agnitionem,
1373 2441 1475 2527 utque
1500 2431 1651 2528 perfecte
1664 2432 1706 2504 ab

318 2533 524 2660 ἐπίγνωσιν,
549 2531 610 2606 καὶ
634 2534 770 2620 τελείως
792 2533 990 2631 ἀπέχεσθαι
1032 2532 1097 2607 illis
1124 2533 1320 2608 abstineant.
1356 2535 1410 2608 Da
1435 2537 1499 2608 illis
1526 2539 1707 2631 poeniten·
1797 2537 1810 2551 “

312 2633 380 2710 ’ἀπ’
394 2633 525 2765 αὐτων.
558 2633 726 2777 Δώρησαι
742 2635 862 2723 αὐτοῖς
877 2665 991 2733 μετα·
1032 2641 1100 2708 tiae
1126 2641 1329 2726 castitatem,
1366 2649 1400 2712 ot
1427 2639 1468 2711 ad
1495 2649 1528 2711 ιι
1555 2661 1707 2711 conver-

318 2736 659 2869 νοίαςιὶηινάτηηις,
641 2739 726 2815 και
735 2746 856 2838 τηνιις
863 2766 903 2817 σι
911 2747 991 2817 επι
1034 2743 1180 2813 sionem:
1215 2751 1250 2813 tn
1285 2745 1371 2814 enim
1408 2742 1594 2815 dominator
1628 2742 1708 2814 Dc-

312 2840 501 2943 στροφήν·
532 2841 581 2918 σι
611 2842 684 2976 ydp
708 2843 865 2921 δέσποτα
890 2843 991 2947 κύριε
1033 2845 1122 2915 minc
1148 2867 1276 2940 pauper
1301 2845 1408 2919 iactus
1442 2870 1481 2919 es
1507 2846 1708 2937 voluntarie,

317 2944 570 3042 &zrmchaa‘
551 2948 720 3033 ιιιιυσίιις
733 2952 836 3046 ἐντῷ
850 2973 890 3024 σε
903 2974 992 3050 σαρ-
1034 2946 1110 3018 dum
1136 2971 1270 3020 carnem
1297 2954 1499 3040 assumsisti,
1527 2950 1570 3022 ad
1595 2972 1709 3043 gene-

317 3052 499 3146 καθῆναι,
513 3048 632 3124 δια
589 3079 657 3148 την
670 3059 739 3128 τοῦ
749 3053 991 3152 γένιιςῆμῶν
1033 3055 1081 3123 ris
1116 3055 1221 3124 nostri
1255 3051 1413 3140 salutem,
1450 3066 1484 3126 et
1516 3054 1709 3126 conscidisti

317 3155 514 3252 σωτηρίαν·
539 3181 600 3228 και
591 3152 874 3254 ἱ’διέῤῥηξας
833 3185 876 3231 το
901 3155 990 3231 καθ’
1034 3153 1287 3250 chirographum
1317 3157 1406 3252 quod
1432 3169 1506 3229 erat
1529 3157 1708 3230 adversum

317 3255 423 3352 ἡμων
452 3255 719 3357 χειρόγραφον,
748 3259 812 3336 dmi
838 3259 909 3357 τὴν
933 3259 990 3336 ἐπὶ
1032 3279 1107 3378 pos,
1133 3280 1194 3354 per
1209 3260 1392 3332 divinarum
1407 3283 1561 3333 mannum
1580 3271 1709 3334 tuarum

318 3366 384 3435 τοῦ
407 3367 568 3488 σιαιηοῦ
588 3367 663 3438 τῶν
685 3363 800 3440 θείων
822 3387 892 3489 cop
915 3391 990 3439 πα.
1032 3362 1065 3430 in
1084 3383 1184 3432 cruce
1197 3365 1448 3458 expansionem
1474 3366 1582 3437 Parce
1594 3386 1707 3436 cmm

317 3460 447 3558 tapam
459 3462 678 3564 ἐφάπλωσιι.
698 3473 827 3542 spatam
840 3465 990 3543 πάντων
1031 3459 1095 3534 bus
1109 3462 1253 3537 Domine
1271 3478 1401 3539 amator
1418 3471 1612 3556 animarum,
1631 3471 1707 3562 quia

317 3565 475 3643 δέσποτα
509 3565 701 3666 φιλόιιιχι,
735 3570 793 3645 ὅτι
817 3569 863 3645 τά
889 3567 990 3665 σύμ-
1033 3569 1141 3636 omnia
1168 3567 1227 3640 tibi
1259 3573 1425 3659 serviunt,
1458 3580 1491 3642 et
1526 3579 1606 3643 ιιι
1633 3578 1709 3643 sunt

316 3697 436 3748 πανια
468 3669 583 3746 δούλα
613 3670 682 3763 σά,
712 3673 774 3748 καὶ
798 3671 896 3771 παρά
921 3697 990 3748 σοι
1032 3671 1181 3764 praemia
1211 3670 1417 3746 liberationis
1450 3684 1604 3764 nostrae,
1639 3695 1707 3745 non

317 3773 468 3870 ἡμιτερα
484 3771 679 3875 ἀφετήρια,
705 3805 766 3851 και
756 3776 898 3852 midde
914 3783 990 3852 τῶν
1033 3771 1210 3867 quidquam
1235 3796 1320 3847 Vero
1349 3797 1434 3871 Opus
1457 3798 1610 3848 manuum
1636 3797 1706 3848 tto-

317 3876 610 4007 ἐιιιιηιιειματων
625 3887 702 3955 τῶν
721 3887 854 3978 χειρῶν
870 3880 987 3978 ἡμῶν·
1033 3885 1185 3948 suarum.
1211 3877 1341 3950 Idcirco
1363 3901 1504 3971 regnum
1519 3889 1610 3951 tunm
1623 3876 1707 3971 glo-

318 3977 417 4055 δι’ι
396 3979 513 4112 οηηι
531 3980 600 4077 σήν
621 3985 812 4081 βασιλειαν
829 3981 990 4074 δοξάζο-
1031 3977 1211 4071 rideamus,
1226 3981 1398 4056 iandamus
1418 3994 1452 4056 tc
1467 3981 1599 4058 Christe
1613 3983 1706 4055 Dens

315 4113 385 4181 μιν
407 4084 468 4159 καὶ
488 4083 724 4181 ανιμνοῦμιι
747 4112 786 4163 σι
802 4087 989 4187 Χριστε“
968 4117 990 4162 o
1031 4092 1157 4155 noster

274 4187 281 4205 ⁸
776 4196 988 4268 Vua-Zovm
1032 4185 1051 4221 ἱ
1102 4185 1121 4221 ff
1173 4187 1193 4223 ἢ
1244 4189 1263 4225 ff
1314 4189 1333 4225 ff

315 4294 584 4393 ωιαηθορων.

369 4349 556 4497 11άσαις“
533 4417 680 4514 ημέραις
705 4420 777 4508 ἕως,
802 4414 1044 4514 αἱρετικῶν
1087 4411 1247 4489 Omnibus
1275 4411 1389 4485 diebus
1416 4434 1520 4506 αιηαι
1546 4412 1593 4483 ιιι
1617 4411 1705 4484 bae-

315 4543 375 4590 και
366 4513 562 4594 ἐθνικῶν.
897 4531 904 4548 ’
1033 4535 1212 4607 reticorum
1238 4542 1272 4606 et
1297 4533 1520 4607 Ethnicornm.

355 4649 603 4749 Ἐμπλησθν
581 4657 674 4780 pud?
686 4658 753 4728 τοῦ
768 4677 837 4728 ⁰⁰⁰
822 4651 990 4752 ‘ww’
1084 4719 1188 4816 Imple
1214 4743 1277 4795 nos
1303 4723 1422 4794 timore
1442 4731 1512 4811 tuo,
1539 4731 1573 4794 et
1600 4721 1706 4815 dirige

314 4859 473 4992 oppam·
501 4859 549 4935 σύ
570 4857 643 4961 γαρ
667 4857 741 4935 ,10
763 4857 850 4944 ,cmg
871 4859 989 4957 ἡμῶν,
1032 4857 1095 4909 nos
1125 4837 1168 4909 ad
1201 4836 1325 4910 bonam
1361 4837 1565 4910 voluntatem
1600 4850 1705 4912 tuam:

314 4959 375 5090 καὶ
390 4967 513 5068 aptita
526 4988 586 5039 σοι
595 4960 700 5059 dota,
714 4990 802 5063 τιμη
810 4961 872 5039 και
878 4995 989 5065 προς.
1032 4961 1066 5024 u
1082 4957 1169 5026 euim
1184 4977 1222 5029 es
1243 4956 1336 5028 Deus
1351 4966 1479 5046 noster,
1501 4967 1535 5028 et
1557 4964 1590 5029 ιι
1610 4956 1706 5029 dccet

313 5061 470 5164 κύνησις.
1031 5070 1152 5164 gloria,
1178 5071 1286 5147 bonor
1313 5082 1348 5146 et
1374 5073 1535 5147 adoratio.

338 5204 452 5250 ιιιιιι
1448 5193 1498 5268 30
