4616 6046
728 551 805 626 200
1184 551 1628 632 COMMENTARIUS

640 759 643 770 ·
727 737 914 799 cantissimos
938 753 1008 798 esse
1030 735 1165 800 dubitare
1187 755 1248 800 non
1276 755 1448 818 possumus.
1498 736 1594 800 Unum
1626 738 1770 802 babemus
1802 739 1936 802 codicem
1964 760 2004 803 ax
2033 761 2090 822 qao

726 835 868 898 excusari
889 835 1075 918 aliquatenus
1098 853 1192 918 posse
1214 837 1385 914 videretur,
1408 845 1439 900 et
1461 837 1487 900 is
1510 837 1763 902 estcollectionis
1780 838 1936 902 Canonum
1954 839 2091 921 Coptita-

724 952 792 996 rum
814 933 1030 1016 amplissimae,
1054 936 1084 997 in
1105 954 1167 1016 quo
1189 936 1301 1017 legitur
1314 935 1501 1017 Symbolum,
1525 956 1593 998 cum
1604 936 1756 1000 additione
1769 938 1942 1016 verborum,
1963 941 2089 1022 filioque.

725 1034 837 1096 Verum
860 1043 983 1098 annotat
1005 1033 1093 1098 simul
1115 1037 1264 1117 scriptor,
1287 1035 1359 1099 illud
1383 1053 1453 1098 csse
1475 1035 1641 1099 secandum
1663 1037 1849 1100 Francorum
1863 1037 2011 1115 Codices;
2033 1059 2092 1122 qua

725 1132 792 1196 sola
820 1139 892 1196 nota
926 1140 1073 1212 testatur,
1107 1134 1212 1198 eadem
1239 1137 1333 1199 verba
1363 1157 1381 1200 a
1414 1138 1611 1218 popularibus
1643 1139 1706 1202 suis
1737 1138 1914 1203 Christianis
1948 1140 2090 1222 ignorari.

693 1239 695 1244 ’
722 1231 863 1296 Attamen
885 1232 955 1296 licet
976 1252 1013 1296 ea
1035 1234 1075 1296 sit
1096 1233 1292 1298 Orientalium
1316 1237 1434 1318 opinio,
1458 1239 1487 1300 in
1510 1255 1565 1300 sua
1587 1237 1749 1300 traditione
1771 1237 1911 1316 lundata,
1940 1239 2020 1320 quod
2041 1240 2090 1300 ni-

721 1332 763 1394 bil
785 1331 929 1414 Symbolo
952 1332 1149 1414 adjiciendum
1172 1334 1228 1411 sit,
1251 1336 1394 1417 ignorant
1410 1343 1508 1400 brnen
1530 1338 1746 1401 contentiosam
1769 1336 1849 1400 illam
1864 1357 1982 1402 omnem
1993 1338 2091 1399 Grae·
2184 1341 2191 1358 ⁸

723 1449 828 1495 corum
849 1433 1054 1514 posteriorum
1076 1433 1115 1496 de
1137 1433 1196 1497 hoc
1219 1443 1397 1517 argumento
1420 1435 1635 1519 theologiam,
1665 1436 1859 1519 breviterque
1882 1437 2040 1500 admodum
2060 1437 2089 1498 in

724 1549 761 1594 ea
782 1533 896 1595 versati
919 1539 999 1594 sunt.

451 1627 554 1682 olorem
588 1637 714 1689 recinant
811 1631 953 1704 Quamvis
976 1638 1075 1693 autern
1097 1630 1231 1711 Symboli
1254 1632 1334 1695 inter
1355 1650 1443 1696 sacra
1464 1634 1609 1715 mysteria
1629 1634 1765 1696 recitatio
1788 1651 1848 1696 non
1877 1635 1915 1698 ab
1936 1635 2019 1698 initio
2040 1636 2090 1696 iu-

399 1714 565 1814 inntitcrgta
588 1721 713 1818 Synrboti,
727 1733 830 1795 stituta
853 1731 952 1810 luerit,
976 1731 1075 1794 statim
1097 1738 1256 1810 postquam
1278 1732 1343 1812 ejus
1369 1731 1494 1795 lorrnula
1516 1733 1547 1794 in
1569 1733 1702 1796 Nicaeoo
1723 1731 1857 1796 Concilio
1880 1733 2010 1796 stabilita
2032 1742 2089 1812 est,

399 1797 543 1902 ⁰¹¹⁶f¹¹⁸¹⁸³
582 1803 891 1904 ‚N¹⁰⁸⁰¹¹i⁸communis
920 1837 1017 1892 tamen
1047 1828 1243 1892 Orientalium
1271 1831 1390 1894 traditio
1428 1831 1512 1893 illum
1538 1831 1685 1894 recitandi
1717 1849 1831 1894 morem
1861 1830 1920 1894 illis
1953 1831 2088 1894 Patribus

398 1885 516 1943 P⁸⁸¹¹b¹¹⁵
531 1890 677 1945 stratuum.
725 1929 868 1992 attribuit.
891 1927 939 1992 lsa
960 1926 980 1988 l.
1002 1927 1097 1990 Zaraa
1116 1928 1254 1992 lacobita
1276 1931 1402 2012 insignis
1426 1930 1611 2014 Theologus,
1635 1931 1674 1993 ita
1697 1929 1802 1992 scribit
1828 1929 1859 1991 in
1882 1931 2030 2011 opusculo
2053 1931 2090 1994 de

726 2026 876 2090 Consiliis.
897 2028 1123 2106 Praeceperant
1134 2025 1319 2092 CCCXVIII.
1341 2030 1453 2092 Patres
1464 2036 1498 2091 ut
1507 2028 1850 2111 istndhdeiaiyrnholaan
1858 2030 2047 2099 ,recitaretur
2059 2029 2090 2090 in

721 2126 805 2188 omni
816 2126 958 2208 thapsa
969 2135 1000 2192 et
1011 2127 1159 2202 antona,
1171 2133 1260 2208 utque
1276 2130 1351 2192 illad
1365 2129 1534 2192 edoceant
1544 2130 1606 2190 oiri
1614 2127 1809 2208 etsoeminae,
1822 2130 1951 2207 juvenes
1964 2134 1995 2188 et
2006 2145 2091 2189 senes

721 2227 806 2288 seroi
818 2233 849 2290 et
860 2245 963 2288 omnes
976 2226 1090 2305 fideles,
1103 2227 1233 2306 illudque
1239 2229 1387 2290 nummio
1401 2234 1543 2303 tmermt,
1556 2227 1726 2289 modstata
1737 2227 2091 2289 animumanimum

720 2332 750 2386 et
770 2327 1011 2406 neopolitanam
1032 2326 1255 2404 ternporoillad
1274 2329 1448 2390 recitarent.
1464 2324 1649 2389 Ebnassalus
1671 2326 1703 2387 in
1726 2323 1880 2388 Canonum
1903 2323 2089 2388 collectione

721 2443 787 2506 cap.
811 2423 861 2486 ld.
884 2425 1040 2486 Reciteho
1060 2423 1232 2506 sanantem
1257 2426 1331 2504 fidoi
1358 2424 1534 2487 Catholicae
1560 2428 1593 2488 in
1620 2426 1702 2488 omni
1729 2426 1887 2488 natione:
1910 2423 1988 2486 alter
2010 2442 2090 2504 quo-

720 2541 779 2604 quo
802 2523 986 2588 Ebnassalus
1008 2523 1039 2584 in
1060 2523 1216 2604 principiis
1240 2523 1309 2586 lidei
1332 2541 1398 2606 cap.
1421 2523 1451 2588 9.
1474 2523 1553 2586 idern
1576 2523 1675 2601 docet,
1698 2533 1732 2586 ut
1746 2526 1834 2588 etiam
1849 2522 1982 2586 Severus
1996 2540 2089 2602 opere

719 2621 758 2684 de
781 2622 910 2703 synodis
933 2630 963 2684 et
986 2621 1139 2701 Symbolo.
1161 2622 1320 2686 Ebnaltaib
1342 2623 1541 2686 Nestorianus
1557 2623 1699 2687 Tractatu
1721 2623 1760 2686 de
1781 2622 2000 2686 lucamatione.
2023 2622 2090 2684 Pa-

719 2729 781 2784 tres
801 2722 853 2801 qai
870 2719 1334 2804 fideiOrthodoeaeSprnholum
1355 2723 1522 2800 ediderant,
1537 2724 1661 2802 honere
1673 2723 1794 2784 utillud
1814 2723 1981 2784 menariae
2000 2739 2090 2782 ιιιαιι-

719 2821 881 2894 darernns5
903 2827 992 2900 atque
1012 2821 1088 2883 iliad
1107 2823 1140 2882 in
1161 2823 1244 2883 mmai
1271 2822 1410 2884 natione
1439 2831 1470 2884 et
1495 2821 1638 2902 hihopia
1665 2823 1874 2884 recitarentur.
1920 2818 1963 2882 lta
1986 2835 2089 2882 omnes

719 2921 847 3000 passim:
878 2936 978 2998 neque
1007 2919 1085 2982 enim
1116 2920 1147 2982 in
1180 2920 1309 3001 antiquis
1343 2921 1510 3004 originibus
1538 2919 1761 2984 Ecclesiasticis
1791 2917 1954 3000 quidquam
1981 2919 2089 2996 sciunt,

717 3025 842 3100 praeter
871 3035 1057 3080 commanem
1085 3026 1116 3081 et
1144 3018 1337 3101 disciplinae,
1369 3037 1457 3100 quam
1486 3019 1581 3084 oculis
1612 3017 1792 3099 observant,
1816 3017 2002 3082 conlomrem
2025 3024 2090 3080 tra·

719 3117 871 3180 ditionem.
906 3116 949 3180 lta
974 3116 1061 3180 facile
1092 3117 1285 3181 erediderunt
1312 3119 1469 3182 recitatum
1495 3118 1590 3182 luisse
1618 3117 1790 3199 Symbolum
1815 3117 1877 3198 jam
1904 3133 1923 3178 a
1948 3115 2088 3180 Nicaenis

717 3217 914 3298 temporibus,
938 3217 1007 3297 quia
1029 3235 1047 3278 a
1069 3215 1266 3280 schismatum
1287 3219 1378 3280 initiis
1402 3226 1452 3282 aut
1473 3219 1604 3297 circiter,
1627 3216 1694 3280 talis
1723 3224 1790 3280 erat
1810 3216 1996 3278 Graecorum
2011 3231 2088 3276 con-

717 3316 857 3380 suetudo.
881 3315 1057 3380 Theodorus
1081 3315 1178 3379 lector
1199 3334 1278 3380 anno
1301 3316 1365 3379 DX.
1390 3316 1576 3380 Timotheum
1590 3317 1789 3380 l’atriarcham
1811 3317 1955 3380 statuisse
1974 3313 2088 3392 scribit,

718 3425 750 3476 ut
771 3435 828 3497 per
849 3416 984 3500 singulas
1007 3416 1143 3497 Synaxcs
1156 3417 1348 3480 recitaretur:
1371 3434 1472 3497 neque
1495 3417 1697 3497 antiquiorum
1720 3411 1889 3496 temporum
1911 3413 2087 3477 autoritates
2162 3399 2167 3414 ⁸

717 3523 821 3579 certae
843 3521 1024 3597 suppetunt:
1046 3534 1114 3576 nam
1136 3534 1214 3595 quae
1236 3535 1277 3578 ex
1298 3515 1382 3578 salsis
1405 3515 1614 3578 Decretalibus
1643 3514 1848 3594 adducuntur,
1878 3513 1990 3576 nullius
2021 3530 2088 3574 mo-

717 3615 808 3676 menti
830 3621 909 3676 sunt.
952 3614 1072 3676 Petrum
1102 3613 1292 3696 Gnapheum,
1314 3615 1504 3696 Nicephorus
1533 3615 1741 3676 recitationem
1764 3612 1898 3695 Symboli
1920 3613 2087 3674 instituisso

718 3713 837 3776 scribit:
872 3720 902 3774 et
929 3710 999 3776 inde
1022 3711 1101 3776 lorto
1132 3715 1307 3795 conjectura
1337 3733 1399 3778 non
1432 3713 1633 3776 inverisimilis
1663 3713 1733 3776 duci
1759 3719 1878 3795 potest,
1908 3711 2085 3774 Haereticos

717 3814 801 3893 prius
825 3813 997 3894 incoepisse
1020 3831 1108 3892 quam
1130 3813 1334 3877 Orthodoxos.
1355 3814 1430 3877 Nam
1452 3814 1615 3876 Nicacnum
1639 3811 1804 3876 Concilium
1834 3829 1956 3892 semper
1977 3812 2008 3872 in
2030 3827 2084 3872 ore

718 3911 837 3990 habent,
861 3913 947 3992 quasi
970 3910 1089 3975 illorum
1112 3914 1293 3976 novitatibus
1316 3913 1476 3994 quidquam
1499 3912 1642 3993 praesidii
1665 3911 1701 3974 ab
1724 3911 1775 3973 illo
1798 3910 1968 3974 accederet.
2005 3907 2086 3970 Sane

718 4014 817 4074 serim
838 4012 958 4074 omnino
981 4017 1011 4072 et
1029 4031 1090 4074 non
1111 4014 1173 4076 nisi
1189 4019 1263 4093 post
1283 4031 1394 4075 annam
1415 4013 1454 4074 hl.
1478 4011 1557 4076 Xll'.
1581 4012 1636 4073 stab
1658 4009 1821 4072 Benedicta
1849 4007 1925 4072 l'lll.
1971 4009 2086 4070 nonme

717 4113 816 4190 coepit
837 4111 959 4173 conari
978 4109 1159 4192 Syrnbolnrn,
1181 4118 1213 4174 et
1231 4112 1300 4174 ideo
1321 4131 1378 4174 nec
1399 4114 1431 4174 in
1453 4110 1568 4173 Ordine
1588 4111 1737 4184 Romano,
1759 4127 1816 4170 nec
1836 4110 1869 4169 in
1886 4109 2002 4187 priscis
2022 4106 2085 4168 Sa-

718 4217 939 4274 momentorum
951 4212 1116 4289 codidhas,
1138 4214 1289 4291 necapnd
1308 4210 1508 4286 Anwlarim,
1529 4209 1698 4286 Almanam,
1720 4208 1891 4285 dichorium,
1905 4206 2084 4286 Remapinm,

717 4315 748 4369 at
768 4309 847 4372 alios
866 4314 920 4391 qni
939 4317 1010 4373 ante
1026 4312 1220 4391 praedictum
1242 4329 1355 4372 annum
1375 4310 1534 4371 Romanae
1561 4310 1675 4372 Missae
1704 4307 1849 4370 Ordinem
1871 4307 2084 4384 eaplonaront,

715 4407 777 4468 atta
797 4406 932 4488 Syneholi
950 4411 1060 4472 mettio
1081 4411 1243 4489 reperitrar,
1266 4427 1333 4470 eam
1355 4414 1455 4470 tamen
1475 4407 1567 4469 mallo
1596 4414 1667 4468 ante
1687 4408 1720 4467 in
1740 4405 1907 4485 Hispania,
1935 4405 2035 4466 Gallia
2057 4411 2086 4466 et

428 4513 523 4566 iteam
540 4514 632 4584 tnnaerp.
646 4516 662 4568 t
676 4519 702 4569 2.
717 4505 881 4570 Germania
902 4515 1085 4572 cantaretur.
1109 4508 1209 4571 Verba
1231 4515 1300 4570 sunt
1324 4505 1491 4570 Cardioalis
1513 4505 1606 4582 Bona,
1630 4504 1709 4587 apud
1732 4523 1821 4585 quem
1850 4505 1938 4586 plura
1965 4503 2002 4566 de
2025 4503 2084 4564 hoc

391 4611 416 4647 ⁰·
432 4599 458 4650 3·
716 4605 776 4668 ritu
798 4605 903 4690 legere
926 4608 1054 4688 quisquo
1076 4609 1197 4689 poterit,
1221 4616 1253 4669 ut
1276 4607 1370 4670 etiam*
1386 4607 1466 4688 apud
1496 4605 1656 4687 Hugonem
1683 4604 1859 4667 ldenardum
1886 4605 1916 4666 in
1938 4603 2023 4665 Notis
2046 4601 2085 4665 ad

718 4705 941 4770 Sacramentnle
964 4707 1190 4790 Gregorianum.
1214 4705 1341 4770 Consilii
1363 4706 1501 4770 Toletani
1522 4704 1569 4767 lll.
1594 4721 1640 4767 an.
1663 4705 1700 4766 D.
1722 4702 1882 4767 LXXXIX.
1906 4702 1998 4766 habiti
2021 4700 2085 4765 Ca·

716 4821 777 4866 non
800 4803 835 4868 ll.
859 4807 889 4868 in
911 4825 946 4870 re
968 4807 1098 4870 obscura
1119 4806 1220 4870 lumen
1241 4805 1398 4888 praeferre
1420 4805 1540 4868 videtur
1561 4805 1739 4867 maximum:
1766 4803 1805 4865 Ut
1819 4823 1880 4884 per
1901 4820 2005 4866 manes
2018 4800 2086 4864 Ec-

717 4902 827 4966 clesiae
848 4903 1014 4984 Hispaniae
1034 4907 1083 4968 vel
1103 4906 1286 4981 Caliacum
1309 4905 1471 4966 secandam
1490 4903 1625 4984 soranam
1645 4903 1853 4966 Ecclesiam
1875 4899 2086 4977 Orientalium,

718 4998 847 5064 Concilii
868 5001 1192 5084 Conatonhnopolitoni
1211 5005 1382 5087 Syriobolam
1402 5004 1474 5083 fidei
1494 5005 1648 5066 recitetur.
1692 5002 1758 5064 lam
1787 5001 1881 5082 igitur
1911 5008 1979 5064 ante
2003 4998 2087 5062 illam
