4778 6034
860 617 863 622 ,
906 556 1218 655 irruituro.

371 752 498 828 summi
519 748 611 828 illius
633 750 700 824 viri
727 749 888 847 interitu,
920 771 993 850 quo
1011 744 1138 826 Musae
1163 772 1289 826 omnes
1315 747 1630 850 collacrumarunt,
1653 773 1747 826 con-

371 881 455 960 cidit
489 885 611 984 opcn's
645 879 853 982 perficiendi
887 903 994 983 spes,
1029 890 1065 958 et
1098 881 1284 959 consilium
1318 881 1482 960 editionis
1508 881 1747 985 liturgiarum

373 991 624 1117 Orientalium,
665 1018 740 1093 suis
772 1014 925 1118 linguis,
970 1012 1207 1116 abjiciendum
1238 1015 1313 1092 fuit.
1386 1013 1477 1107 Quia
1511 1026 1628 1092 tamen
1662 1018 1749 1094 viris

371 1146 606 1249 doctissimis,
650 1149 802 1224 maxime
841 1171 932 1225 vero
964 1145 1204 1224 illustrissimo
1240 1144 1416 1226 Meldensi
1458 1146 1641 1250 Episcopo
1687 1151 1749 1250 qui

290 1295 295 1302 ’
371 1284 487 1359 varias
532 1280 804 1359 observationes
844 1290 880 1357 ct
914 1283 1009 1381 ipsas
1040 1277 1219 1382 liturgias
1253 1279 1412 1381 viderat,
1449 1279 1645 1383 judicatum
1681 1292 1748 1382 est,

371 1414 446 1491 illas
492 1412 629 1516 absque
677 1411 852 1514 textibus,
899 1424 939 1490 ut
983 1411 1096 1515 vulgo
1143 1410 1284 1515 dicunt,
1329 1411 1570 1516 originalibus
1613 1412 1748 1491 debere

371 1547 562 1650 publicari,
595 1547 737 1625 tandem
760 1572 807 1625 ne
830 1550 964 1650 periret
990 1544 1090 1624 labor
1112 1544 1320 1650 Ecclesiae,
1352 1559 1391 1623 ut
1414 1545 1615 1649 sperabant,
1646 1547 1747 1625 iutu—
1840 1523 1843 1529 ¹

372 1706 432 1760 rus
468 1680 581 1782 utilis,
610 1679 784 1784 judicium
818 1681 957 1758 illorum
989 1681 1123 1782 secuti,
1158 1678 1301 1757 editioni
1327 1678 1562 1757 incubuimus.

491 1812 570 1892 Rati
617 1826 719 1915 sunt,
764 1825 803 1891 ut
847 1817 931 1892 satis
965 1824 1088 1891 notum
1133 1826 1208 1914 est,
1255 1816 1314 1916 qui
1359 1812 1468 1895 literis
1507 1811 1746 1891 Orientalibus
1786 1836 1929 1892 occurras
1943 1841 2073 1894 versum

370 1972 515 2050 operam
544 1946 727 2048 dederint,
761 1959 798 2025 et
831 1950 992 2050 quamvis
1027 1947 1157 2024 multos
1189 1946 1327 2023 illarum
1361 1950 1594 2047 peritissimos
1625 1947 1746 2025 homi·
1760 1921 1904 1976 diffiffl'm·
1998 1959 2003 1974 “

370 2105 436 2158 nes
474 2104 646 2182 avorum,
690 2092 750 2157 aut
787 2092 909 2158 nostra
943 2091 1040 2157 aetas
1074 2079 1212 2181 tulerit,
1253 2079 1416 2183 plerique
1455 2090 1574 2158 tamen
1608 2078 1747 2158 Eccle-

370 2216 532 2291 siasticos
553 2211 663 2290 libros
674 2211 831 2290 Arabice
851 2215 1004 2314 scriptos
1020 2212 1273 2316 neglexerunt:
1296 2213 1393 2291 unde
1412 2226 1554 2315 praeter
1573 2212 1747 2317 opuscula

370 2370 482 2448 pauca
515 2344 708 2424 Abmbami
735 2343 960 2424 Echellensis
993 2357 1029 2422 et
1061 2345 1183 2423 Fausti
1204 2344 1372 2450 Naironi,
1405 2349 1441 2423 in
1474 2345 1604 2449 quibus
1639 2346 1747 2424 multa
1835 2444 1839 2451 ἱ

373 2478 637 2581 desiderantur,
692 2479 775 2557 nihil
825 2490 920 2556 extat
966 2478 1063 2556 unde
1098 2478 1189 2558 fides
1229 2491 1264 2557 et
1302 2479 1483 2581 disciplina
1518 2478 1747 2557 Orientalium

373 2616 546 2715 cognosci
569 2623 689 2715 queat:
712 2610 850 2715 Syriaci
870 2611 947 2689 libri
970 2615 1124 2691 rariores
1146 2625 1248 2713 sunt,
1280 2615 1476 2717 paucisque
1495 2617 1574 2690 visi.
1613 2613 1748 2718 Aegy-

372 2750 485 2848 ptiaca
511 2747 650 2848 lingua,
684 2749 762 2825 sive
793 2757 832 2823 ut
862 2745 975 2848 vulgo
997 2756 1148 2823 vocatur
1168 2743 1336 2849 Coptica,
1369 2746 1413 2823 ob
1442 2745 1588 2825 eruditis
1615 2745 1748 2850 aliquot

373 2878 617 2957 commendata
651 2890 725 2981 est,
757 2890 923 2981 tanquam
959 2877 1004 2955 ad
1035 2890 1158 2956 vetera
1179 2879 1339 2983 Aegypti
1372 2893 1622 2982 monumenta,
1656 2880 1747 2957 cba-

373 3025 603 3116 racteresque
637 3016 732 3090 saxis
768 3023 804 3090 et
837 3011 1005 3089 obeliscis
1038 3012 1234 3114 insculptos
1268 3013 1457 3114 plurimum
1489 3013 1579 3090 lucis
1618 3011 1747 3090 afferre
1866 3033 1871 3036 ·

372 3157 516 3248 posset,
555 3170 636 3223 cum
671 3145 727 3221 illa
752 3155 885 3222 tantum
919 3145 1047 3222 utilitas
1081 3170 1126 3222 ex
1161 3171 1202 3222 ea
1237 3149 1414 3248 capiatur,
1455 3145 1552 3250 quod
1585 3150 1747 3250 antiquas

371 3303 484 3358 voces
517 3277 704 3356 nonnullas
737 3303 758 3353 a
789 3276 1031 3379 Scriptoribus
1066 3275 1213 3357 Graecis
1247 3291 1499 3382 conservatas,
1545 3279 1589 3356 ad
1623 3305 1747 3357 veram

373 3435 472 3490 suam
509 3414 685 3515 originem
717 3410 858 3489 reierat.
918 3408 1050 3488 Lexica
1086 3410 1192 3515 hujus
1235 3414 1380 3517 linguae
1430 3424 1465 3491 et
1506 3412 1747 3516 imperfectis-

340 3549 459 3628 ·sima
494 3556 597 3647 sunt,
628 3556 664 3622 et
703 3569 749 3621 ex
770 3542 1033 3622 Ecclesiasticis
1069 3543 1167 3624 libris
1201 3558 1383 3624 contexta:
1418 3549 1495 3649 ipsa
1526 3547 1648 3650 lingua
1681 3571 1747 3647 per

372 3703 413 3756 se
445 3676 618 3780 difficilis,
665 3677 821 3756 cultores
863 3676 934 3756 huc
973 3655 1112 3781 usque'
1130 3681 1365 3781 paucissimos
1407 3677 1538 3756 habuit.
1623 3679 1747 3781 ltaque

372 3823 532 3890 tertuum
565 3809 797 3914 Copticorum
831 3810 959 3912 editio,
996 3813 1157 3914 quamvis
1192 3809 1344 3911 optanda
1377 3809 1523 3910 luisset,
1557 3823 1596 3889 ut
1627 3834 1747 3887 vene-

372 3943 481 4021 randa
514 3945 570 4023 illa
603 3943 849 4024 Ecclesiarum
882 3955 1109 4022 monumenta
1142 3956 1263 4024 essent
1301 3947 1336 4021 in
1374 3947 1532 4021 omnium
1571 3942 1746 4044 manibuS,

374 4090 409 4156 et
446 4082 524 4156 acui
569 4077 651 4156 inde
694 4092 819 4181 posset
856 4078 1075 4156 eruditorum
1123 4077 1325 4181 diligentia,
1370 4089 1487 4155 tamen
1522 4078 1567 4155 ad
1610 4100 1746 4180 paucos

373 4212 571 4314 spectabat:
606 4216 745 4290 sincera
773 4237 862 4290 vero
891 4211 1128 4315 Liturgiarum
1151 4215 1293 4312 versio,
1327 4208 1514 4289 Orientalis
1540 4210 1746 4312 disciplinae

372 4369 418 4423 ex
448 4349 535 4448 ipsis
569 4345 751 4424 autoribus
782 4345 960 4450 indigenis
984 4347 1180 4447 expositio,
1215 4356 1250 4422 et
1277 4345 1456 4447 aliaquae
1479 4344 1550 4422 hoc
1576 4347 1746 4445 inopere

371 4483 573 4557 necessaria
599 4491 700 4582 sunt,
738 4479 784 4557 ad
813 4504 939 4558 omnes
962 4483 1149 4581 pertinent.
1195 4478 1253 4556 De
1275 4480 1563 4579 interpretatione
1582 4477 1745 4580 judicare

370 4615 474 4713 pauci
495 4611 687 4691 admodum
714 4625 883 4716 possunt:
919 4613 1076 4716 reliquos
1100 4615 1300 4691 existimare
1325 4623 1483 4714 oportet,
1516 4615 1746 4716 interpretem

372 4743 491 4825 oliicio
532 4771 599 4826 suo
643 4747 801 4825 iunctum
837 4745 970 4848 fuisse,
1026 4745 1143 4824 donec
1182 4745 1482 4847 hallucinationis,
1535 4757 1595 4822 aut
1632 4745 1745 4822 malae
1777 4799 1785 4806 »

370 4875 453 4954 fidei
491 4903 576 4957 reus
617 4879 912 4960 demonstretur:
941 4905 1010 4957 nec
1056 4879 1159 4957 facile
1201 4881 1394 4982 suspicari,
1439 4903 1484 4956 eo
1529 4903 1745 4982 quemquam

368 5011 534 5090 stultitiae
569 5012 779 5116 devenisse,
815 5026 855 5093 ut
892 5012 1055 5092 fraudem
1082 5016 1117 5091 in
1137 5013 1249 5116 longo
1273 5037 1385 5117 opere
1407 5011 1601 5091 lectoribus
1625 5011 1745 5091 facere
