4736 6064
677 651 755 724 468
809 647 1115 728 destitutiones
1128 651 1181 727 lo
1199 649 1377 728 OFFICIUM
1392 649 1515 729 ORDIN.
1533 652 1640 728 Ptin
1658 650 1922 730 ALEXANDRINI.

678 822 774 917 magis
797 834 834 897 cd
864 850 1049 896 communem
1072 833 1309 899 Christianorum
1332 833 1519 916 Coptitarum
1548 854 1614 900 rem
1641 836 1830 919 pertinebat,
1860 854 1950 917 quam
1979 838 2045 918 ejus

679 935 863 1016 designatio,
888 934 940 1014 qui
962 933 1090 994 omnium
1113 933 1201 997 Pater
1223 942 1254 997 et
1275 951 1434 1016 supremus
1457 953 1614 999 sacrorum
1636 938 1804 1016 interpres,
1828 953 2047 1018 causarumque

677 1033 957 1096 Ecclesiastioarum
975 1030 1071 1112 judex
1092 1049 1163 1096 esse
1186 1031 1320 1096 deberet.
1362 1034 1445 1096 illam
1468 1053 1588 1117 quoque
1611 1045 1712 1099 notam
1734 1034 1871 1098 omuibus
1894 1054 1965 1100 esse
1987 1055 2047 1098 vo-

678 1134 816 1212 luerunt,
845 1132 901 1196 sed
931 1130 1030 1194 veteri
1060 1130 1216 1212 disciplina
1245 1141 1384 1212 servata,
1414 1152 1471 1214 per
1493 1135 1772 1216 interpretationem
1793 1135 1895 1218 lingua
1917 1135 2046 1218 vulgari,

678 1233 751 1294 satis
773 1230 890 1295 utilitati
911 1230 1009 1312 plebis
1032 1231 1200 1293 consultum
1223 1249 1293 1294 esse
1311 1232 1535 1314 judicaverunt.

765 1331 849 1403 Quae
872 1336 1067 1412 superessent
1091 1329 1292 1406 observanda,
1315 1351 1381 1396 cum
1403 1351 1464 1394 non
1474 1332 1688 1396 Alexandrinis
1711 1332 1876 1416 singularia
1898 1333 1968 1408 sint,
1991 1333 2047 1396 sed

678 1429 898 1494 Pontificalibus
922 1428 1159 1510 quibuscumque
1181 1428 1426 1494 Ordinationibus
1450 1433 1634 1510 communia,
1663 1431 1945 1513 praetermittimus,
1976 1434 2047 1512 quia

677 1545 732 1591 suo
755 1530 823 1592 loco
847 1529 1018 1592 accuratius
1041 1527 1280 1610 explicabuntur.
1315 1530 1361 1593 De
1374 1533 1516 1596 unctione
1537 1530 1727 1602 Patriarohae
1750 1529 1950 1594 Alexandrini
1972 1532 2046 1596 nibil

675 1629 708 1689 in
730 1628 787 1691 hoc
810 1628 975 1692 Pontifioali
997 1628 1223 1708 praescribitur,
1246 1636 1278 1692 et
1301 1647 1374 1692 sane
1395 1631 1476 1694 ibam
1498 1631 1639 1714 ignorent
1660 1629 1842 1704 Orientales,
1866 1647 1927 1691 non
1949 1633 2046 1695 minus

675 1729 707 1790 in
734 1727 953 1810 Episcoporum
983 1745 1071 1808 quam
1098 1728 1128 1788 in
1156 1727 1405 1809 Presbyterorum
1436 1729 1694 1806 Ordinationibus,
1730 1736 1762 1790 ut
1796 1729 1898 1791 docuit
1931 1731 2047 1810 pridem

676 1827 810 1890 Joannes
839 1827 988 1890 blorinus:
1017 1845 1116 1908 neque
1143 1826 1333 1890 Pontificales
1362 1829 1430 1892 libri
1459 1837 1581 1893 veteres
1612 1837 1662 1892 aut
1685 1829 1892 1906 recentiores,
1914 1829 2047 1910 Symeon

677 1926 957 1990 Thessalonicensis
986 1934 1037 1990 aut
1069 1927 1118 1990 alii
1143 1926 1223 1989 illius
1253 1928 1465 2005 meminerunt,
1495 1947 1621 2010 eamque
1650 1934 1824 2009 usurpatam
1854 1927 1923 1989 olim
1950 1927 2046 1992 luisse

386 2024 438 2075 fil·
448 2025 473 2075 ⁶·
486 2042 508 2077 ⁶·
522 2025 546 2078 ¹·
557 2026 587 2076 de
595 2043 662 2076 sacr.
677 2034 770 2110 negat
797 2027 959 2090 Arcudius.
1002 2027 1078 2089 Nam
1106 2025 1187 2107 quod
1216 2025 1354 2089 dubitare
1385 2029 1467 2090 visus
1498 2036 1563 2107 est,
1596 2025 1735 2091 inductus
1765 2027 1935 2090 testimonio
1966 2028 2046 2092 Jobii

352 2111 439 2162 ⁰'d''”·
448 2111 558 2163 aaaron
567 2111 593 2164 ⁶·
603 2129 625 2162 ⁶·
637 2114 663 2167 ¹·
675 2126 815 2190 Monachi
837 2127 950 2189 autoris
973 2125 1110 2206 obscuri,
1140 2143 1178 2188 an
1200 2125 1361 2206 aliquando
1384 2145 1457 2190 usus
1479 2126 1556 2190 illius
1585 2127 1692 2204 luerit,
1723 2126 1845 2193 oinium
1867 2125 1909 2188 illi
1932 2126 2045 2206 tribuit,

674 2226 785 2290 bomini
814 2227 954 2308 imperito
987 2225 1060 2288 nibil
1082 2227 1177 2288 minus
1199 2244 1288 2306 quam
1312 2223 1486 2310 theologo,
1516 2234 1547 2289 et
1575 2244 1663 2308 quem
1686 2225 1877 2309 insigniores·
1893 2224 2043 2308 Tbeologi

675 2333 725 2389 aut
746 2327 964 2408 ignoraverunt
986 2332 1036 2388 aut
1062 2333 1304 2402 contemserunt,
1333 2343 1401 2388 oum
1426 2327 1479 2389 vix
1508 2344 1618 2389 nomen
1641 2325 1707 2406 ejus
1730 2327 1761 2386 in
1782 2324 1901 2387 illorum
1924 2325 2045 2405 scriptis

674 2433 824 2489 occurrat.
868 2425 963 2488 blulto
984 2423 1126 2500 inferior,
1157 2423 1207 2487 vel
1229 2424 1309 2487 nulla
1332 2426 1431 2506 potius
1453 2424 1590 2489 habenda
1614 2432 1660 2488 est
1683 2425 1828 2486 autoritas
1850 2423 2045 2504 perditissimi

673 2526 831 2588 nebulonis
845 2525 950 2607 Cyrilli
972 2524 1107 2602 Lucanis,
1131 2525 1182 2605 qui
1204 2525 1235 2587 iu
1257 2523 1392 2606 Epistola
1415 2524 1493 2587 bene
1515 2525 1607 2608 longa
1629 2523 1667 2586 ad
1691 2525 1837 2587 loannem
1850 2523 2045 2604 Utenbogar·

674 2626 757 2704 dum,
787 2624 976 2688 Patriarebas
1005 2623 1242 2686 Alexandrinum
1273 2631 1303 2686 et
1332 2623 1634 2705 Hierosolymitanum
1666 2621 1837 2686 Chrismatc'
1865 2623 1929 2684 sive
1957 2623 2045 2703 Myro

674 2725 747 2807 ungi
775 2724 876 2786 solere
905 2729 1032 2795 testatus
1062 2731 1118 2786 est.
1163 2721 1245 2785 lllam
1277 2723 1442 2805 Epistolam
1473 2723 1559 2805 cujus
1590 2722 1728 2803 exempla
1759 2721 1809 2784 diu
1837 2721 1917 2784 inter
1938 2737 2044 2784 manus

672 2823 904 2886 Protcstantium
923 2823 1035 2904 jactata
1057 2830 1141 2901 sunt,
1172 2830 1241 2884 ante
1269 2823 1378 2887 multos
1401 2841 1496 2886 annos
1518 2823 1647 2900 editam,
1677 2821 1757 2884 inter
1787 2820 1861 2884 alias
1883 2819 2044 2884 lllustrium

673 2923 823 3001 Virorum,
845 2930 985 3004 unquam
1007 2940 1126 3001 novam,
1149 2931 1179 2985 et
1201 2942 1242 2986 ex
1263 2921 1433 2986 authentico
1448 2922 1629 3005 descriptam
1648 2939 1745 3002 nuper
1760 2920 2043 3002 publicavitAutor,
2134 2969 2137 2974 .

672 3025 698 3086 si
728 3023 795 3104 quis
823 3040 952 3103 unquam
981 3022 1037 3086 luit
1063 3023 1301 3104 imperitissimus
1324 3021 1508 3086 Graecarum
1534 3039 1637 3104 rerum
1664 3020 1962 3097 Ecclesiasticarum,
1992 3021 2044 3101 qui

672 3123 830 3205 splendido
852 3121 1109 3185 documentorum
1130 3122 1368 3186 authenticorum
1390 3122 1475 3185 titulo
1498 3121 1681 3203 farraginem
1704 3138 1787 3210 suam
1810 3121 1970 3199 inscripsit.
2009 3117 2043 3182 ln

672 3223 776 3286 eadem
798 3221 890 3286 mirlta
912 3230 982 3284 sunt
1004 3239 1101 3302 aeque
1122 3221 1209 3301 falsa,
1232 3239 1310 3302 quae
1328 3239 1470 3286 summam
1482 3221 1586 3303 Cyrilli
1600 3219 1800 3304 ignorantiam
1820 3221 1892 3282 satis
1916 3218 2044 3280 demon-

672 3329 784 3401 strant,
816 3323 901 3404 cujus
927 3323 1121 3403 probationes
1151 3323 1334 3386 certissimas
1365 3323 1500 3385 dedimus
1524 3321 1603 3384 alibi.
1650 3319 1725 3384 Cum
1745 3337 1822 3380 vero
1845 3317 1883 3380 ad
1905 3317 2064 3380 Utenbo-·

671 3422 796 3506 gordum
809 3421 969 3501 scriberet,
994 3421 1205 3486 Calvinismum
1219 3423 1260 3487 ita
1282 3423 1391 3486 leviter
1412 3422 1639 3504 degustaverat,
1661 3425 1694 3482 ut
1717 3420 1749 3502 in
1769 3418 1869 3480 multis
1884 3418 2043 3482 Ecclesiae

672 3521 807 3584 Graecae
829 3519 917 3584 fidem
939 3528 1091 3602 tueretur,
1122 3522 1152 3584 in
1180 3521 1239 3585 illis
1261 3523 1389 3584 maxime
1418 3521 1526 3596 rebus,
1557 3537 1634 3601 quae
1662 3518 1901 3580 Protcstantibus
1930 3535 2043 3600 graves

671 3619 748 3682 adeo
755 3619 908 3700 judicatae
919 3628 998 3700 sunt,
1022 3629 1056 3684 ut
1067 3620 1241 3696 ¹secedendi
1257 3621 1294 3683 ab
1308 3622 1446 3686 Ecclesia
1459 3619 1612 3684 catholica
1630 3635 1761 3695 oausam,
1777 3627 1809 3679 ut
1822 3616 2043 3696 existimabant,

671 3719 864 3784 sufficientem
887 3720 1033 3783 dederint.
1077 3721 1139 3785 illis
1161 3723 1192 3784 in
1214 3721 1289 3786 loois
1312 3721 1438 3785 lacunae
1460 3721 1563 3802 plures
1587 3724 1766 3795 occurrunt,
1790 3734 1852 3779 non
1875 3718 1912 3780 ab
1936 3723 2044 3780 autore

671 3829 722 3883 aut
743 3837 826 3896 casu,
849 3819 905 3884 sed
919 3826 1005 3884 certo
1023 3821 1149 3884 consilio
1172 3822 1358 3903 interjectae,
1381 3838 1461 3902 quae
1482 3818 1589 3882 malam
1611 3817 1700 3880 iidem
1722 3816 1873 3879 editorum
1895 3816 1969 3878 satis
1990 3814 2042 3877 in-

672 3921 780 3983 dicant.
826 3918 900 3983 Cum
922 3937 996 3982 vero
1020 3918 1125 4001 Cyrilli
1148 3921 1349 4002 ignorantiam
1379 3920 1450 3983 alibi
1479 3917 1571 3984 certis
1601 3917 1786 3999 argumentis
1810 3913 2042 3980 demonstrave-

674 4021 777 4110 rimus,
799 4019 929 4082 maxime
944 4021 974 4080 in
992 4019 1084 4082 rebus
1108 4021 1333 4105 vulgatissimis,
1357 4040 1395 4084 ne
1417 4021 1469 4084 tali
1492 4017 1652 4083 autoritate
1675 4017 1831 4097 quisquam
1853 4017 1884 4078 iu
1906 4032 2045 4079 errorem

674 4111 849 4202 inducatur,
870 4141 932 4185 non
954 4128 1001 4184 est
1022 4121 1222 4185 metuendum.
