4736 6064
717 590 801 670 situ
828 587 957 668 ottob
982 589 1226 668 UNIVERSALIS
1252 590 1480 670 submotum.
1704 588 1779 664 475

900 897 935 970 2.
981 895 1101 968 Oratio
1128 897 1301 972 illationis.

521 1103 664 1175 Domine
689 1101 782 1175 Deus
808 1113 923 1176 noster
950 1107 1005 1199 qui
1030 1105 1206 1198 suscepisti
1232 1101 1428 1176 sacrificium
1454 1099 1545 1176 Abel
1577 1106 1612 1175 in
1636 1103 1782 1199 planitie,

417 1217 494 1292 Noe
519 1220 554 1289 in
580 1240 671 1307 mea,
697 1215 854 1290 Abrabae
878 1222 913 1290 iu
938 1222 1111 1292 cacumine
1136 1220 1269 1306 montis,
1295 1217 1391 1291 Eliae
1416 1220 1449 1289 in
1475 1227 1586 1290 monte
1613 1216 1783 1308 Carmelc,

418 1333 559 1409 Davidis
584 1337 619 1404 iu
645 1354 723 1404 arca
750 1333 863 1406 Omen
887 1332 1059 1420 Jebusaei,
1085 1343 1119 1406 et
1143 1335 1266 1405 minuta
1293 1333 1415 1406 viduae
1441 1338 1474 1406 iu
1503 1337 1710 1407 sanctuario:
1737 1336 1782 1404 ita

419 1453 583 1546 suscipias
610 1447 811 1522 oblationem
848 1461 881 1522 et
915 1447 1110 1522 sacrificium
1143 1470 1320 1522 serverum
1351 1457 1501 1536 tuorum,
1535 1449 1623 1545 quod
1657 1448 1782 1521 intude-

418 1577 494 1640 ruut
519 1567 642 1637 nomini
668 1574 724 1636 turc
751 1573 878 1654 sancte,
905 1568 1013 1660 sitque
1039 1569 1072 1636 iu
1098 1568 1328 1638 remissionem
1355 1576 1568 1662 peccaterum
1595 1585 1723 1654 eorum,
1749 1573 1784 1636 ει

419 1692 633 1779 peccaterum
657 1683 771 1778 populi
795 1684 854 1772 tui,
880 1691 915 1753 ει
939 1682 1085 1755 retribue
1110 1681 1173 1752 illis
1199 1680 1449 1758 retributionem
1475 1680 1616 1772 bonam,
1650 1681 1683 1750 in
1717 1679 1784 1753 boc

421 1809 455 1871 et
488 1808 628 1873 venturo
672 1797 823 1893 saeculo,
863 1820 950 1870 nunc
988 1809 1021 1870 ει
1058 1819 1210 1892 semper,
1248 1807 1282 1868 et
1317 1799 1351 1869 in
1387 1797 1522 1871 saecula
1562 1793 1783 1874 saeculorum.

419 1915 538 1988 Amen.

706 2188 826 2261 Oratio
854 2190 987 2286 quondo
1013 2192 1172 2260 miscetur
1198 2209 1290 2282 aquo
1315 2212 1389 2260 ceno
1414 2192 1502 2261 otoo.

524 2393 655 2470 Christe
682 2399 736 2492 qui
763 2416 847 2466 vere
873 2419 911 2469 es
938 2395 1030 2470 Deus
1056 2405 1183 2485 noster,
1210 2397 1265 2490 qui
1291 2385 1389 2468 ivisti
1408 2394 1452 2468 ad
1466 2397 1596 2492 nuptias
1624 2421 1697 2470 cum
1724 2401 1783 2470 iu-

420 2517 610 2588 vitaverunt
636 2522 669 2586 te
694 2514 728 2583 iu
754 2509 847 2584 Cana
874 2510 1056 2600 Galilaeae,
1083 2510 1351 2607 benedixistique
1377 2511 1442 2584 illis
1469 2522 1503 2585 et
1528 2512 1636 2587 iecisti
1663 2536 1784 2608 aquam

420 2633 552 2719 viuum;
578 2634 622 2703 ite
648 2628 703 2703 iac
730 2628 805 2702 huic
830 2630 910 2702 vino
936 2631 1109 2725 proposito
1136 2649 1252 2700 coram
1278 2650 1355 2718 me,
1382 2628 1523 2702 benedic
1556 2638 1589 2702 ει
1615 2629 1783 2704 sanctifica

419 2745 510 2837 illud,
536 2756 571 2820 ut
596 2749 639 2819 sit
662 2749 696 2818 in
721 2745 891 2837 laetitiam,
917 2745 1166 2833 extdtaticuem,
1193 2755 1227 2816 et
1252 2747 1354 2816 vitam
1389 2744 1559 2820 animabus
1591 2756 1626 2817 et
1652 2767 1783 2843 corpo-

419 2863 511 2936 ribus
545 2866 686 2953 nostris,
726 2882 924 2955 semperque
962 2863 1028 2933 sint
1064 2858 1239 2932 nobiscum
1270 2861 1388 2951 Pater,
1422 2861 1526 2935 Filius
1568 2872 1601 2934 ει
1639 2861 1782 2958 Spiritus

420 2987 571 3054 sauctus:
597 3001 706 3074 nequte
732 2981 819 3050 euim
843 2976 942 3050 nobis
968 2985 1021 3049 cst
1046 2975 1129 3050 alius
1154 2976 1246 3048 Deus
1272 2986 1406 3071 praeter
1424 2985 1475 3050 te.
1517 2975 1625 3074 Reple
1651 3001 1783 3074 queque

420 3099 533 3169 uuum
558 3095 645 3168 istud
680 3093 881 3166 exrdtationc
915 3103 948 3164 et
972 3090 1117 3183 laetitia,
1153 3092 1196 3164 ad
1227 3095 1441 3183 suavitatem,
1473 3095 1595 3183 vitam,
1631 3093 1783 3182 salutem,

419 3209 639 3306 prudentiam,
665 3219 699 3282 ει
723 3207 896 3282 consilium
922 3208 1064 3305 Spiritus
1091 3209 1217 3298 saucti;
1244 3229 1330 3280 nuuc
1356 3218 1390 3280 et
1415 3229 1560 3305 semper,
1586 3210 1671 3280 etin
1698 3233 1782 3284 sae-

421 3326 538 3398 crdum.
591 3327 710 3400 Amen.
1138 3391 1144 3404 .
1225 3403 1226 3408 ,

523 3441 722 3515 Benedictus
749 3440 910 3514 Dominus
935 3440 1029 3514 Deus
1055 3442 1160 3530 Pater
1183 3443 1401 3538 omnipotens.
1453 3439 1651 3513 Benedictus
1678 3439 1782 3545 Filius

419 3560 606 3650 unigenitus
632 3557 732 3630 lesus
759 3553 920 3647 Christus,
953 3559 1008 3652 qui
1033 3565 1130 3638 uatus
1166 3568 1218 3632 εει
1249 3556 1291 3628 de
1322 3555 1430 3629 Maria
1459 3557 1610 3650 Virgine.
1663 3559 1782 3630 Dene-

420 3674 525 3748 dictus
552 3673 694 3770 Spiritus
719 3671 903 3746 Paraclitus
928 3674 1021 3745 Deus
1048 3684 1174 3762 noster,
1201 3674 1317 3769 quibus
1331 3674 1433 3764 Patri,
1460 3683 1494 3746 et
1519 3674 1615 3762 Filio,
1643 3686 1677 3746 ει
1696 3672 1794 3770 Βρίῑ

419 3794 494 3863 ritui
520 3799 636 3863 sancto
662 3811 745 3862 vcra
771 3799 922 3883 potestas
949 3791 1060 3862 estin
1086 3788 1221 3880 saecula
1248 3789 1465 3862 saeculorum.
1516 3790 1636 3863 Amem

522 3906 652 3978 Postea
677 3911 811 3998 repetet
835 3927 937 3998 sopor
964 3905 1105 3977 calicem
1132 3905 1336 3977 Orationem.
1380 3904 1522 3978 Domine
1547 3905 1640 3979 Deus
1667 3917 1782 3980 uester

421 4025 476 4118 qui
501 4024 688 4118 suscepisti,
715 4029 777 4096 etc.
835 4021 879 4092 tlt
903 4044 1010 4114 sopra
1035 4025 1072 4093 in
1098 4021 1272 4117 offerendo
1298 4021 1452 4094 boetiam.

522 4137 621 4209 Dicit
653 4137 829 4211 Sacerdos
859 4138 1030 4208 contendo
1073 4144 1107 4210 et
1140 4138 1352 4210 ectmtdffldo
1384 4137 1517 4232 palm
1549 4159 1697 4228 surm,
1730 4139 1783 4208 ito

420 4259 531 4324 tornea
558 4252 648 4346 qood
673 4259 776 4345 capnt
800 4275 870 4324 non
897 4253 1076 4326 accedant.

521 4366 614 4440 Unus
641 4365 741 4440 Pater
766 4380 913 4460 sauctus,
938 4391 1022 4444 unus
1047 4369 1151 4444 Filius
1178 4381 1324 4461 sanctus,
1350 4393 1434 4444 unus
1462 4379 1513 4445 est
1537 4367 1679 4464 Spiritus
1696 4391 1781 4442 sau-

419 4493 501 4556 ctus.
553 4482 702 4555 Laudate
727 4485 904 4559 Dominum
931 4507 1046 4560 omnes
1072 4497 1203 4580 gentes,
1229 4486 1361 4560 laudate
1395 4510 1470 4559 eum
1505 4507 1621 4558 omncs
1654 4485 1781 4581 populi:

420 4599 574 4694 quoniam
600 4598 793 4674 confirmata
820 4613 872 4674 cst
898 4623 999 4699 super
1025 4625 1088 4677 uos
1115 4603 1340 4676 misericordia
1365 4607 1457 4696 ejus,
1490 4611 1524 4674 ει
1549 4605 1675 4674 veritas
1701 4604 1781 4676 Do-

419 4717 498 4786 mini
523 4724 634 4786 manet
659 4716 693 4786 in
719 4727 898 4789 aeternum.
952 4715 1066 4791 Gloria
1092 4717 1195 4808 Patri,
1221 4727 1256 4790 et
1280 4717 1387 4808 Filio,
1420 4727 1454 4790 ct
1479 4716 1614 4815 Spiritui
1645 4730 1780 4810 sancto,

419 4852 506 4904 nuuc
532 4840 567 4904 ει
592 4852 737 4926 semper,
763 4840 797 4905 ει
821 4835 854 4904 iu
881 4832 1016 4908 saecula
1043 4834 1260 4908 saeculorum.
1311 4836 1430 4909 Amen.

522 4947 700 5019 Diocomu
725 4949 817 5019 dicit.
869 4949 1004 5044 Surgite
1031 4950 1072 5023 ad
1100 4951 1301 5024 Orationem.

521 5061 704 5135 Sacerdos.
730 5063 804 5135 Pax
831 5065 930 5144 vobis
957 5067 1119 5142 omnibus.

456 5201 539 5245 Tollius
550 5203 565 5246 l.
