4736 6064
672 425 757 504 SIVE
783 422 914 504 OANON
939 422 1185 502 UNIVERSALIS
1213 419 1442 518 nutfflootn.
1663 421 1740 510 483,

398 693 401 699 ,
474 611 635 704 Populos.
688 609 796 708 llyrie
819 609 956 684 eleison.

472 726 657 799 Sacerdos.
710 726 785 798 Pax
810 725 910 799 vohis
938 724 1098 800 omnihus.

472 841 635 936 Papulae.
686 840 731 913 Et
757 863 831 912 cum
857 843 974 937 spiritu
999 850 1067 914 tuo.

473 956 658 1029 Sacerdos.
710 955 854 1028 Domine
879 958 972 1029 Deus
998 968 1115 1030 noster
1139 957 1223 1030 lesu
1250 955 1395 1046 Christe,
1422 957 1478 1050 qui
1504 954 1616 1028 dixisti
1633 954 1741 1028 disci-

369 1072 455 1170 pulis
482 1074 546 1145 tuis
573 1074 714 1158 sanctis,
743 1080 776 1142 et
800 1070 975 1166 Apostolis
998 1074 1062 1145 tuis
1095 1075 1205 1168 puris,
1241 1073 1397 1167 quoniam
1428 1068 1519 1144 multi
1551 1069 1742 1166 Prophetae

370 1198 405 1261 et
426 1191 508 1281 justi
535 1186 812 1260 desideraverunt
836 1184 955 1257 videre
982 1207 1068 1280 quae
1094 1187 1232 1276 videtis,
1259 1198 1294 1258 et
1318 1208 1386 1259 uon
1412 1184 1583 1274 viderunt,
1615 1194 1649 1258 et
1674 1206 1741 1288 an·-
1845 1231 1848 1246 ‚

371 1301 443 1375 dira
470 1325 557 1398 quae
584 1301 719 1374 audistis
747 1309 781 1371 et
805 1322 873 1373 nou
909 1299 1097 1373 audieruut:
1130 1297 1362 1396 similiterque,
1394 1299 1485 1373 heati
1517 1299 1605 1373 oculi
1635 1301 1743 1376 vestri

371 1419 426 1514 qui
451 1416 618 1507 viderunt,
644 1425 678 1488 et
705 1435 804 1486 aures
829 1424 967 1486 vestrae
994 1439 1080 1510 quae
1107 1415 1296 1489 audieruut:
1323 1437 1386 1489 uos
1414 1419 1514 1488 etiam
1540 1415 1661 1508 digama
1686 1414 1742 1487 iac

370 1541 406 1604 ut
432 1532 603 1604 audiamus
630 1541 665 1603 et
694 1528 853 1604 faciamus
887 1529 994 1602 verha
1028 1530 1208 1624 Evangelii
1240 1533 1285 1602 tui
1317 1533 1442 1621 sancti,
1476 1553 1539 1626 per
1571 1534 1742 1604 orationes

370 1659 561 1722 sauctorum
589 1654 727 1719 tuorum.

474 1763 662 1834 Diaconos.
715 1759 819 1832 Orate
845 1782 907 1855 pro
933 1759 1123 1852 Evangelio
1149 1772 1277 1837 sancto.

470 1877 645 1949 Sacerdos
671 1881 851 1969 antequam
876 1876 1011 1969 lepotar
1036 1876 1259 1973 anapeliam
1285 1877 1380 1948 dicit.
1432 1873 1635 1948 Benedicam
1662 1870 1744 1945 Do-¹

369 1996 491 2067 minum
517 1995 550 2064 in
578 1993 861 2086 omnitempore,
896 2013 1030 2086 semper
1056 1991 1129 2066 laus
1157 1994 1230 2086 ejus
1258 1995 1292 2065 iu
1318 2014 1379 2066 ore
1405 2014 1497 2065 meo:
1529 1995 1564 2063 in
1596 1989 1743 2096 Domine

368 2107 556 2181 laudabitur
582 2109 689 2178 amma
715 2128 799 2177 mea.
852 2105 1013 2194 Alleluia,
1039 2107 1203 2199 Alleluia,
1237 2108 1392 2182 Alleluia.
1445 2107 1598 2200 surgite,
1632 2106 1742 2178 audite

368 2222 590 2316 Evangelium
617 2229 787 2312 sanctum,
813 2220 1070 2317 praedicationis
1097 2224 1231 2298 Domini
1258 2235 1292 2297 et
1318 2223 1497 2296 salvatoris
1528 2217 1634 2296 nostri
1659 2221 1741 2294 lesu

372 2335 502 2411 Christi.

472 2451 656 2524 Sacerdos.
708 2451 878 2556 Memento
915 2452 1013 2524 eham
1043 2453 1186 2526 Domine
1219 2476 1336 2527 eorum
1369 2456 1424 2549 qui
1455 2455 1622 2550 petierunt
1655 2475 1740 2528 ora-

369 2571 478 2642 tiones
505 2578 539 2640 et
565 2567 818 2663 deprecationes
845 2565 888 2638 ad
914 2576 947 2639 te
973 2578 1117 2642 nostras.
1170 2567 1343 2662 Rogamus
1371 2591 1503 2666 quoque
1529 2577 1564 2642 te
1585 2571 1740 2659 Domine,

369 2705 431 2782 pro
458 2682 523 2756 illis
550 2685 607 2777 qui
630 2682 760 2778 pridem
786 2682 1017 2756 domuitionem
1033 2695 1245 2781 acceperuut,
1272 2693 1307 2757 ut
1323 2689 1473 2779 requiem
1488 2683 1553 2756 illis
1568 2683 1741 2780 praestes:

368 2796 516 2872 infirmos
543 2799 643 2870 etiam
669 2818 763 2888 sana,
790 2800 866 2892 quia
892 2809 927 2870 tu
954 2821 992 2870 es
1019 2800 1088 2871 vita
1115 2809 1149 2872 et
1175 2821 1255 2896 spes
1272 2801 1416 2872 omnium
1432 2805 1593 2887 noshrun,
1619 2821 1741 2872 resur-

368 2903 474 2986 rec'tio
502 2923 536 2984 et
561 2915 744 3008 protectio:
780 2912 905 3008 tibique
938 2915 1121 3005 gratiarum
1155 2919 1320 2987 actionem
1353 2914 1538 2989 referemus
1565 2937 1671 3010 usque
1698 2903 1748 2985 ad

369 3028 457 3102 coeli
483 3027 634 3102 sublimia
661 3031 693 3098 in
720 3027 855 3101 saecula
874 3022 1100 3126 {saeculorum
1153 3030 1273 3102 Amen.

473 3144 649 3216 Sacerdos
674 3163 858 3214 conuersas
883 3144 931 3213 ad
951 3144 1113 3236 papulam
1133 3144 1235 3216 dicet.
1269 3144 1430 3219 Dominus
1457 3145 1602 3241 desuper
1627 3143 1740 3216 hene-

370 3259 547 3333 diotiouom
572 3262 678 3331 mittat
704 3279 805 3355 super
836 3280 901 3331 uos
936 3280 1063 3348 omues,
1099 3260 1256 3354 populum
1290 3258 1534 3333 Christianum:
1570 3269 1604 3331 et
1638 3259 1740 3332 iaciat

368 3377 535 3478 munitum
561 3384 710 3450 nostrum
735 3377 769 3446 iu
794 3373 858 3446 hac
883 3372 1037 3447 Ecclesia
1064 3385 1197 3466 sancta,
1229 3397 1295 3448 uua
1327 3397 1401 3448 eum
1427 3374 1569 3467 Angelis
1605 3376 1739 3462 sanetis,

369 3493 425 3585 qui
455 3488 502 3562 illi
527 3490 669 3584 subjecti
696 3500 772 3563 suut
798 3511 951 3585 semper,
986 3497 1020 3560 et
1054 3487 1241 3580 glorificant
1275 3513 1349 3562 eum
1385 3491 1474 3561 omni
1509 3497 1671 3585 tempore,
1707 3493 1741 3562 iu

369 3605 505 3679 saecula
533 3605 753 3682 saeculorum.
804 3604 924 3678 Amen.
1665 3615 1672 3632 '

472 3721 648 3793 Sacerdos
668 3727 722 3792 ter
743 3724 899 3793 incensat
916 3721 1153 3818 hhraapeliam,
1175 3727 1210 3792 et
1227 3722 1497 3792 tancaooaatiat
1512 3718 1597 3790 iliad
1610 3719 1740 3813 populo

372 3836 500 3908 dicens.
557 3835 780 3928 Evangehum
825 3845 975 3912 sanctum
1000 3837 1096 3934 'pquod
1132 3837 1344 3934 praedicavit
1380 3845 1437 3908 aut
1462 3837 1673 3907 aununtiavit
1697 3833 1739 3905 N.

369 3952 511 4026 verbum
537 3949 613 4023 Filii
638 3952 713 4025 Dei.

378 4110 382 4120 ,
472 4067 634 4160 Populos.
688 4065 803 4140 Gloria
830 4068 889 4141 tihi
915 4071 958 4142 sit
983 4090 1117 4164 semper
1144 4067 1276 4142 Christe
1302 4066 1445 4142 Domine
1478 4075 1513 4140 et
1544 4065 1637 4138 Deus
1669 4086 1739 4135 no-

367 4190 446 4254 ster.
509 4181 666 4255 Exultate
702 4182 776 4256 Deo
816 4183 959 4276 adjutori
996 4193 1129 4272 nostro,
1168 4183 1307 4276 juhilate
1342 4182 1418 4256 Deo
1453 4179 1578 4255 Jaooh:
1622 4183 1740 4254 suudte

365 4295 527 4392 psalmum
555 4308 589 4370 et
615 4298 690 4371 date
718 4309 921 4397 tympanum,
947 4299 1140 4395 psalterium
1162 4299 1342 4393 jucundum
1369 4322 1443 4371 oum
1469 4297 1605 4371 cithara.

467 4411 557 4484 Post
576 4413 755 4487 lectionem
779 4414 972 4507 anapelii,
990 4414 1143 4508 Populea
1167 4414 1260 4486 dicit.
1303 4412 1482 4489 Cherubim
1507 4423 1541 4486 et
1566 4409 1740 4507 Seraphim

368 4549 499 4602 sursum
525 4531 653 4600 mittunt
678 4533 711 4602 ei
737 4528 889 4622 gloriam.
1165 4571 1170 4580 ·
1408 4604 1412 4613 ,

477 4645 570 4716 Tuae
596 4645 719 4716 dicent.
763 4645 918 4734 Sanctus,
945 4647 1100 4736 Sanctus,
1128 4647 1270 4721 Sanctus
1297 4649 1522 4744 omnipotens:
1547 4641 1639 4741 pleni
1665 4652 1741 4718 suut

370 4758 457 4832 coeli
484 4769 517 4832 et
542 4769 632 4830 terra
660 4763 836 4832 sanctitate
863 4761 993 4854 gloriae
1020 4766 1102 4855 ejus.

471 4873 659 4946 Diaconos.
713 4873 850 4966 Surgite
878 4876 1140 4951 adorationem.

419 5012 533 5057 nomast.
1477 4995 1525 5065 ’Π
