4686 6060
794 542 1333 644 nunxlrnnruo.
1662 540 1737 614 aso

360 727 610 802 Ecclesiastieis
637 729 803 818 omnibus,
829 727 1044 824 praesidebat
1071 731 1100 800 is
1127 751 1227 823 quem
1252 732 1421 801 seniorem
1434 726 1640 824 Episcopum
1666 751 1739 800 vo-

362 842 483 916 cabant
513 843 631 927 fflit
656 845 797 932 Alrbur,
834 847 909 918 sive
937 849 1059 964 Ulpi)
1091 843 1314 931 Mokaddem,
1349 843 1543 939 appellatus.
1602 842 1738 915 Marcus

361 959 550 1056 Episcopus
573 961 723 1049 Balinae,
749 961 899 1033 loannes
914 960 1103 1058 Episcopus
1127 957 1249 1049 Sacae,
1276 960 1431 1032 Sanutius
1457 959 1647 1056 Episcopus
1666 957 1739 1028 bli-

362 1097 461 1165 srae,
492 1077 539 1145 ita
573 1075 731 1172 appellati
763 1077 934 1169 leguntur:
967 1076 1055 1148 uude
1088 1075 1192 1171 liquet
1220 1075 1300 1148 nulli
1325 1074 1519 1172 Episcopeli
1546 1075 1636 1162 sedi,
1670 1077 1738 1146 imo

363 1213 427 1262 neo
453 1189 673 1281 Damiatensi,
700 1215 787 1287 quae
810 1191 1009 1287 Metropolis
1035 1191 1161 1264 titulum
1189 1190 1328 1264 obtinuit
1354 1193 1491 1264 saeculo
1519 1194 1650 1266 circiter
1664 1190 1737 1263 ΧΗ.

363 1305 449 1378 bauo
475 1309 749 1400 praerogativam
776 1306 963 1398 adjunctam
996 1305 1110 1380 fuisse.
1172 1304 1329 1384 Formula
1361 1307 1613 1403 subscriptionis
1648 1305 1737 1402 Epi-

365 1442 543 1517 seoporum
570 1430 642 1492 erat
666 1422 781 1514 lingua
808 1422 949 1518 Coptica
983 1425 1017 1494 in
1050 1421 1137 1494 bunc
1169 1420 1323 1513 modum,
1357 1423 1434 1518 Epo
1468 1421 1513 1493 N.
1545 1421 1740 1515 Episcopus

363 1535 459 1608 rabis
485 1535 530 1606 N.
559 1535 726 1609 Obriatum
752 1541 918 1626 amatis,
946 1541 1121 1610 consecutio
1147 1537 1227 1608 bute
1252 1539 1490 1631 Peepbiemoti.
1542 1539 1624 1611 Post
1646 1537 1739 1634 Epi-

364 1673 488 1748 scopus
515 1650 770 1726 subscribebant
802 1664 871 1726 tres
897 1654 1101 1726 Sacerdotes
1134 1653 1375 1741 Alexandrini,
1415 1663 1449 1725 et
1482 1664 1551 1726 tres
1585 1653 1738 1742 Diaconi,

364 1771 420 1862 qui
444 1765 622 1841 Ecclesiae
648 1767 899 1840 Alexandrinae
927 1769 1061 1843 Clarum
1087 1769 1394 1865 repraesentabant.
1427 1769 1555 1843 blentio
1583 1769 1739 1843 subscri-

362 1885 485 1979 ptionis
512 1883 732 1956 Sacerdotum
758 1893 792 1956 et
815 1884 1042 1959 Diaconorum
1069 1883 1322 1960 nomine'Cleri
1347 1885 1473 1958 Misrae
1505 1909 1567 1961 seu
1594 1883 1739 1959 Cahirae

363 1997 451 2071 nulla
479 2002 633 2071 occurrit.
686 1997 755 2071 Sed
781 2011 859 2096 post
885 2001 1089 2074 Sacerdotes
1116 2011 1151 2074 et
1176 2003 1348 2074 Diaconos
1372 2000 1623 2075 Alexandrinos
1651 2001 1739 2073 sub-

365 2113 534 2187 scribebat
559 2113 824 2187 Arcbimandrita
851 2115 961 2189 Scotis
989 2139 1049 2190 seu
1075 2116 1271 2190 Monasterii
1296 2115 1331 2189 S.
1358 2117 1517 2207 Macarii,
1551 2125 1585 2188 et
1618 2125 1737 2212 postea

363 2229 489 2325 aliquot
512 2228 720 2329 Ἄρχοντες,
753 2252 815 2304 seu
849 2235 1026 2326 primariae
1059 2231 1238 2304 nobilitatis
1270 2236 1357 2304 inter
1389 2232 1516 2306 Laioos
1551 2235 1636 2321 viri,
1671 2240 1740 2302 tam

362 2343 527 2434 Gabinae,
563 2369 659 2442 quam
693 2347 932 2419 Alexandriae.
997 2348 1082 2420 Eum
1118 2352 1153 2420 in
1187 2349 1318 2422 modum
1354 2349 1474 2421 electio
1508 2357 1737 2421 consummata

364 2459 579 2548 censebatur,
607 2471 707 2557 atque
733 2461 798 2536 boc
824 2464 1005 2536 Decretum
1031 2467 1065 2537 in
1090 2466 1178 2539 Acta
1204 2464 1435 2555 referebatur,
1470 2473 1505 2536 et
1537 2461 1738 2536 servabatur

364 2576 541 2648 aKotibo
568 2580 644 2649 eive
670 2581 874 2652 secretario:
908 2603 973 2676 quo
1000 2584 1034 2652 in
1060 2581 1168 2654 officio
1194 2582 1307 2679 plures
1341 2592 1435 2652 erant
1468 2579 1556 2676 apud
1581 2578 1736 2650 Patriar-

364 2691 461 2781 cbas,
488 2713 628 2786 quorum
655 2693 798 2786 dignitas
825 2705 859 2767 et
886 2695 992 2768 officia
1019 2697 1137 2798 eadem
1162 2720 1271 2794 prope
1297 2705 1407 2784 erant,
1436 2718 1476 2769 ac
1502 2694 1737 2792 Syncellorum

364 2807 451 2902 apud
479 2805 875 2906 constantinopolitanos.
935 2811 1115 2885 Debebant
1142 2823 1251 2885 nutem
1279 2814 1469 2910 exemplum
1496 2811 1582 2884 illius
1610 2810 1739 2882 decreti

362 2933 513 3019 paratum
539 2922 685 3017 babere,
721 2937 756 2999 ut
788 2949 834 2999 ex
866 2927 1023 3001 Ambone
1055 2951 1116 3002 seu
1146 2929 1272 3026 pulpito
1303 2930 1475 3022 legeretur
1507 2931 1541 3000 in
1572 2925 1738 3021 frequenti

361 3039 536 3130 Ecclesia,
563 3040 664 3136 paulo
692 3056 868 3140 autequam
895 3045 1067 3118 Ordinatio
1093 3050 1176 3119 novi
1202 3045 1417 3118 Patriarcbae
1442 3042 1678 3118 celebraretur.

467 3155 619 3230 LXXIII.
646 3158 685 3230 Si
711 3158 837 3232 electus
865 3171 956 3233 esset
974 3159 1269 3257 Arcbipresbyter,
1296 3183 1357 3234 seu
1373 3162 1512 3249 Kornos,
1538 3171 1574 3233 ut
1600 3167 1736 3248 vocant,
1777 3155 2060 3258 cenomannorum

253 3311 256 3318 ι
363 3273 474 3342 statim
500 3272 645 3345 ordinari
673 3273 818 3347 debebat
843 3275 1054 3365 Patriarcba,
1081 3275 1148 3349 boo
1174 3287 1227 3350 est
1252 3276 1441 3373 Episcopus
1466 3245 1860 3348 Alexandrinusz⁰⁰¹¹³⁸¹⁰‘

360 3407 475 3481 neque
503 3389 590 3459 enim
617 3401 774 3484 quantun
800 3390 843 3464 ad
869 3390 1095 3464 Ordinationis
1123 3391 1297 3464 solennem
1322 3385 1432 3481 ritum,
1458 3402 1493 3463 et
1519 3390 1625 3464 officia
1651 3413 1737 3488 per-

366 3504 463 3591 tinet,
500 3501 678 3577 observari
712 3516 825 3602 potest
857 3510 891 3577 iu
926 3506 1028 3580 rebus
1063 3511 1265 3581 necessariis
1300 3508 1477 3580 discrimen
1512 3507 1613 3580 ullum
1651 3511 1738 3580 inter

365 3637 573 3692 communem
599 3619 741 3693 formam
768 3622 985 3696 ordinationis
1011 3621 1257 3710 Patriarcbalis,
1284 3632 1319 3694 et
1342 3623 1566 3720 Episcopalis,
1594 3624 1681 3720 quod
1705 3629 1737 3694 in

364 3731 595 3808 Alexandrina
617 3736 772 3811 Ecclesia
799 3738 986 3812 Jacobitiea
1013 3738 1183 3831 singulare
1209 3749 1269 3811 est
1308 3740 1361 3812 Do
1380 3739 1444 3811 illis
1466 3760 1550 3835 quae
1574 3739 1616 3811 ad
1636 3760 1738 3835 porn-

364 3873 443 3945 pam
469 3861 526 3922 aut
552 3856 782 3928 caeremonias
808 3855 985 3951 pertinent,
1012 3865 1069 3926 aut
1088 3853 1224 3926 honoris
1247 3855 1505 3950 amplitudinem,
1533 3864 1631 3951 atque
1652 3855 1738 3928 adeo

361 3975 442 4038 suut
468 3977 565 4039 extra
592 3965 720 4044 οὐσίαν
746 3974 966 4061 sacramenti,
1002 3991 1069 4042 non
1096 3970 1278 4065 loquimur,
1311 3971 1372 4045 sed
1403 3970 1445 4044 de
1477 3974 1581 4066 ipsius
1616 3995 1738 4046 saera-

363 4084 466 4153 menti
498 4083 657 4178 partibus.
721 4085 806 4158 Nam
843 4085 929 4182 apud
963 4085 1200 4174 Nestorianos,
1239 4091 1391 4182 quamms
1426 4087 1577 4184 plerique
1610 4109 1739 4174 eorum,

328 4217 331 4226 ’
366 4199 421 4291 qui
448 4193 696 4273 catholicorum
721 4205 856 4274 nomine
883 4223 1043 4275 summam
1071 4200 1158 4296 apud
1184 4201 1257 4274 illos
1285 4206 1493 4276 autoritatem
1515 4202 1740 4290 obtinuerunt,

363 4313 430 4402 Jam
459 4311 600 4386 ordinati
626 4325 757 4406 essent,
793 4319 915 4413 quippe
949 4319 1006 4411 qui
1039 4327 1134 4389 erant
1166 4317 1304 4390 aliarum
1337 4318 1464 4392 sedium
1490 4317 1652 4415 Episcopi
1684 4327 1742 4390 aut

366 4424 620 4524 Metropolitae,
654 4443 764 4505 tamen
801 4441 835 4504 et
868 4455 1023 4504 manuum
1058 4435 1303 4531 impositionem
1338 4433 1579 4530 suscipiebant,
1614 4444 1647 4505 et
1679 4457 1741 4528 per

297 4643 302 4652 1
365 4539 438 4614 illas
465 4545 587 4639 preces'
614 4545 919 4646 benedicebantur,
953 4571 1039 4643 quae
1065 4553 1100 4621 iu
1123 4551 1364 4624 consecrandis
1389 4549 1567 4647 Episcopis
1600 4554 1740 4646 praeci-

364 4677 464 4751 puam
489 4661 559 4732 vim
585 4659 725 4751 babent,
754 4662 842 4758 quod
869 4685 915 4734 ex
943 4663 1039 4738 editis
1067 4690 1087 4739 a
1122 4670 1197 4740 viro
1226 4665 1421 4740 Clarissimo
1447 4665 1578 4741 Joaune
1604 4665 1739 4738 Morino

366 4770 567 4865 Ritualibus,
595 4778 806 4852 manifestum
832 4791 899 4867 est,
928 4790 961 4852 et
986 4778 1135 4876 pluribus
1162 4805 1209 4854 ex
1235 4784 1384 4856 Historia
1415 4782 1580 4880 exemplis
1611 4783 1741 4864 confir7

366 4899 482 4962 mauu.
542 4893 656 4988 Atque
690 4893 776 4968 baec
813 4895 1020 4969 consuetudo
1061 4921 1082 4970 a
1114 4901 1318 4990 gravissimo
1351 4903 1492 4972 iteratae
1526 4899 1741 4972 ordinationis

363 5018 509 5099 peccato
538 5014 695 5084 excusari
720 5012 907 5086 nullatenus
934 5023 1054 5110 potest.
1108 5013 1223 5104 Simile
1250 5015 1371 5112 aliquid
1405 5014 1529 5088 iactum
1562 5015 1649 5113 apud
1675 5015 1742 5086 Ja-

1453 5133 1534 5207 65*
