4684 6042
740 553 1010 676 sna'onu
1063 598 1373 699 onnunnr.
1615 565 1619 575 ’
1697 605 1743 679 51

734 835 821 906 Atio
848 834 970 907 Oratio
997 839 1189 930 pretiorum
1215 841 1373 911 actionis.

468 1042 630 1138 Respice,
656 1040 813 1130 Domine,
840 1040 884 1113 ad
910 1045 996 1114 istos
1030 1063 1152 1117 servos
1179 1052 1255 1116 tuos
1282 1047 1338 1139 qui
1363 1045 1521 1118 inclinent
1547 1049 1657 1144 capita
1684 1069 1746 1122 suna

367 1181 482 1231 coram
508 1158 617 1251 gioria
643 1169 699 1230 tua
726 1167 862 1232 sancta:
890 1157 1040 1230 concede
1064 1158 1128 1231 illis
1154 1162 1387 1234 remissionem
1413 1171 1630 1257 peccatorum
1657 1183 1745 1237 suo-

364 1297 456 1366 rum,
487 1273 629 1346 benedic
659 1273 736 1347 illos
772 1272 924 1346 omnibus
958 1272 1245 1348 benedictionibus
1278 1275 1519 1372 spiritualibus,
1555 1286 1590 1350 et
1615 1278 1745 1352 custodi

366 1411 429 1462 eos
456 1388 597 1462 dextera
632 1400 688 1462 tua
722 1391 859 1484 potenti.
913 1386 1082 1460 Confirma
1115 1409 1177 1462 eos
1209 1393 1244 1460 in
1279 1390 1454 1464 dilectione
1486 1403 1562 1482 tua3
1594 1397 1746 1490 imprime

365 1510 517 1577 timorem
549 1514 639 1576 tuum
673 1502 831 1577 cordibus
858 1525 994 1592 eorum;
1029 1507 1123 1599 aperi
1156 1497 1274 1578 oculos
1309 1509 1492 1579 animarum
1526 1506 1675 1599 illorum,
1707 1518 1745 1581 ut

364 1620 476 1692 luceat
501 1643 603 1717 super
629 1624 722 1717 ipsos
748 1618 860 1692 lumen
886 1618 1066 1692 divinitatis
1094 1627 1186 1691 tuae:
1213 1624 1340 1693 instrue
1371 1621 1447 1696 illos
1475 1621 1571 1696 donis
1602 1623 1745 1720 Spiritus

363 1739 412 1808 tui
438 1739 559 1809 sancti:
586 1734 754 1822 circumda
781 1757 842 1809 eos
869 1744 1036 1808 armatura
1063 1745 1135 1808 tua:
1164 1737 1295 1808 custodi
1323 1759 1385 1812 eos
1413 1738 1474 1812 sub
1496 1737 1614 1812 umbra
1639 1738 1744 1812 boni-

363 1854 442 1924 tatis
468 1863 563 1925 tuae:
590 1850 697 1923 bbere
734 1873 795 1926 eos
829 1849 870 1922 ab
908 1848 1067 1946 operibus
1100 1849 1196 1922 mulis
1233 1849 1370 1944 diaboli,
1405 1863 1440 1924 et
1466 1863 1604 1926 contere
1631 1859 1742 1926 omnia

365 1989 472 2063 opera
507 1969 601 2059 ejus,
633 1965 694 2040 sub
726 1965 868 2062 pedibus
903 1966 1034 2037 illorum
1069 1964 1243 2038 velociter.
1296 1966 1351 2039 Da
1389 1967 1453 2040 iilis
1496 1978 1533 2039 ut
1570 1969 1745 2064 perficiant

362 2093 544 2179 praecepta
570 2091 627 2154 tua
654 2092 785 2155 sancta:
812 2085 925 2154 insere
951 2079 1016 2156 iliis
1044 2080 1243 2156 desiderium
1268 2079 1433 2155 bonorum
1466 2093 1596 2156 tuorum
1626 2092 1744 2157 aeter-

362 2221 499 2270 norum:
527 2196 634 2269 deduc
661 2219 722 2272 eos
750 2221 770 2270 a
797 2221 882 2294 pace
908 2200 943 2269 in
968 2219 1103 2292 pacem:
1137 2194 1263 2269 robora
1290 2217 1351 2270 eos
1386 2197 1589 2272 exercitibus
1615 2198 1744 2290 Ange-

362 2314 472 2386 lorum
497 2323 628 2385 tuorum
655 2323 860 2386 sauctorum:
897 2311 1057 2410 operibus
1092 2334 1248 2384 manuum
1273 2312 1404 2384 illorum
1437 2312 1597 2386 benedic:
1634 2314 1742 2406 dirige

363 2450 494 2501 omnem
523 2433 674 2502 semitam
700 2449 829 2520 eorum,
857 2439 891 2501 et
916 2451 1001 2520 rege
1028 2432 1132 2500 vitam
1156 2425 1303 2500 illorum:
1336 2426 1418 2520 jube
1446 2451 1532 2523 quae
1559 2429 1623 2502 illis
1649 2429 1743 2503 bona

363 2553 400 2615 ct
426 2546 660 2617 convenientia
687 2555 763 2618 sunt
790 2547 1007 2636 continger03
1034 2552 1069 2614 et
1094 2552 1130 2614 ut
1157 2565 1243 2638 quae
1270 2543 1334 2616 illis
1348 2544 1541 2617 concredita
1566 2554 1642 2618 sunt
1655 2542 1745 2616 bene

362 2670 516 2734 vertant:
543 2682 673 2755 nosque
699 2659 794 2733 simul
821 2682 895 2732 cum
922 2662 1004 2756 ipsis
1032 2658 1123 2751 digni
1157 2657 1337 2748 efficiamur
1365 2663 1475 2752 gratia
1499 2669 1575 2732 tua:
1603 2672 1637 2732 et
1662 2661 1745 2731 mit-

363 2785 471 2849 tamus
498 2775 542 2848 ad
567 2785 601 2846 te
628 2797 759 2849 sursum
785 2773 901 2848 laudes
928 2775 1064 2866 regales
1092 2795 1177 2869 quae
1204 2776 1371 2866 majestati
1398 2785 1474 2847 tuae
1502 2775 1684 2864 debentur3
1711 2783 1747 2847 et

363 2891 514 2963 concede
554 2891 651 2964 nobis
694 2902 730 2964 ut
768 2893 976 2964 inveniamus
1017 2887 1170 2961 fiduciam
1204 2909 1318 2960 coram
1356 2901 1390 2963 te
1423 2913 1485 2986 per
1518 2893 1745 2968 intercessio-

361 3029 442 3079 nem
468 3017 531 3080 etc.

791 3287 892 3354 Finis
916 3283 1097 3378 Litorpioe
1123 3284 1161 3357 S.
1189 3285 1318 3379 Cpriib'.
