4736 6064
671 436 755 513 SIVE
783 431 914 510 Cthlll
939 432 1185 510 UlllVEllShLlS
1213 431 1444 511 turinorum.
1669 432 1746 506 489

373 643 509 712 eorum,
535 620 688 709 Maximi,
715 621 888 708 Demetrii,
915 618 1047 714 Moysis
1073 619 1177 714 patris
1205 619 1324 706 sancti,
1351 627 1386 689 et
1412 619 1632 713 quadraginta
1646 615 1747 691 Mar-

372 746 501 832 tyrum:
528 744 562 808 et
586 737 696 810 Patris
722 738 829 808 nostri
854 731 1215 822 Tecla-Haimaooth,
1242 743 1276 805 et
1301 731 1410 806 Patris
1430 737 1537 808 nostri
1562 732 1748 807 venerandi

373 850 592 952 Patriarchae,
613 854 718 926 nostri
745 850 787 923 N.
813 852 986 944 Regisque
1012 851 1118 922 nostri
1144 846 1292 937 Claudii,
1319 856 1354 919 et
1384 850 1528 920 omnium
1560 870 1661 921 cruce
1695 851 1749 922 si·-

373 979 551 1060 gnatorum
573 971 740 1060 justorum
766 975 800 1037 et
826 965 1028 1052 electorum,
1055 973 1089 1035 et
1114 962 1240 1054 Augeli
1265 961 1331 1034 diei
1346 961 1442 1054 hujus
1469 973 1616 1036 sauctae.
1652 961 1747 1034 Ora-

372 1086 483 1156 tiones
509 1104 644 1170 eornm,
671 1080 988 1175 henedictionesque
1015 1088 1049 1150 et
1072 1079 1334 1150 intercessiones
1362 1099 1496 1167 eorum,
1523 1089 1559 1150 et
1582 1099 1653 1174 pax
1679 1099 1748 1151 eo-

372 1219 464 1288 rum,
491 1208 525 1270 et
552 1199 674 1272 caritas
700 1199 765 1271 Dei
791 1200 856 1268 sint
881 1192 1055 1268 nohiscum
1081 1195 1114 1264 in
1141 1191 1277 1266 saecula
1304 1192 1525 1267 saeculorum.
1577 1193 1697 1266 Amen.

477 1312 662 1385 Sacerdos.
688 1311 796 1386 Nohis
823 1321 857 1383 et
883 1308 1035 1382 omnihus
1070 1310 1125 1403 qui
1162 1311 1306 1402 quietem
1340 1318 1542 1405 acceperunt
1574 1311 1750 1402 miserere,

373 1438 409 1499 tu
436 1431 492 1523 qui
518 1429 636 1500 misisti
660 1427 779 1504 Filium
805 1437 895 1498 tuum
921 1427 955 1496 in
982 1427 1089 1496 sinum
1113 1421 1275 1515 Virginis.

478 1542 666 1615 Diaconos.
695 1541 759 1627 Oui
786 1540 910 1614 sedetis
937 1540 1073 1631 surgite.

477 1657 661 1729 Sacerdos.
689 1655 845 1729 Gestatus
872 1657 983 1728 estin
1010 1663 1123 1740 utero,
1151 1662 1186 1724 et
1212 1675 1294 1726 curo
1321 1652 1430 1728 lactus
1457 1665 1510 1728 cst
1531 1654 1635 1731 Filius
1652 1648 1747 1753 lum,

375 1773 671 1866 manifestatusque
698 1781 750 1845 est
777 1797 795 1844 a
823 1771 949 1867 Spiritu
975 1779 1102 1842 sancto.

480 1885 667 1958 Diaconos.
694 1887 750 1959 Ad
777 1887 947 1959 Orientem
973 1885 1123 1980 aspicite.

477 2001 661 2075 Sacerdos
697 2000 822 2074 Coram
855 2010 889 2072 te
922 2009 1019 2079 stam
1044 1995 1134 2070 mille
1167 1995 1287 2071 millies
1319 1997 1445 2092 Angeli
1477 2009 1512 2072 et
1543 1999 1749 2094 Archangeli

375 2122 492 2192 suncti.

480 2235 665 2306 Diaconos.
691 2230 921 2306 Attendamus.

477 2348 661 2420 Sacerdos.
688 2345 889 2419 Veneranda
914 2343 1068 2416 animalia
1094 2363 1160 2414 sex
1186 2341 1257 2416 alas
1291 2342 1466 2431 habentia,
1507 2340 1684 2437 Seraphim
1715 2355 1750 2416 et

374 2459 571 2555 Cherubim,
601 2465 657 2559 qui
682 2460 810 2535 dushus
836 2458 957 2532 faciem
983 2480 1077 2534 suam
1103 2467 1235 2550 tegunt,
1263 2456 1391 2531 duahus
1409 2457 1514 2554 pedes
1531 2480 1629 2532 suos:
1657 2458 1748 2532 dua·
1808 2475 1809 2480 ’

373 2575 503 2672 husque
535 2577 651 2650 volant
678 2598 697 2647 a
723 2574 842 2650 linihus
873 2596 980 2669 usque
1014 2571 1056 2644 ad
1091 2573 1175 2646 lines
1209 2572 1335 2646 mundi:
1372 2582 1407 2645 et
1437 2575 1522 2647 sicut
1555 2595 1689 2669 semper
1715 2584 1749 2648 te

371 2691 505 2764 laudant
531 2701 565 2764 et
591 2691 804 2778 sanctificant,
832 2694 877 2762 ita
912 2691 1045 2784 suscipe
1077 2686 1138 2760 has
1171 2688 1468 2780 sanctificationes,
1496 2710 1579 2785 quas
1606 2687 1664 2762 tihi
1691 2689 1749 2761 di-

339 2800 343 2808 ’
373 2809 494 2880 cimus:
522 2807 684 2898 Sancum,
711 2805 875 2897 Sanctus,
902 2801 1055 2878 Sunchrs.

477 2923 666 2994 macomus.
693 2920 921 3016 Respondete.

477 3037 640 3130 Populus.
673 3037 835 3126 Sanctus,
871 3036 1032 3120 Sanctus,
1071 3033 1234 3123 Sanctus,
1271 3034 1434 3109 Dominus
1469 3035 1564 3108 Deus
1590 3033 1749 3130 Subando.

373 3151 469 3224 Pleni
496 3162 571 3225 sum
597 3150 683 3225 coeli
709 3162 744 3224 et
769 3161 859 3226 terra
885 3151 1059 3224 sanctitate
1085 3146 1216 3241 gloriae
1241 3153 1324 3242 ejus.

479 3267 662 3338 Sacerdos.
688 3267 781 3339 Vere
807 3266 896 3362 pleni
923 3274 999 3338 sunt
1024 3263 1111 3336 coeli
1137 3274 1171 3336 et
1196 3273 1287 3336 terra
1312 3268 1488 3339 sanctitate
1505 3264 1635 3358 gloriae
1658 3275 1749 3358 tuae,

372 3403 436 3480 per
461 3381 656 3472 Dominum,
684 3391 717 3454 et
743 3381 949 3456 salvatorem
974 3389 1122 3452 nostrum
1149 3380 1265 3454 Jesum
1298 3380 1483 3467 Christum,
1515 3404 1590 3452 cum
1623 3381 1751 3478 Spiritu

375 3506 505 3586 sancto,
532 3497 728 3572 insaecula
755 3497 975 3572 saeculorum.
1002 3497 1122 3570 Amen.
1160 3493 1304 3569 Sanctus
1326 3495 1430 3570 Filius
1458 3506 1545 3587 tuus,
1572 3499 1627 3592 qui
1652 3503 1749 3572 venit

372 3622 410 3690 et
434 3623 531 3686 naurs
559 3624 612 3686 est
638 3636 684 3685 ex
709 3613 869 3706 Virgine,
895 3623 932 3685 ut
957 3610 1163 3685 volumtatem
1189 3621 1278 3684 tuam
1305 3610 1499 3707 perficeret,
1525 3611 1751 3708 popadumque

374 3738 525 3802 sanctum
551 3729 609 3802 tihi
635 3731 859 3804 constitueret.

478 3841 547 3914 Hic
572 3842 748 3916 Sacerdos
773 3867 891 3916 manus
916 3865 997 3914 suae
1022 3844 1172 3936 imponet
1198 3840 1385 3930 thuribulo,
1419 3862 1566 3936 moxque
1592 3863 1654 3913 eas
1680 3864 1750 3914 ec-

375 3955 491 4028 teudct
515 3981 619 4051 super
646 3957 804 4032 oblatum.

481 4072 643 4166 Populus.
669 4073 862 4148 Secundum
887 4071 1151 4146 misericordiam
1179 4083 1267 4144 tuam
1283 4073 1389 4159 Dens,
1416 4081 1450 4142 et
1476 4092 1542 4144 non
1570 4071 1750 4144 secundum

381 4190 546 4281 nequitias
573 4201 728 4279 nostras,
754 4191 802 4262 nt
828 4189 953 4260 dicitur
980 4193 1043 4260 ter.

482 4301 666 4378 Sacerdos.
693 4306 853 4381 Extendit
878 4325 995 4377 manus
1030 4325 1108 4376 suas
1141 4303 1183 4374 ad
1209 4306 1418 4400 passionem3
1449 4321 1571 4398 passus
1604 4308 1673 4392 est,
1713 4308 1750 4372 ut

377 4421 556 4514 passiones
583 4422 749 4517 solveret,
776 4441 892 4496 eorum
919 4423 1139 4515 quisperant
1168 4423 1201 4490 in
1234 4427 1284 4491 te:
1324 4423 1380 4514 qui
1409 4417 1542 4491 tradidit
1574 4437 1614 4489 se
1645 4418 1753 4511 ipsum

377 4529 551 4605 voluntate
582 4539 738 4632 propriu,
772 4534 815 4608 ad
850 4536 1059 4632 patiendum,
1092 4543 1127 4606 ut
1159 4543 1298 4606 mortem
1332 4533 1519 4608 destrueret
1550 4541 1584 4603 et
1619 4527 1753 4602 vincula

377 4658 516 4720 satanae
543 4649 756 4738 dissolveret,
783 4649 945 4722 infernum
967 4648 1130 4722 calcaret:
1156 4657 1390 4722 testamentum
1405 4672 1500 4723 suum
1522 4650 1752 4736 constitueret,

377 4771 411 4833 et
437 4768 717 4838 resurrectionem
746 4786 839 4838 suam
865 4763 1102 4838 manifestaret.
1154 4763 1207 4836 lla
1233 4767 1307 4860 ipsa
1332 4773 1432 4838 nocte
1462 4767 1495 4836 in
1523 4787 1587 4859 qua
1613 4760 1752 4835 uadims
1872 4854 1878 4870 .

376 4887 450 4968 est,
480 4878 527 4951 13
555 4873 841 4974 accepitpanem'
858 4883 893 4952 in
919 4901 1035 4953 manus
1058 4900 1141 4952 suus
1169 4888 1318 4968 sanctas,
1345 4879 1463 4953 beatas
1490 4889 1525 4951 et
1550 4875 1745 4950 immacula-
