4680 6044
598 539 651 616 AD
670 531 1290 614 tuuhutlttubruonttsbnsnn.
1558 532 1631 608 155

262 727 347 792 cibus
376 725 479 804 deest,
508 723 561 787 vel
587 723 654 786 aliis
683 721 831 785 tribuitur.
881 719 995 783 Neutra
1025 714 1193 799 respondet
1221 718 1367 801 Copticae
1398 719 1487 804 hujus
1510 726 1632 782 nostrae

262 825 503 909 exemplaribus,
533 831 623 905 atque
648 820 724 884 adeo
747 821 945 884 certissimum
975 826 1037 898 εει,
1068 819 1156 882 istum
1186 818 1223 881 ab
1252 818 1311 883 alio
1342 819 1425 883 fonte
1456 819 1632 898 derivatam,

262 935 353 1008 atque
375 944 416 990 ex
440 922 558 987 Graeco
589 922 703 986 codice.
746 918 776 983 ls
805 919 864 982 huc
892 937 990 1002 usque
1022 919 1145 1002 ignotus
1176 919 1297 984 omniuo
1327 917 1397 998 luit,
1428 919 1484 981 scd
1512 919 1633 981 tandem

261 1033 403 1108 repertus
425 1024 458 1086 in
478 1021 666 1087 Bibliotheca
687 1020 784 1102 Regia
806 1019 962 1080 maximam
985 1018 1070 1080 istius
1093 1017 1247 1102 Liturgiae
1270 1027 1386 1100 partem
1408 1018 1542 1098 exhibet,
1567 1037 1635 1082 cum

260 1125 321 1188 hoc
343 1125 429 1188 titulo
460 1114 481 1207 ἡ
504 1115 588 1186 Θεία
608 1111 810 1204 Actcouqyt'c
831 1115 892 1180 τοῦ
914 1111 948 1180 ἐν
970 1107 1077 1201 ἁγίοις
1098 1105 1235 1203 nesphe
1256 1107 1347 1204 ἡμῶν
1377 1111 1550 1200 βασιλείου
1575 1117 1634 1180 ad-

258 1226 363 1308 juncta
385 1231 434 1286 est
455 1222 558 1284 versio
580 1221 721 1284 Arabica.
754 1215 760 1226 “
1091 1203 1095 1220 “

350 1339 399 1402 Ex
420 1339 472 1402 illa
493 1355 587 1420 porro
610 1335 745 1419 Liturgia
768 1351 916 1416 expressa
938 1341 986 1396 εει
1011 1331 1191 1414 Aethiopica
1220 1335 1404 1414 communis,
1435 1352 1513 1417 quac
1540 1334 1633 1416 vulgo
1680 1339 1720 1392 ttx
1737 1338 1824 1393 Basilii
1843 1339 1960 1410 liturgic

264 1439 434 1523 appellatur
457 1437 562 1499 Canon
584 1435 741 1498 (interulis
761 1434 955 1513 Aethiopum.-
983 1433 1053 1516 quia
1084 1451 1152 1496 curn
1181 1434 1349 1516 Aethiopes
1379 1436 1528 1518 integram
1558 1433 1633 1496 sub-
1647 1427 1764 1480 tanuen
1778 1427 1941 1496 Aethiopica.

205 1607 209 1616 ,
260 1540 424 1622 jectionem
450 1534 665 1598 Alexandrinis
687 1531 891 1595 decubitarum
913 1531 1093 1594 Patriurchis
1122 1533 1254 1613 professi
1284 1534 1394 1597 dudum
1422 1533 1548 1611 luerint,
1576 1548 1634 1595 eo·

263 1657 391 1720 rumque
414 1635 563 1700 haeresim
586 1633 774 1713 acceperint,
798 1649 1004 1712 quaecumque
1028 1630 1065 1693 ad
1088 1631 1281 1696 Sacramenta
1304 1634 1495 1714 pertinebant
1517 1631 1554 1692 ab
1577 1630 1634 1692 iis-

265 1738 332 1802 dem
355 1741 548 1816 accepcrunt.
586 1733 688 1814 ltaque
710 1732 863 1814 Liturgia,
885 1732 990 1814 paucis
1013 1734 1168 1812 exceptis,
1198 1751 1323 1814 prorsus
1346 1741 1394 1796 est
1424 1732 1548 1808 eadem;
1575 1747 1634 1792 nec

264 1846 365 1902 tamen
378 1838 409 1900 in
423 1834 577 1916 codicibus
589 1832 777 1913 Aethiopicis
790 1829 925 1912 praelert
936 1829 1056 1909 Basilii,
1076 1831 1126 1894 vel
1141 1832 1264 1896 alterius
1278 1833 1366 1894 ullius
1383 1833 1496 1896 autoris
1513 1847 1634 1894 nomen.

351 1951 506 2034 Liturgiae
528 1948 673 2031 Copticae
696 1948 851 2029 dispositio
874 1946 941 2010 tulis
964 1953 1026 2025 est,
1054 1953 1086 2009 ut
1107 1949 1140 2009 iu
1161 1949 1236 2011 duas
1260 1955 1363 2029 partes
1387 1947 1545 2010 dividatur.
1567 1948 1636 2009 Pri·
1649 1964 1779 2032 liturgiae
1804 1962 1880 2030 huju·
1903 1963 1963 2017 dis-

265 2072 314 2118 ma
335 2051 442 2132 incipit
465 2050 502 2112 ab
526 2045 730 2126 orationibus,
762 2065 839 2129 quae
861 2047 960 2108 statim
982 2047 1122 2110 dicuntur
1150 2046 1224 2110 dum
1245 2055 1369 2128 paratur
1401 2047 1514 2124 altere,
1545 2054 1635 2128 atque
1649 2051 1753 2119 positio.

265 2154 306 2216 ita
329 2167 433 2215 omnes
455 2151 531 2212 ritus
554 2157 585 2211 et
607 2165 717 2230 preces
740 2145 962 2227 complectitur,
985 2155 1045 2209 tarn
1068 2147 1105 2208 ad
1128 2145 1300 2210 inferendas
1324 2147 1456 2226 oblatas,
1487 2163 1576 2227 quam
1598 2145 1636 2208 ad

265 2253 413 2316 lectiones
436 2267 589 2311 sacrarum
612 2249 850 2329 scripturorum,
874 2264 1000 2327 quarum
1021 2245 1122 2308 ultima
1146 2265 1186 2308 ex
1208 2245 1376 2328 Evangelio
1400 2254 1462 2324 εει,
1485 2241 1638 2325 usquead

267 2349 410 2415 Osculum
438 2349 541 2429 pacis,
569 2346 650 2428 quod
673 2347 732 2408 ritu
758 2344 903 2409 Orientali
939 2345 1027 2408 datur
1055 2351 1215 2426 antequam
1246 2345 1437 2412 consecratio
1468 2343 1637 2425 incipiatur.

266 2447 405 2516 Secunda
429 2462 516 2529 pars,
540 2465 618 2528 quoe
636 2447 802 2526 Ancpbora
824 2445 948 2527 proprie
971 2454 1002 2507 ει
1024 2445 1128 2508 stricte
1152 2444 1304 2526 loquendo
1327 2444 1512 2526 appellatur,
1534 2441 1638 2522 incipit

267 2552 305 2613 ab
327 2548 472 2612 Oratione
494 2544 599 2609 Osculi
621 2547 722 2627 pacis,
746 2553 777 2608 et
799 2545 836 2606 ad
858 2544 948 2607 finem
969 2561 1065 2626 usque
1095 2543 1249 2628 Liturgiae
1276 2545 1462 2624 perducitur.
1505 2541 1549 2604 lta
1578 2559 1639 2622 po-

267 2660 379 2714 strema
401 2665 472 2728 pars
495 2645 545 2707 illa
568 2645 714 2708 rationem
738 2643 895 2726 quamdam
916 2643 1007 2707 habet
1029 2643 1126 2706 Latini
1149 2642 1297 2722 Canonis,
1321 2643 1390 2726 quia
1412 2643 1547 2706 continet
1565 2656 1640 2703 ora-

266 2752 366 2814 tiones
389 2764 493 2810 omnes
517 2763 595 2826 quae
618 2745 741 2808 Oanone
764 2752 868 2807 nostro
892 2744 1092 2806 continentur.
1136 2744 1248 2807 Verum
1275 2743 1306 2806 in
1329 2761 1367 2807 eo
1397 2743 1557 2806 discrimen
1581 2747 1639 2819 est,

178 2881 180 2888 ·
268 2848 350 2933 quod
372 2845 477 2928 paucis
500 2845 620 2909 omnino
644 2843 782 2924 exceptis
805 2845 935 2924 quaein
958 2860 995 2904 eo
1019 2843 1209 2923 inseruntur,
1233 2844 1396 2906 secundum
1419 2842 1557 2905 diversas
1572 2858 1640 2902 ma-

264 2950 411 3032 j0resque
433 2943 640 3022 solennitates,
662 2960 872 3023 unusscmper
894 2948 925 3003 et
947 2939 1026 3003 idem
1048 2950 1111 3006 est:
1135 2941 1215 3024 epnd
1228 2942 1399 3006 Orientales
1416 2942 1503 3004 aliter
1519 2944 1639 3004 omnino

267 3049 317 3110 ht:
342 3045 454 3126 quippe
475 3061 548 3123 pars
572 3040 622 3104 illa
645 3061 722 3122 quae
746 3041 982 3104 consecrationis
1004 3060 1114 3123 preces
1144 3042 1367 3124 complectitur,
1397 3043 1481 3104 varie
1509 3050 1556 3104 est
1582 3057 1638 3123 pro

269 3145 444 3210 diversitate
456 3141 674 3224 Liturgiarum,
689 3142 729 3203 ita
745 3148 777 3203 ut
789 3140 868 3222 apud
881 3138 1035 3220 Ooptitus,
1052 3143 1083 3203 in
1105 3141 1293 3226 Gregoriana
1313 3150 1344 3205 et
1363 3139 1507 3224 Cyrillina
1529 3150 1639 3223 preces

268 3245 338 3310 illae
361 3243 502 3304 diversae
518 3241 594 3320 sint,
618 3240 754 3321 quamvis
777 3241 916 3303 inunum
939 3239 1064 3302 formum
1086 3242 1325 3323 sententiamque
1345 3243 1549 3328 conveniant:
1572 3240 1640 3322 pri-

268 3362 316 3406 ma
338 3359 414 3404 vero
438 3357 508 3420 pars
531 3357 652 3420 somper
673 3347 721 3401 est
743 3337 866 3418 eadem,
890 3338 1018 3420 demptis
1041 3359 1148 3404 sacrae
1171 3342 1345 3422 scripturae
1368 3339 1558 3404 lectionibus.
1593 3339 1639 3402 Ex

270 3463 307 3506 ea
330 3459 409 3524 quac
432 3439 584 3523 generalis
608 3437 740 3520 Cononis
762 3437 861 3500 locum
883 3439 990 3517 habet,
1021 3442 1097 3502 sumi
1120 3439 1218 3502 solent
1241 3441 1357 3519 omnia,
1389 3459 1468 3522 quae
1497 3440 1639 3504 Osculum

268 3542 354 3622 pacis
386 3538 575 3602 antecedunt.
625 3537 728 3619 ltaque
759 3538 877 3619 quando
907 3537 1080 3600 celebratur
1109 3539 1245 3622 Liturgia
1275 3539 1416 3623 Gregorii
1444 3547 1495 3602 aut
1523 3538 1640 3622 Cyrilli,

268 3639 365 3722 primu
387 3637 437 3700 illa
460 3639 549 3700 olticii
571 3655 642 3718 pars
665 3655 706 3700 ex
727 3635 875 3699 basiliana
899 3637 1028 3718 petenda
1050 3645 1112 3700 est:
1135 3647 1168 3701 ut
1190 3637 1270 3719 apud
1295 3637 1463 3721 Aethiopes
1486 3641 1537 3722 qui
1559 3640 1640 3703 duo-

270 3739 367 3801 decim
389 3737 540 3819 Liturgias
563 3735 690 3815 habent,
711 3737 824 3817 petitur
847 3753 887 3799 ex
915 3736 1039 3800 Oenone
1067 3737 1220 3820 generali:
1251 3738 1332 3819 upud
1362 3738 1456 3821 Syros
1485 3738 1640 3804 Jacobitas

270 3838 322 3920 qui
344 3838 467 3921 triginta
490 3845 521 3899 ει
543 3837 646 3920 plures
669 3843 842 3914 numerant,
871 3855 910 3898 cx
932 3834 1053 3898 Jacobi:
1089 3837 1168 3917 apud
1190 3837 1389 3902 Nestorianos
1412 3839 1463 3921 qui
1484 3845 1547 3901 tres
1570 3844 1640 3899 ten-

269 3945 348 4016 tum,
372 3957 412 3999 ex
433 3936 569 4018 liturgia
596 3935 823 4018 Apostolorum.
872 3934 955 3997 llaec
983 3936 1139 4017 disciplina
1169 3937 1330 4022 singularis
1358 3938 1549 4002 observanda
1577 3937 1641 4014 hait,

271 4038 341 4118 quia
363 4056 403 4099 ex
425 4037 490 4117 ejus
514 4035 702 4120 ignoratione
726 4052 820 4115 saepe
843 4034 1034 4114 factumest,
1057 4037 1255 4120 utLiturgica
1270 4037 1417 4120 quaedam
1429 4037 1544 4116 Officia,
1561 4053 1639 4119 quae

271 4137 300 4198 in
324 4133 486 4198 Codicibus
509 4134 719 4218 manuscriptis
741 4135 948 4215 reperiuntur,
972 4136 1150 4200 aut'Latine
1174 4135 1253 4200 edita
1269 4146 1354 4217 sunt,
1378 4137 1554 4219 imperfecta
1569 4137 1641 4218 qui-

271 4235 397 4298 busdam
418 4237 484 4298 visa
505 4235 632 4314 fuerint,
655 4234 725 4315 quia
747 4235 846 4297 statim
870 4235 907 4296 ab
923 4235 1035 4299 Oscnlo
1056 4237 1140 4318 pacis
1156 4237 1318 4317 incipiunt,
1342 4245 1433 4319 atque
1449 4238 1526 4300 adeo
1539 4234 1639 4297 multis

272 4335 364 4398 oliicii
386 4333 586 4397 Eucharistici
607 4332 742 4415 partibus
765 4333 897 4397 mutilata
915 4335 1049 4417 judicata
1072 4344 1151 4399 sunt.
1180 4336 1270 4400 Istius
1293 4355 1367 4400 vero
1391 4355 1479 4419 quern
1501 4335 1639 4417 explica-

272 4453 337 4498 mus
352 4433 514 4514 Copticae,
535 4452 607 4515 pars
623 4433 718 4514 prirna
733 4423 1105 4521 προπαρασκευαστική,
1126 4435 1251 4499 formata
1275 4443 1321 4498 est
1344 4455 1385 4499 ex
1407 4434 1524 4499 Graeca
1544 4434 1641 4497 biarci

274 4533 371 4596 edita:
394 4549 462 4594 nam
484 4535 514 4595 in
538 4531 652 4596 Codice
673 4532 771 4616 Regio
801 4531 1083 4598 Graeco-Arabico
1112 4536 1227 4598 initium
1257 4543 1304 4600 est
1333 4535 1370 4598 eb
1393 4535 1538 4599 Oratione
1568 4536 1639 4612 veli,

274 4651 329 4696 seu
343 4619 653 4712 καταπετάσματος,
670 4640 701 4695 ει
717 4633 893 4712 quibusdam
907 4635 1035 4697 diversis
1047 4635 1233 4699 orationibus
1252 4634 1291 4698 ad
1305 4635 1440 4698 osculum
1456 4637 1551 4717 pacis.
1574 4635 1640 4698 Ne-

275 4750 334 4815 que
356 4749 428 4812 pars
450 4731 500 4794 illa
521 4733 616 4813 prima
639 4733 735 4814 magis
758 4732 906 4794 adunam
929 4733 1086 4796 extribus
1110 4753 1198 4817 quam
1222 4735 1260 4798 ad
1283 4735 1406 4798 alterum
1422 4737 1569 4818 pertinet:
1594 4743 1640 4798 est

278 4832 356 4895 enirn
379 4832 543 4894 communis
565 4831 712 4894 omnibus.
737 4831 796 4894 Sed
819 4832 984 4912 basiliana,
1008 4831 1040 4895 nt
1064 4851 1103 4896 ex
1126 4835 1279 4898 autoribus
1293 4837 1491 4920 Aegyptiacis
1513 4852 1640 4917 quorum

276 4931 445 4992 testimonia
468 4931 624 4994 retulimus
646 4936 746 5013 patet,
769 4929 841 5012 luit,
864 4939 897 4994 ut
919 4938 966 4994 est
989 4934 1164 5013 etiamnum,
1187 4936 1353 5018 praecipua
1376 4937 1457 5000 etin
1480 4953 1537 4999 usu
1559 4953 1640 5018 quo-

274 5028 395 5094 tidiano.
1099 5051 1105 5058 ·
