4736 6064
516 451 557 528 Ill
574 450 758 530 CANOllEll
777 449 1002 528 GENERALEM
1022 448 1107 526 SIVE
1122 446 1330 524 LITURGIAM
1347 445 1617 525 AETHIOPlGAll.
1680 447 1753 524 511

381 637 412 700 in
425 643 513 700 utero
525 635 653 699 Mariae:
677 635 729 716 qui
746 634 863 714 [manat
875 633 1017 712 insontes,
1030 631 1217 711 formabitur
1229 631 1261 693 in
1279 638 1319 711 te,
1343 637 1373 694 et
1389 631 1641 715 significationem
1656 651 1757 715 agne·

332 765 334 770 ·
381 735 435 812 vit,
459 753 538 816 quac
551 736 697 816 mysterio
710 732 918 796 Eucharistiae
940 732 1069 794 maxime
1093 731 1279 794 conveniens
1302 737 1360 810 est,
1384 732 1548 795 seeundum
1561 732 1757 796 Orientalium

383 833 588 916 Theologiam.
632 832 721 895 Nulla
749 832 828 894 enim
858 832 888 891 in
916 848 1020 893 eorum
1050 829 1172 910 scriptis
1193 827 1382 908 frequentior
1405 831 1589 912 comparatio
1612 834 1756 914 occurrit,

382 949 472 1012 quam
482 931 690 995 Eucharistiae
706 948 773 993 cum
795 928 1015 1000 lncarnatione,
1039 945 1128 1007 quam
1150 929 1191 989 ita
1212 928 1319 1008 paucis
1342 927 1444 990 verbis
1468 930 1649 1010 exprimunt.
1673 930 1760 993 Sicut

382 1032 597 1111 aspernatrices
625 1031 758 1110 Spiritus
783 1035 907 1091 scachos
934 1030 965 1089 in
995 1025 1031 1090 B.
1061 1027 1210 1106 Virpirrem
1237 1027 1347 1088 oirhrte
1378 1026 1527 1089 Altissimi
1554 1046 1623 1090 eam
1650 1029 1758 1092 obum-

383 1128 507 1205 brante,
532 1129 681 1208 smmaoit
708 1148 750 1190 ex
771 1146 825 1205 eo,
857 1135 887 1188 et
907 1128 939 1188 in
961 1145 1015 1202 ca,
1038 1144 1151 1205 corpus
1172 1127 1204 1187 irs
1225 1144 1284 1205 quo
1306 1127 1400 1188 Filius
1421 1126 1481 1188 Dei
1501 1129 1680 1190 incarnatus
1702 1135 1759 1204 est,

381 1229 427 1289 ito
450 1229 584 1289 mmdem
605 1227 749 1306 Spiritum
771 1233 908 1287 sanctiam
930 1225 1125 1304 aspersam
1147 1231 1177 1284 et
1197 1223 1283 1284 illabi
1303 1225 1335 1284 im
1356 1226 1438 1286 dono
1462 1229 1638 1306 proposita,
1668 1235 1699 1288 et
1719 1247 1760 1290 eu

381 1328 444 1389 iliis
468 1326 608 1405 scomma
630 1343 741 1404 corpus
767 1325 838 1386 Filii
864 1323 931 1385 Dei.
975 1322 1019 1385 Ea
1048 1322 1140 1406 igitur
1170 1323 1266 1384 oratio
1297 1322 1445 1405 significat
1474 1325 1537 1404 peti
1566 1345 1583 1386 a
1612 1325 1697 1403 Deo,
1727 1333 1761 1388 ut

383 1443 440 1506 per
464 1426 607 1507 Spiritum
640 1441 725 1485 suum
755 1429 891 1491 sanctum
914 1421 1023 1484 lormct
1046 1423 1076 1482 in
1106 1420 1193 1484 altari
1222 1439 1335 1502 corpus
1366 1431 1397 1484 ct
1426 1424 1605 1506 sanguinem
1635 1424 1757 1505 Christi,

384 1525 463 1587 sicut
492 1526 522 1585 in
545 1523 670 1606 Virgine
700 1521 858 1584 formatum
885 1527 946 1596 est3
970 1537 1030 1582 non
1053 1537 1127 1582 vero
1149 1521 1181 1580 im
1211 1539 1304 1582 sacro
1332 1519 1449 1596 Coeno,
1480 1522 1540 1584 hoc
1569 1531 1616 1586 est
1646 1541 1760 1587 secun-

384 1624 453 1686 dum
483 1621 641 1684 Ludollum
671 1621 702 1682 in
729 1621 927 1700 perceptione
957 1619 1154 1696 sacramenti,
1194 1636 1272 1700 quae
1299 1637 1361 1682 non
1388 1621 1446 1683 nisi
1476 1619 1569 1705 longo
1599 1623 1760 1686 intervallo

385 1725 530 1804 sequitur.
577 1719 674 1801 thue
698 1719 796 1782 eidem
825 1719 1040 1799 comparationi
1069 1719 1255 1796 insistamus,
1286 1735 1347 1780 non
1376 1737 1415 1781 ex
1446 1722 1621 1801 conjectura
1651 1730 1760 1802 tamen,

387 1822 444 1884 scd
465 1819 630 1883 secundum
644 1811 708 1899 ipsa
724 1797 922 1880 Orientalium
936 1817 1162 1898 Theologorum
1183 1818 1289 1894 verba,
1311 1825 1344 1880 ut
1357 1816 1573 1883 lucarnationis
1585 1820 1762 1901 mysterium

385 1927 536 1983 momento
566 1916 733 1999 pericolum
763 1925 826 1994 est,
855 1917 896 1977 ita
922 1917 1012 1980 unico
1040 1925 1190 1980 momento
1220 1917 1306 1996 panis
1335 1923 1366 1978 et
1395 1917 1475 1979 calix
1497 1919 1571 1982 liunt
1594 1937 1706 2001 corpus
1730 1926 1761 1982 et

385 2018 509 2102 sanguis
534 2016 653 2080 Christi.
698 2017 779 2079 llaec
801 2014 947 2078 hudolius
970 2035 1009 2078 ex
1031 2015 1104 2077 solis
1126 2014 1270 2096 liturgiis
1294 2013 1414 2078 discere
1435 2023 1565 2098 poterat,
1588 2019 1760 2099 inquibus,

387 2117 413 2180 si
436 2115 508 2198 quid
529 2134 590 2179 non
614 2117 687 2179 satis
710 2114 892 2196 explicatum
914 2113 1074 2176 videbatur
1095 2113 1205 2175 homini
1228 2115 1427 2176 Protestanti:
1458 2115 1524 2177 aliis
1547 2119 1625 2178 enim
1648 2134 1761 2178 summa

386 2234 507 2296 semper
541 2214 697 2296 apparebit
730 2213 847 2276 illarum
882 2214 1050 2276 orationum
1079 2211 1299 2293 perspicuitaS,
1330 2211 1492 2292 exquirere
1522 2214 1652 2277 debehat
1683 2233 1761 2296 quae

385 2311 610 2377 Alexandrinae
632 2311 791 2375 Ecclesiae
822 2312 897 2374 fides
927 2320 958 2374 et
981 2311 1118 2374 doctrina
1144 2310 1239 2389 loret,
1274 2318 1325 2373 aut
1348 2311 1498 2391 quomodo
1521 2313 1763 2394 intelligerentur

387 2433 404 2475 a
428 2412 608 2476 Patriarchis
630 2418 662 2475 et
684 2411 848 2493 Theologis
871 2410 1026 2473 invocatio
1050 2409 1179 2491 Spiritus
1203 2411 1316 2488 sancti,
1347 2417 1377 2471 ct
1408 2409 1565 2474 Confessio
1596 2411 1665 2475 lidei
1693 2419 1763 2474 ante

385 2511 595 2575 Eucharistiae
623 2510 878 2574 distributionem:
909 2509 1015 2572 saltem
1045 2509 1168 2572 easdem
1191 2511 1346 2572 orationes
1368 2509 1511 2592 Aethiopi
1533 2529 1589 2574 suo
1612 2511 1763 2593 Gregorio

387 2627 579 2693 proponere,
604 2628 664 2673 non
687 2607 848 2687 absurdas,
873 2617 905 2671 et
927 2609 1142 2692 aenigmaticas
1166 2608 1323 2671 doctrinae
1346 2607 1520 2672 Catholicae
1543 2609 1762 2689 expositiones.

388 2710 501 2773 Verum
530 2711 579 2790 qui
609 2709 647 2772 de
677 2708 792 2771 duabus
824 2707 882 2771 illis
905 2707 1042 2771 formulis
1064 2707 1190 2770 verbum
1213 2722 1274 2768 non
1303 2705 1427 2785 iecerit,
1456 2725 1534 2787 quac
1567 2707 1596 2766 in
1625 2707 1763 2770 omnibus

388 2809 531 2892 Liturgiis
554 2817 741 2889 repetuntur,
765 2807 847 2870 illum
868 2807 960 2869 multa
983 2807 1040 2870 alia
1064 2823 1142 2888 quae
1164 2807 1196 2866 in
1217 2805 1323 2885 paucis
1346 2809 1423 2885 qu'os
1446 2805 1519 2868 vidit
1536 2805 1619 2867 libris
1632 2805 1764 2868 Aethio-

387 2909 464 2990 picis
488 2906 699 2985 occurrehant,
722 2905 939 2983 dissimulasse,
960 2922 1021 2967 non
1043 2905 1140 2967 inanis
1163 2903 1296 2984 suspicio
1319 2912 1375 2966 εει.

475 3004 509 3067 1η
523 3006 658 3069 secundo
673 3005 844 3068 testimonio
856 3004 1047 3083 observatur,
1071 3003 1195 3065 lemnam
1211 3001 1290 3064 illam
1307 3021 1346 3064 ex
1361 3002 1426 3065 aliis
1437 3001 1581 3086 Liturgiis
1598 3003 1764 3066 desumtam

390 3121 479 3182 esse,
510 3104 561 3166 ubi
591 3103 767 3184 frequenter
796 3104 947 3180 occurrit,
979 3109 1010 3163 ει
1032 3103 1210 3181 praesertim
1233 3103 1262 3162 in
1286 3099 1412 3181 Coptica
1435 3104 1523 3164 tertia
1547 3119 1625 3182 quae
1649 3102 1764 3182 Cyrillo

390 3202 540 3264 tribuitur.
562 3202 781 3280 Resplendeot:
803 3200 929 3262 verbum
951 3198 1162 3280 Aethiopicum
1185 3197 1346 3261 adventum
1360 3198 1489 3279 Spiritus
1512 3201 1609 3262 sancti
1632 3199 1764 3262 divinum

392 3307 423 3361 et
445 3300 602 3379 maJestate
626 3299 762 3379 plenum,
793 3297 960 3382 significat,
992 3295 1218 3378 respondetque
1248 3297 1373 3359 Graecis
1402 3306 1454 3361 aut
1475 3298 1615 3360 Arabicis
1638 3299 1764 3362 vocibus

392 3416 470 3478 quae
494 3389 720 3481 s'rrccpoc'cqorr,
742 3415 804 3460 non
826 3397 899 3460 satis
923 3397 1105 3478 exprimunt.
1132 3394 1208 3458 Cum
1229 3413 1305 3457 vero
1326 3394 1495 3476 Aethiopes
1519 3396 1555 3459 ad
1569 3396 1765 3460 lacebiticam

392 3503 504 3559 sectam
527 3496 689 3559 translatos
711 3495 806 3558 luisse
829 3503 945 3558 certum
967 3496 1005 3558 sit
1027 3494 1082 3558 sub
1098 3494 1272 3576 benjamine
1285 3494 1456 3558 Patriarcha
1471 3504 1630 3576 postquam
1645 3495 1764 3558 Arabes

392 3594 568 3678 Aegyptum
590 3595 794 3678 subegerunt,
826 3601 958 3675 tuncque
988 3593 1124 3657 Graecae
1153 3593 1275 3676 linguae
1297 3611 1370 3656 usus
1393 3595 1531 3678 vigeret,
1559 3593 1764 3657 Alexandriae

392 3694 584 3777 praesertim,
615 3711 682 3756 curn
712 3711 747 3756 ea
777 3711 840 3756 vox
870 3710 932 3755 non
954 3692 1043 3756 lacile
1065 3693 1192 3773 exprimi
1214 3701 1319 3772 posset
1342 3709 1399 3756 nec
1421 3692 1511 3775 plene
1535 3693 1765 3777 intelligeretur,

392 3794 590 3872 interpretata
606 3792 660 3854 luit
674 3800 811 3873 tanquam
825 3811 841 3854 a
857 3789 930 3875 φῶς
944 3791 1089 3854 deducta:
1113 3809 1180 3854 nam
1196 3793 1287 3856 multa
1300 3794 1366 3876 eJus
1380 3795 1504 3875 generis
1522 3791 1767 3880 παρερμηνειιόν

394 3892 533 3971 exemplu
547 3893 739 3972 reperiuntur
751 3892 782 3952 in
795 3890 907 3974 linguis
916 3889 1129 3955 Orientalibus.
1152 3891 1271 3954 Dicitur
1283 3891 1402 3970 deinde,
1414 3902 1448 3955 ut
1456 3895 1513 3972 fiat
1519 3891 1637 3973 Corpus
1647 3892 1768 3965 Christi,

393 3991 590 4069 adverbum,
613 3999 646 4052 ut
667 3993 716 4068 sit,
740 4009 779 4054 ex
802 3989 952 4053 idiotismo
974 3989 1122 4052 communi
1133 3989 1302 4072 linguarum
1318 3989 1514 4054 Orientalium
1526 3993 1766 4074 praecipuarum.

393 4089 552 4168 Sequitur:
581 4095 763 4169 mutatioque
790 4108 898 4170 sopor,
929 4088 980 4152 vel
1000 4095 1106 4170 mutas
1127 4088 1215 4168 hujrss
1237 4091 1352 4152 calicis.
1397 4091 1464 4154 Vox
1485 4091 1685 4172 Aethiopibus
1708 4091 1767 4155 hoe

394 4186 463 4250 loeo
487 4195 630 4268 usurpata
653 4187 821 4252 llehruicae
843 4189 969 4271 originis
993 4195 1055 4266 est,
1086 4186 1232 4268 Syrisque
1259 4196 1291 4252 et
1315 4188 1470 4253 Arabihus
1492 4208 1589 4271 aeque
1610 4197 1767 4270 usurpata,

395 4305 434 4349 eo
457 4286 626 4369 significatu
646 4296 752 4369 pastus
774 4296 803 4349 et
824 4289 967 4368 sapasim
989 4287 1044 4351 sed
1067 4304 1135 4349 curn
1157 4286 1194 4348 ad
1214 4285 1272 4349 aliu
1291 4287 1584 4369 multaextendatur,
1608 4291 1639 4350 in
1661 4289 1768 4352 iisdem

394 4383 526 4467 linguis,
549 4386 659 4467 aliquid
685 4403 807 4467 quoque
831 4386 910 4450 aliud
934 4387 964 4448 in
986 4385 1165 4467 Aethiopica
1186 4384 1267 4448 illam
1288 4388 1461 4470 significare
1484 4389 1633 4470 suspicari
1656 4405 1769 4468 possu-

396 4500 472 4547 mus.
516 4483 591 4546 Nam
613 4485 644 4545 in
667 4486 912 4561 consecratione,
939 4491 1046 4568 gustus
1070 4491 1120 4548 aut
1142 4501 1234 4564 sapor
1256 4487 1342 4566 panis
1366 4494 1397 4550 et
1420 4487 1521 4550 cahcis
1545 4504 1605 4549 non
1628 4495 1770 4565 mutatur,
1881 4533 1890 4547 .

397 4580 453 4644 sed
476 4580 555 4644 idem
578 4590 749 4662 permanet3
784 4600 884 4663 neque
913 4583 1026 4649 locutio
1049 4583 1154 4647 similis
1177 4586 1309 4647 occurrit
1331 4586 1362 4647 in
1385 4595 1429 4650 tot
1451 4605 1526 4667 quas
1549 4587 1694 4650 hahemus
1716 4584 1772 4647 Li-

397 4680 517 4762 turgiis.
561 4679 641 4742 Nihil
663 4682 754 4761 igitur
775 4679 833 4743 hoc
856 4680 924 4743 loco
946 4681 1026 4747 aliud
1048 4681 1277 4764 intelligendum
1298 4685 1425 4760 videtur,
1449 4703 1536 4767 quam
1555 4684 1773 4748 elementorum

397 4778 617 4855 transmutatio,
641 4779 760 4858 qualem
782 4777 922 4860 Coptitae
945 4780 1128 4864 Aethiopum
1150 4783 1297 4863 magistri,
1319 4791 1351 4846 ει
1372 4783 1481 4866 reliqui
1494 4783 1666 4848 Orientales
1682 4783 1774 4848 Chri-

399 4876 487 4938 stiani
509 4883 694 4958 agnoscunt3
717 4879 803 4959 panis
826 4895 934 4961 nempe
957 4879 988 4943 in
1011 4899 1134 4962 corpus,
1157 4880 1219 4943 vini
1241 4889 1272 4945 ει
1295 4900 1390 4965 aquae
1412 4884 1444 4946 in
1466 4883 1652 4967 sanguinem.
1688 4881 1774 4956 Quae
