4680 6044
539 497 613 639 ¹AD
629 559 835 638 LITURGIAM
851 555 1045 636 COPTICAM
1061 557 1091 636 S.
1106 557 1251 634 BASlLII.
1526 553 1599 629 199

225 749 359 834 Spiritus
383 767 401 811 a
421 748 510 812 Patre
533 755 565 810 et
592 747 685 822 Filio,
716 744 754 807 de
784 763 844 825 qua
873 742 945 806 nihil
975 743 1119 824 Symbola
1142 741 1291 824 adjectum
1323 741 1434 804 velint:
1469 742 1496 805 si
1529 741 1601 823 quid

224 851 300 914 alibi
329 847 538 930 explicationis
571 847 668 929 gratia
703 843 870 907 addendum
903 843 957 921 sit,
990 841 1063 904 nihil
1099 841 1179 904 aliud
1212 859 1299 922 quam
1328 842 1497 921 scripturae
1526 861 1601 904 ver-

223 950 273 1014 bis
299 949 423 1023 dicitur‚
457 949 509 1028 qai
529 965 551 1008 a
568 954 659 1027 patre
676 945 818 1025 procedit
839 951 870 1005 et
893 961 915 1004 c
940 943 1002 1023 filio
1031 943 1159 1020 occipit,
1192 947 1225 1002 ut
1253 941 1283 1001 in
1310 940 1446 1024 Liturgia
1476 939 1601 1022 Syriaca

224 1049 384 1130 Dionysii:
418 1053 470 1110 aut
497 1047 576 1110 sicut
597 1046 628 1106 in
656 1043 713 1106 alia
734 1042 878 1106 Jacobitis
901 1059 1022 1122 quoque
1045 1039 1170 1121 propria
1196 1037 1325 1101 Mathaei
1353 1039 1495 1134 Pastoris.
1532 1039 1602 1119 lpse

225 1169 249 1212 o
272 1156 319 1224 te,
342 1168 361 1210 o
383 1147 493 1220 Pater,
516 1145 555 1206 cb
577 1151 701 1205 aebrno
719 1141 875 1222 procedit,
898 1141 1050 1220 statilio
1073 1147 1123 1200 tao
1145 1157 1223 1219 qaae
1245 1139 1420 1200 essentialia
1446 1146 1517 1200 sant
1541 1157 1601 1200 cc-

226 1249 312 1329 erpit.
358 1245 440 1308 illius
463 1246 555 1327 igitur
577 1240 735 1306 additionis
758 1257 864 1318 causa,
889 1228 1069 1302 accusantur
1090 1239 1212 1313 Franci,
1234 1237 1292 1300 hoc
1315 1243 1363 1299 est
1383 1237 1480 1300 Latini
1502 1257 1520 1300 a
1542 1237 1602 1302 Se-

225 1365 305 1411 vero
329 1345 483 1428 Episcopo
496 1341 695 1416 Aschmonin,
719 1346 750 1403 et
762 1337 929 1402 Ebnassalo
942 1336 1135 1402 Collectionis
1147 1337 1363 1418 Principiorum
1386 1336 1455 1400 lidei
1468 1337 1600 1418 oapffll.

225 1447 258 1510 in
283 1465 346 1527 quo
370 1444 517 1508 adversus
541 1459 610 1514 eos,
639 1449 746 1504 contra
770 1439 847 1501 hanc
877 1436 1057 1500 additionem
1081 1435 1231 1518 disputat,
1260 1444 1292 1498 ut
1319 1436 1426 1500 Petrus
1455 1436 1601 1500 dielichen

226 1545 414 1628 Episcopus,
439 1542 477 1604 de
500 1543 609 1604 sectis:
632 1540 740 1602 Paulus
753 1538 861 1603 Seidae
883 1527 949 1600 si've
963 1535 1082 1600 Sidonis
1105 1537 1135 1598 in
1158 1536 1300 1599 Tractatu
1322 1535 1361 1598 de
1384 1536 1491 1599 eodem
1506 1553 1602 1618 argu-

225 1653 351 1708 mento:
374 1640 550 1707 Abulbircat
572 1639 688 1702 duobus
712 1640 743 1700 in
764 1637 850 1715 locis,
873 1653 934 1699 non
956 1635 1045 1698 modo
1067 1634 1119 1697 ubi
1139 1635 1272 1716 loquitur
1294 1635 1332 1698 da
1347 1643 1498 1698 sectarum
1512 1634 1601 1698 dide-

226 1747 344 1822 rentia,
371 1743 427 1806 sed
450 1742 481 1802 in
503 1740 693 1821 expositione
717 1736 868 1819 symboli,
893 1743 926 1798 ut
948 1736 1036 1797 etiam
1059 1734 1158 1798 Autor
1184 1735 1330 1798 scientiae
1357 1735 1601 1799 Ecclesiastieae.

228 1841 308 1906 Cum
331 1857 407 1903 vero
429 1840 540 1903 multae
562 1835 709 1918 ejusmodi
732 1837 938 1916 expositiones
962 1841 1066 1897 extent
1093 1834 1122 1895 in
1146 1832 1240 1895 Codd.
1268 1833 1340 1897 Mss.
1370 1834 1483 1896 breves
1513 1834 1601 1913 aliae,

228 1948 260 2004 et
283 1940 375 2021 quasi
396 1938 548 2020 simplices
570 1936 792 2017 Paraphrases,
815 1933 996 2017 prolixiores
1020 1933 1113 2009 aliae,
1135 1933 1188 1994 vix
1210 1932 1271 1995 ulla
1298 1933 1386 1995 talem
1408 1933 1602 2016 observatio·
1725 1963 1728 1968 ·

227 2057 300 2102 nem
323 2039 471 2102 adversus
494 2037 617 2100 Latinos
639 2053 701 2097 non
728 2033 825 2096 habet
873 2033 979 2114 Neque
1007 2033 1102 2113 ipsius
1130 2031 1260 2112 symboli
1293 2033 1446 2114 antiquum
1480 2032 1602 2114 aliquod

228 2136 407 2219 exemplar,
432 2144 483 2199 aut
504 2137 673 2208 recentius,
697 2133 783 2216 cujus
806 2132 904 2213 ahqua
926 2133 1070 2194 autoritas
1099 2131 1219 2193 censeri
1241 2130 1349 2211 possit,
1371 2131 1448 2194 hano
1470 2131 1603 2196 additio·

228 2256 302 2300 nem
331 2236 505 2299 Latinorum
537 2252 622 2297 more
653 2233 760 2295 factam
794 2231 932 2309 exhibet,
961 2231 1019 2292 nisi
1047 2229 1259 2310 interpolatum
1287 2249 1377 2293 manu
1404 2235 1539 2311 recenti,
1569 2240 1602 2295 ut

228 2344 304 2400 sunt
326 2334 407 2398 edita
429 2334 527 2396 officia
551 2333 588 2396 ad
610 2349 697 2394 usum
720 2331 951 2404 Maronitarum,
984 2327 1155 2410 exquibus
1178 2328 1260 2391 nulla
1290 2328 1436 2392 adversus
1466 2348 1603 2394 commu-

228 2454 301 2498 nem
324 2453 412 2497 usum
429 2432 624 2496 Orientalium
646 2429 814 2493 testimonia
836 2429 905 2492 duci
926 2435 1064 2509 possunt
1107 2426 1277 2490 Occurrunt
1300 2429 1378 2491 enim
1400 2429 1521 2493 codices
1545 2430 1603 2494 ali-

229 2542 307 2617 quot
330 2551 393 2596 non
415 2531 503 2594 valde
525 2530 655 2611 antiqui,
678 2528 734 2592 sed
755 2529 885 2607 sinceri,
913 2545 970 2608 pro
992 2528 1067 2608 ipsis
1096 2527 1251 2590 Maronitis
1282 2526 1405 2608 scripti,
1435 2527 1486 2591 diu
1513 2537 1603 2611 post-

230 2651 324 2716 quam
348 2631 385 2694 ad
406 2629 562 2694 Ecclesiae
583 2629 733 2691 Romanae
755 2628 898 2690 unitatem
920 2626 1091 2705 redierunt,
1115 2627 1146 2688 in
1168 2627 1277 2708 quibus
1299 2627 1376 2689 haec
1405 2627 1515 2690 additio
1544 2628 1602 2691 de-

230 2732 397 2795 sideratur.
428 2729 461 2791 ln
482 2727 677 2809 Euchologiis
700 2723 905 2788 Melchitaram
927 2723 1065 2787 Arabicis
1088 2721 1261 2805 Symbolum
1284 2725 1467 2807 descriptum
1489 2736 1547 2806 est,
1569 2736 1603 2791 ut

230 2831 330 2914 vulgo
354 2827 434 2909 apud
455 2827 587 2891 Graecos
610 2823 738 2909 legitur:
762 2831 792 2886 et
811 2825 844 2885 ia
865 2824 1009 2904 Spiritum
1031 2830 1168 2885 sancum
1178 2823 1359 2898 nonnam·
1381 2827 1602 2906 vivificantem,-

230 2933 287 3012 φη·
309 2949 327 2990 e
347 2928 442 2989 Patre
458 2926 607 3008 procedit.
650 2923 695 2986 lta
716 2941 838 3004 quoque
860 2923 891 2984 in
918 2922 1051 3005 ejusdem
1078 2919 1258 3005 Euchologii
1286 2917 1491 2987 Melchitarum
1520 2925 1603 2988 Ara-

231 3028 295 3092 bici
319 3026 450 3091 editione
473 3025 603 3088 Fanensi
625 3041 671 3086 an.
695 3021 789 3085 1511.
813 3022 901 3084 Utin
930 3022 1136 3102 antiquissimo
1167 3020 1292 3103 Syriaco
1321 3022 1434 3087 Codice
1463 3024 1601 3088 Mediceo

232 3125 434 3192 CoMectionis
467 3124 632 3189 Canonum.
675 3121 722 3184 De
743 3120 930 3184 Nestoriauis
954 3127 1068 3182 certum
1090 3119 1161 3183 lacit
1182 3137 1349 3185 consensus
1373 3122 1509 3186 codicum
1530 3123 1602 3188 illo-

230 3245 303 3288 rum
326 3226 377 3305 qui
398 3241 507 3305 preces
529 3223 697 3300 continent,
721 3237 775 3284 eos
798 3221 885 3301 sequi
906 3221 1019 3301 pariter
1040 3217 1185 3281 Graecam
1212 3219 1386 3284 lectionem:
1409 3224 1450 3288 ita
1479 3244 1601 3307 quoque

233 3325 388 3406 Coptitae.
432 3323 507 3386 Nam
529 3324 559 3384 in
583 3321 697 3385 Codice
720 3321 772 3402 qui
796 3319 956 3382 lheotohio
984 3326 1014 3380 et
1036 3318 1173 3381 diversas
1197 3319 1269 3384 alias
1292 3323 1445 3388 orationes
1475 3326 1601 3406 Coptica

233 3433 267 3488 et
290 3421 423 3486 Arabiae
445 3423 573 3502 scriptas
596 3420 746 3498 continet,
770 3417 942 3501 Symbolum
965 3417 1078 3500 legitur
1100 3417 1215 3498 absque
1238 3418 1404 3498 additione,
1432 3431 1464 3485 ut
1491 3425 1521 3485 in
1544 3424 1601 3487 ali-

234 3531 312 3604 quot
334 3521 417 3597 aliis,
440 3527 498 3582 tam
520 3519 648 3599 antiquis
671 3537 759 3600 quam
780 3515 999 3580 recentioribus
1022 3516 1254 3598 exemplaribus.

327 3621 454 3684 'lemare
476 3619 570 3701 igitur
591 3619 712 3680 omnino
733 3616 921 3680 Abrahamus
943 3614 1130 3678 EcheMensis
1153 3617 1183 3678 in
1205 3617 1291 3680 Notis
1322 3618 1360 3681 ad
1387 3620 1603 3684 Praelationem
1636 3637 1797 3691 Echellensis
1814 3639 1924 3689 nouam.

235 3719 399 3785 Arabicam
421 3717 545 3781 Nicaeni
568 3715 713 3796 Consilii,
742 3718 772 3779 in
802 3716 933 3779 editione
961 3730 1070 3795 magna
1098 3716 1260 3778 Parisiensi
1287 3735 1354 3780 cum
1383 3717 1447 3782 aliis
1471 3720 1536 3801 ejus
1566 3720 1604 3783 de

233 3821 297 3885 boc
319 3825 499 3902 argumento
522 3817 675 3898 opusculis
698 3833 854 3893 recusam,
877 3815 1007 3894 scripsit.
1052 3813 1222 3897 Symbolum
1243 3814 1410 3879 Nicoenum
1431 3837 1498 3880 mim
1522 3838 1605 3899 par-

235 3921 348 3994 ticulo,
375 3917 510 3997 filioque,
538 3935 683 3996 capreaae
709 3915 837 3978 habena
862 3916 895 3974 in
916 3915 1045 3976 editione
1073 3912 1259 3994 Coptitorum
1281 3916 1366 3993 captu
1392 3922 1479 3977 estet
1497 3937 1605 3980 emem-

234 4021 309 4101 plar
331 4020 363 4080 in
384 4015 571 4078 Bibliotheca
592 4014 646 4078 Ml.
669 4015 732 4076 ciri
750 4013 789 4075 D.
813 4013 939 4074 Gilberti
959 4013 1118 4077 Godmini.
1153 4013 1297 4090 Temere,
1318 4015 1448 4094 inquam,
1472 4017 1603 4096 omnino,

235 4137 307 4181 narn
331 4115 438 4180 Codex
458 4113 573 4196 Regius
597 4113 653 4176 luit
674 4112 744 4175 olim
768 4111 927 4190 Caulmini,
951 4112 1037 4193 cujus
1065 4130 1169 4176 omnes
1197 4114 1391 4194 manuscripti
1419 4114 1449 4175 in
1478 4114 1603 4198 Regiam

235 4214 455 4280 Bibliothecam
478 4211 613 4276 translati
642 4219 721 4274 sunt.
767 4210 904 4284 Quodsi
930 4217 964 4272 ut
985 4209 1063 4272 idem
1089 4211 1277 4276 Echellensis
1305 4211 1477 4294 subjungit,
1506 4214 1603 4278 habe-

236 4325 289 4379 tur
311 4313 417 4377 eadem
439 4312 550 4376 additio
573 4313 604 4374 in
624 4311 839 4375 Maronitarum
861 4309 1099 4391 exemplaribus,
1128 4309 1284 4374 emendata
1305 4311 1356 4374 illa
1384 4311 1504 4376 luerunt
1526 4331 1601 4394 pro-

237 4415 290 4478 cul
313 4411 403 4476 dubio
425 4429 482 4492 per
503 4411 691 4474 recentiores
715 4427 835 4486 manus,
858 4411 941 4472 utin
965 4408 1095 4472 editione
1117 4409 1271 4491 Liturgiae
1293 4410 1505 4493 Aethiopicae,
1533 4421 1605 4493 post

237 4513 360 4577 Novum
383 4510 605 4572 Testamentum
632 4507 740 4572 lactum
763 4517 828 4586 est,
851 4515 881 4570 et
909 4509 939 4570 in
970 4508 1106 4572 omnibus
1133 4508 1229 4572 fernae
1260 4509 1345 4573 libris
1377 4511 1441 4574 aliis
1471 4513 1522 4592 qui
1552 4515 1605 4576 aut

237 4613 370 4688 Romae,
393 4615 444 4672 aut
465 4609 521 4671 sub
542 4609 744 4671 homanorum
767 4607 936 4672 Censorum
958 4608 1054 4672 oculis
1077 4609 1148 4672 editi
1175 4609 1305 4672 fuerumt.
1349 4609 1430 4673 Nihil
1456 4619 1504 4674 est
1526 4613 1605 4674 enim

240 4711 367 4785 certius,
390 4726 478 4789 quam
500 4708 635 4791 ignorari
655 4707 776 4788 penitus
805 4707 885 4769 illam
903 4706 1082 4770 additionem
1104 4708 1141 4771 ab
1156 4709 1313 4786 Ecclesiis,
1337 4727 1414 4790 quae
1429 4729 1456 4772 .a
1470 4709 1605 4774 Romana

240 4829 310 4874 eam
331 4825 393 4870 non
421 4815 611 4888 aeceperunt.
661 4807 786 4869 Frustra
808 4807 896 4869 etiam
924 4807 1143 4870 invocabantur
1171 4808 1317 4873 adversus
1345 4808 1422 4873 hanc
1456 4811 1607 4874 observa-

241 4910 358 4972 tionem
380 4905 593 4986 indubitatam,
617 4907 785 4970 testimonia
808 4923 885 4986 quae
907 4913 1014 4988 postea
1037 4907 1171 4990 adjungit
1192 4908 1397 4990 Abrahamus,
1428 4929 1467 4973 ex
1489 4913 1607 4975 autori-

240 5009 302 5072 bus
327 5024 402 5088 quos
424 5023 513 5068 nemo
534 5013 656 5087 praeter
678 5024 746 5068 eum
767 5023 896 5085 unquam
918 5015 970 5070 aut
990 5007 1081 5085 vidit,
1104 5015 1155 5071 aut
1182 5009 1358 5090 appeMavit,
1387 5019 1418 5074 ct
1446 5029 1522 5094 quos
1552 5030 1608 5075 re-
