<?xml version="1.0" encoding="UTF-8"?>
<!DOCTYPE html PUBLIC "-//W3C//DTD XHTML 1.0 Transitional//EN"
    "http://www.w3.org/TR/xhtml1/DTD/xhtml1-transitional.dtd">
<html xmlns="http://www.w3.org/1999/xhtml" xml:lang="en" lang="en">
 <head>
  <title>
</title>
<meta http-equiv="Content-Type" content="text/html;charset=utf-8" />
  <meta name='ocr-system' content='tesseract 3.04.00' />
  <meta name='ocr-capabilities' content='ocr_page ocr_carea ocr_par ocr_line ocrx_word'/>
</head>
<body>
  <div class='ocr_page' id='page_1' title='image "./liturgiarumorie03renagoog_0380.png"; bbox 0 0 4680 6044; ppageno 0'>
   <div class='ocr_carea' id='block_1_1' title="bbox 617 588 1656 668">
    <p class='ocr_par' dir='ltr' id='par_1_1' title="bbox 617 588 1656 668">
     <span class='ocr_line' id='line_1_1' title="bbox 617 588 1656 668; baseline -0.005 -1"><span class='ocrx_word' id='word_1_1' title='bbox 617 593 670 667; x_wconf 84' lang='grc' dir='ltr'>ΑΙ)</span> <span class='ocrx_word' id='word_1_2' title='bbox 687 589 895 667; x_wconf 79' lang='lat' dir='ltr'><strong>LITURGIAM</strong></span> <span class='ocrx_word' id='word_1_3' title='bbox 915 588 1109 668; x_wconf 77' lang='lat' dir='ltr'>carnemt</span> <span class='ocrx_word' id='word_1_4' title='bbox 1133 591 1163 667; x_wconf 85' lang='lat' dir='ltr'>S.</span> <span class='ocrx_word' id='word_1_5' title='bbox 1181 591 1325 668; x_wconf 77' lang='lat' dir='ltr'>ursuli.</span> <span class='ocrx_word' id='word_1_6' title='bbox 1578 590 1656 664; x_wconf 81' lang='lat'>217</span> 
     </span>
    </p>
   </div>
   <div class='ocr_carea' id='block_1_2' title="bbox 603 926 1895 1001">
    <p class='ocr_par' dir='ltr' id='par_1_2' title="bbox 603 926 1895 1001">
     <span class='ocr_line' id='line_1_2' title="bbox 603 926 1895 1001; baseline 0.002 -3"><span class='ocrx_word' id='word_1_7' title='bbox 603 927 749 998; x_wconf 85' lang='lat' dir='ltr'>Mortem</span> <span class='ocrx_word' id='word_1_8' title='bbox 775 931 866 996; x_wconf 90' lang='lat' dir='ltr'>tuam</span> <span class='ocrx_word' id='word_1_9' title='bbox 892 929 1134 998; x_wconf 78' lang='lat' dir='ltr'><strong><em>annunciamus</em></strong></span> <span class='ocrx_word' id='word_1_10' title='bbox 1160 926 1314 996; x_wconf 88' lang='lat' dir='ltr'>Domine.</span> <span class='ocrx_word' id='word_1_11' title='bbox 1702 946 1732 998; x_wconf 83' lang='lat' dir='ltr'>r.</span> <span class='ocrx_word' id='word_1_12' title='bbox 1753 947 1795 1000; x_wconf 83' lang='lat' dir='ltr'>ts.</span> <span class='ocrx_word' id='word_1_13' title='bbox 1814 948 1831 1000; x_wconf 85' lang='lat'>1.</span> <span class='ocrx_word' id='word_1_14' title='bbox 1851 949 1895 1001; x_wconf 84' lang='grc' dir='ltr'>ιε.</span> 
     </span>
    </p>
   </div>
   <div class='ocr_carea' id='block_1_3' title="bbox 357 1138 1981 1227">
    <p class='ocr_par' dir='ltr' id='par_1_3' title="bbox 357 1138 1981 1227">
     <span class='ocr_line' id='line_1_3' title="bbox 357 1138 1981 1227; baseline -0.005 -12"><span class='ocrx_word' id='word_1_15' title='bbox 357 1138 505 1222; x_wconf 78' lang='lat' dir='ltr'>Asnaus</span> <span class='ocrx_word' id='word_1_16' title='bbox 527 1155 558 1210; x_wconf 91' lang='lat' dir='ltr'>et</span> <span class='ocrx_word' id='word_1_17' title='bbox 581 1147 629 1227; x_wconf 87' lang='lat' dir='ltr'>pin</span> <span class='ocrx_word' id='word_1_18' title='bbox 651 1144 747 1208; x_wconf 83' lang='lat' dir='ltr'>forma</span> <span class='ocrx_word' id='word_1_19' title='bbox 770 1145 982 1223; x_wconf 82' lang='lat' dir='ltr'>confessionis,</span> <span class='ocrx_word' id='word_1_20' title='bbox 1007 1163 1065 1225; x_wconf 89' lang='lat' dir='ltr'>qua</span> <span class='ocrx_word' id='word_1_21' title='bbox 1087 1152 1157 1226; x_wconf 94' lang='lat' dir='ltr'>post</span> <span class='ocrx_word' id='word_1_22' title='bbox 1179 1162 1246 1207; x_wconf 90' lang='lat' dir='ltr'>eam</span> <span class='ocrx_word' id='word_1_23' title='bbox 1268 1163 1346 1226; x_wconf 88' lang='lat' dir='ltr'>quae</span> <span class='ocrx_word' id='word_1_24' title='bbox 1368 1162 1438 1206; x_wconf 85' lang='lat' dir='ltr'>mox</span> <span class='ocrx_word' id='word_1_25' title='bbox 1453 1147 1653 1226; x_wconf 78' lang='lat' dir='ltr'><strong>pronunciata</strong></span> <span class='ocrx_word' id='word_1_26' title='bbox 1702 1150 1837 1209; x_wconf 73' lang='lat' dir='ltr'>conterar</span> <span class='ocrx_word' id='word_1_27' title='bbox 1864 1155 1896 1208; x_wconf 84' lang='lat' dir='ltr'>te</span> <span class='ocrx_word' id='word_1_28' title='bbox 1920 1171 1981 1225; x_wconf 69' lang='lat' dir='ltr'>my-</span> 
     </span>
    </p>
   </div>
   <div class='ocr_carea' id='block_1_4' title="bbox 274 1239 1872 5086">
    <p class='ocr_par' dir='ltr' id='par_1_4' title="bbox 274 1239 1872 5086">
     <span class='ocr_line' id='line_1_4' title="bbox 277 1239 1872 1330; baseline -0.004 -12"><span class='ocrx_word' id='word_1_29' title='bbox 277 1264 324 1318; x_wconf 92' lang='lat' dir='ltr'>est</span> <span class='ocrx_word' id='word_1_30' title='bbox 347 1252 384 1316; x_wconf 90' lang='lat' dir='ltr'>de</span> <span class='ocrx_word' id='word_1_31' title='bbox 407 1253 537 1324; x_wconf 83' lang='lat' dir='ltr'>veritate</span> <span class='ocrx_word' id='word_1_32' title='bbox 560 1250 752 1312; x_wconf 90' lang='lat' dir='ltr'>institutionis</span> <span class='ocrx_word' id='word_1_33' title='bbox 776 1249 978 1326; x_wconf 89' lang='lat' dir='ltr'>Sacramenti‚</span> <span class='ocrx_word' id='word_1_34' title='bbox 1002 1249 1100 1329; x_wconf 82' lang='lat' dir='ltr'>deque</span> <span class='ocrx_word' id='word_1_35' title='bbox 1124 1251 1189 1330; x_wconf 77' lang='lat' dir='ltr'>eJus</span> <span class='ocrx_word' id='word_1_36' title='bbox 1212 1266 1287 1310; x_wconf 87' lang='lat' dir='ltr'>vero</span> <span class='ocrx_word' id='word_1_37' title='bbox 1311 1239 1341 1309; x_wconf 86' lang='lat' dir='ltr'>et</span> <span class='ocrx_word' id='word_1_38' title='bbox 1364 1255 1447 1310; x_wconf 90' lang='lat' dir='ltr'>certa</span> <span class='ocrx_word' id='word_1_39' title='bbox 1466 1241 1750 1330; x_wconf 45' lang='lat' dir='ltr'>repressor-⁸²⁰¹&amp;</span> <span class='ocrx_word' id='word_1_40' title='bbox 1769 1239 1872 1294; x_wconf 72' lang='lat' dir='ltr'>cunin.</span> 
     </span>
     <span class='ocr_line' id='line_1_5' title="bbox 276 1347 1652 1432; baseline -0.007 -17"><span class='ocrx_word' id='word_1_41' title='bbox 276 1355 405 1429; x_wconf 85' lang='lat' dir='ltr'>tatione,</span> <span class='ocrx_word' id='word_1_42' title='bbox 426 1351 513 1432; x_wconf 87' lang='lat' dir='ltr'>juxta</span> <span class='ocrx_word' id='word_1_43' title='bbox 536 1357 734 1430; x_wconf 89' lang='lat' dir='ltr'>praeceptum</span> <span class='ocrx_word' id='word_1_44' title='bbox 756 1348 832 1411; x_wconf 86' lang='lat' dir='ltr'>Jesu</span> <span class='ocrx_word' id='word_1_45' title='bbox 855 1347 979 1425; x_wconf 79' lang='lat' dir='ltr'><strong>Christi,</strong></span> <span class='ocrx_word' id='word_1_46' title='bbox 1003 1348 1200 1410; x_wconf 78' lang='lat' dir='ltr'>annunciatur</span> <span class='ocrx_word' id='word_1_47' title='bbox 1221 1362 1303 1408; x_wconf 89' lang='lat' dir='ltr'>mors</span> <span class='ocrx_word' id='word_1_48' title='bbox 1326 1348 1392 1428; x_wconf 87' lang='lat' dir='ltr'>ejus</span> <span class='ocrx_word' id='word_1_49' title='bbox 1412 1354 1442 1408; x_wconf 90' lang='lat' dir='ltr'>et</span> <span class='ocrx_word' id='word_1_50' title='bbox 1458 1349 1652 1410; x_wconf 89' lang='lat' dir='ltr'>resurrectio.</span> 
     </span>
     <span class='ocr_line' id='line_1_6' title="bbox 274 1434 1653 1530; baseline -0.006 -16"><span class='ocrx_word' id='word_1_51' title='bbox 274 1451 308 1515; x_wconf 91' lang='lat' dir='ltr'>ln</span> <span class='ocrx_word' id='word_1_52' title='bbox 331 1450 449 1513; x_wconf 88' lang='lat' dir='ltr'>Graeca</span> <span class='ocrx_word' id='word_1_53' title='bbox 471 1447 602 1510; x_wconf 79' lang='lat' dir='ltr'>Arabica</span> <span class='ocrx_word' id='word_1_54' title='bbox 631 1436 694 1510; x_wconf 87' lang='grc' dir='ltr'><strong><em>Τύν</em></strong></span> <span class='ocrx_word' id='word_1_55' title='bbox 715 1434 862 1510; x_wconf 77' lang='grc' dir='ltr'><strong><em>δύνατόν</em></strong></span> <span class='ocrx_word' id='word_1_56' title='bbox 885 1464 946 1508; x_wconf 90' lang='grc' dir='ltr'>σου</span> <span class='ocrx_word' id='word_1_57' title='bbox 968 1434 1077 1530; x_wconf 89' lang='grc' dir='ltr'><strong><em>κύριε,</em></strong></span> <span class='ocrx_word' id='word_1_58' title='bbox 1101 1445 1209 1507; x_wconf 85' lang='lat' dir='ltr'>Mortis</span> <span class='ocrx_word' id='word_1_59' title='bbox 1223 1453 1294 1506; x_wconf 89' lang='lat' dir='ltr'>tuae</span> <span class='ocrx_word' id='word_1_60' title='bbox 1312 1437 1440 1508; x_wconf 86' lang='lat' dir='ltr'>Domine</span> <span class='ocrx_word' id='word_1_61' title='bbox 1455 1449 1653 1519; x_wconf 83' lang='lat' dir='ltr'>merainimus,</span> 
     </span>
     <span class='ocr_line' id='line_1_7' title="bbox 274 1540 1653 1630; baseline -0.004 -19"><span class='ocrx_word' id='word_1_62' title='bbox 274 1556 433 1630; x_wconf 80' lang='lat' dir='ltr'><strong>postquam</strong></span> <span class='ocrx_word' id='word_1_63' title='bbox 457 1557 506 1611; x_wconf 90' lang='lat' dir='ltr'>ter</span> <span class='ocrx_word' id='word_1_64' title='bbox 528 1547 638 1609; x_wconf 88' lang='lat' dir='ltr'>dictum</span> <span class='ocrx_word' id='word_1_65' title='bbox 662 1555 726 1625; x_wconf 90' lang='lat' dir='ltr'>est,</span> <span class='ocrx_word' id='word_1_66' title='bbox 749 1546 853 1608; x_wconf 86' lang='lat' dir='ltr'>Amen.</span> <span class='ocrx_word' id='word_1_67' title='bbox 885 1544 1035 1609; x_wconf 77' lang='lat' dir='ltr'>consessio</span> <span class='ocrx_word' id='word_1_68' title='bbox 1065 1552 1151 1606; x_wconf 86' lang='lat' dir='ltr'>extat</span> <span class='ocrx_word' id='word_1_69' title='bbox 1179 1544 1210 1606; x_wconf 89' lang='lat' dir='ltr'>in</span> <span class='ocrx_word' id='word_1_70' title='bbox 1239 1540 1355 1606; x_wconf 87' lang='lat' dir='ltr'>Graeca</span> <span class='ocrx_word' id='word_1_71' title='bbox 1381 1544 1477 1608; x_wconf 86' lang='lat' dir='ltr'>Marci</span> <span class='ocrx_word' id='word_1_72' title='bbox 1506 1546 1653 1626; x_wconf 82' lang='lat' dir='ltr'>Litnrgia,</span> 
     </span>
     <span class='ocr_line' id='line_1_8' title="bbox 275 1631 1653 1730; baseline -0.002 -20"><span class='ocrx_word' id='word_1_73' title='bbox 275 1648 329 1711; x_wconf 92' lang='lat' dir='ltr'>sed</span> <span class='ocrx_word' id='word_1_74' title='bbox 352 1648 530 1730; x_wconf 80' lang='lat' dir='ltr'>paraphrasi</span> <span class='ocrx_word' id='word_1_75' title='bbox 553 1645 720 1728; x_wconf 86' lang='lat' dir='ltr'>prolixiore</span> <span class='ocrx_word' id='word_1_76' title='bbox 745 1647 892 1727; x_wconf 89' lang='lat' dir='ltr'>exposita.</span> <span class='ocrx_word' id='word_1_77' title='bbox 921 1632 984 1705; x_wconf 86' lang='lat' dir='ltr'>T6v</span> <span class='ocrx_word' id='word_1_78' title='bbox 1005 1631 1151 1706; x_wconf 80' lang='grc' dir='ltr'><strong><em>δύνατον</em></strong></span> <span class='ocrx_word' id='word_1_79' title='bbox 1173 1634 1320 1705; x_wconf 81' lang='grc' dir='ltr'><em>δέσποτα</em></span> <span class='ocrx_word' id='word_1_80' title='bbox 1348 1632 1441 1729; x_wconf 81' lang='grc' dir='ltr'><strong><em>κύριε</em></strong></span> <span class='ocrx_word' id='word_1_81' title='bbox 1468 1631 1653 1728; x_wconf 83' lang='grc' dir='ltr'><strong><em>παντὸκρα-</em></strong></span> 
     </span>
     <span class='ocr_line' id='line_1_9' title="bbox 275 1733 1654 1856; baseline -0.004 -48"><span class='ocrx_word' id='word_1_82' title='bbox 275 1765 348 1831; x_wconf 89' lang='grc' dir='ltr'><strong><em>τορ,</em></strong></span> <span class='ocrx_word' id='word_1_83' title='bbox 371 1735 567 1856; x_wconf 84' lang='grc' dir='ltr'><strong><em>ε’τιουρύνιε,</em></strong></span> <span class='ocrx_word' id='word_1_84' title='bbox 587 1739 738 1825; x_wconf 77' lang='grc' dir='ltr'><strong><em>βασιλεύ,</em></strong></span> <span class='ocrx_word' id='word_1_85' title='bbox 766 1739 827 1805; x_wconf 81' lang='grc' dir='ltr'>τοῦ</span> <span class='ocrx_word' id='word_1_86' title='bbox 855 1738 1048 1826; x_wconf 76' lang='grc' dir='ltr'><strong><em>μονογενοῦς</em></strong></span> <span class='ocrx_word' id='word_1_87' title='bbox 1077 1758 1138 1803; x_wconf 89' lang='grc' dir='ltr'><strong><em>σοιι</em></strong></span> <span class='ocrx_word' id='word_1_88' title='bbox 1173 1733 1248 1801; x_wconf 78' lang='grc' dir='ltr'><strong><em>υἱοῦ</em></strong></span> <span class='ocrx_word' id='word_1_89' title='bbox 1277 1735 1391 1852; x_wconf 81' lang='grc' dir='ltr'><em>κυρίου</em></span> <span class='ocrx_word' id='word_1_90' title='bbox 1417 1735 1455 1804; x_wconf 83' lang='grc' dir='ltr'>δὲ</span> <span class='ocrx_word' id='word_1_91' title='bbox 1484 1737 1540 1803; x_wconf 87' lang='grc' dir='ltr'>καί</span> <span class='ocrx_word' id='word_1_92' title='bbox 1567 1736 1654 1803; x_wconf 76' lang='grc' dir='ltr'><strong><em>θεοῦ</em></strong></span> 
     </span>
     <span class='ocr_line' id='line_1_10' title="bbox 276 1828 1654 1962; baseline -0.002 -57"><span class='ocrx_word' id='word_1_93' title='bbox 276 1840 330 1907; x_wconf 85' lang='grc' dir='ltr'>καί</span> <span class='ocrx_word' id='word_1_94' title='bbox 360 1841 507 1962; x_wconf 55' lang='grc' dir='ltr'><strong><em>σωτῆρος</em></strong></span> <span class='ocrx_word' id='word_1_95' title='bbox 529 1832 619 1958; x_wconf 78' lang='grc' dir='ltr'><strong><em>ἦμῶγ</em></strong></span> <span class='ocrx_word' id='word_1_96' title='bbox 639 1831 745 1926; x_wconf 79' lang='grc' dir='ltr'><strong><em>Ἰησού</em></strong></span> <span class='ocrx_word' id='word_1_97' title='bbox 766 1835 917 1952; x_wconf 82' lang='grc' dir='ltr'><strong><em>Χριστοῦ</em></strong></span> <span class='ocrx_word' id='word_1_98' title='bbox 939 1834 1223 1924; x_wconf 70' lang='grc' dir='ltr'><strong><em>καταγγέλλοντες,</em></strong></span> <span class='ocrx_word' id='word_1_99' title='bbox 1246 1833 1301 1900; x_wconf 88' lang='grc' dir='ltr'>καί</span> <span class='ocrx_word' id='word_1_100' title='bbox 1322 1828 1381 1948; x_wconf 77' lang='grc' dir='ltr'>τήγ</span> <span class='ocrx_word' id='word_1_101' title='bbox 1402 1829 1577 1924; x_wconf 80' lang='grc' dir='ltr'><strong><em>τριύμερον</em></strong></span> <span class='ocrx_word' id='word_1_102' title='bbox 1598 1834 1654 1902; x_wconf 84' lang='grc' dir='ltr'>καὶ</span> 
     </span>
     <span class='ocr_line' id='line_1_11' title="bbox 276 1926 1654 2029; baseline -0.004 -24"><span class='ocrx_word' id='word_1_103' title='bbox 276 1937 439 2029; x_wconf 79' lang='grc' dir='ltr'><strong><em>μακαρίαν</em></strong></span> <span class='ocrx_word' id='word_1_104' title='bbox 462 1939 568 2006; x_wconf 84' lang='grc' dir='ltr'><strong><em>αὗτού</em></strong></span> <span class='ocrx_word' id='word_1_105' title='bbox 590 1935 626 2002; x_wconf 79' lang='grc' dir='ltr'>ἐκ</span> <span class='ocrx_word' id='word_1_106' title='bbox 647 1937 765 2024; x_wconf 83' lang='grc' dir='ltr'><strong><em>νεκρῶν</em></strong></span> <span class='ocrx_word' id='word_1_107' title='bbox 788 1928 965 2002; x_wconf 73' lang='grc' dir='ltr'><strong><em>ἀνάστασιν</em></strong></span> <span class='ocrx_word' id='word_1_108' title='bbox 989 1928 1232 2021; x_wconf 79' lang='grc' dir='ltr'><strong><em>ὁμολογοῦντες,</em></strong></span> <span class='ocrx_word' id='word_1_109' title='bbox 1254 1933 1307 1998; x_wconf 84' lang='grc' dir='ltr'>καλ</span> <span class='ocrx_word' id='word_1_110' title='bbox 1327 1926 1386 2021; x_wconf 77' lang='grc' dir='ltr'><strong><em>τὴν</em></strong></span> <span class='ocrx_word' id='word_1_111' title='bbox 1401 1931 1438 1999; x_wconf 82' lang='grc' dir='ltr'>ἐκ</span> <span class='ocrx_word' id='word_1_112' title='bbox 1456 1935 1573 2016; x_wconf 80' lang='grc' dir='ltr'><strong><em>δεξιῶν</em></strong></span> <span class='ocrx_word' id='word_1_113' title='bbox 1591 1955 1654 1999; x_wconf 92' lang='grc' dir='ltr'>σου</span> 
     </span>
     <span class='ocr_line' id='line_1_12' title="bbox 275 2026 1654 2124; baseline -0.003 -22"><span class='ocrx_word' id='word_1_114' title='bbox 275 2039 338 2104; x_wconf 84' lang='grc' dir='ltr'>τοῦ</span> <span class='ocrx_word' id='word_1_115' title='bbox 359 2040 447 2104; x_wconf 76' lang='grc' dir='ltr'><strong><em>θεοῦ</em></strong></span> <span class='ocrx_word' id='word_1_116' title='bbox 467 2037 523 2102; x_wconf 84' lang='grc' dir='ltr'>καί</span> <span class='ocrx_word' id='word_1_117' title='bbox 545 2027 671 2124; x_wconf 81' lang='grc' dir='ltr'><strong><em>πατρδς</em></strong></span> <span class='ocrx_word' id='word_1_118' title='bbox 693 2031 869 2122; x_wconf 78' lang='grc' dir='ltr'><strong><em>καθέδραν,</em></strong></span> <span class='ocrx_word' id='word_1_119' title='bbox 892 2031 949 2098; x_wconf 86' lang='grc' dir='ltr'>καὶ</span> <span class='ocrx_word' id='word_1_120' title='bbox 970 2026 1027 2120; x_wconf 73' lang='grc' dir='ltr'><strong><em>τὴν</em></strong></span> <span class='ocrx_word' id='word_1_121' title='bbox 1050 2029 1206 2121; x_wconf 77' lang='grc' dir='ltr'><strong><em>δευτέραν</em></strong></span> <span class='ocrx_word' id='word_1_122' title='bbox 1227 2030 1283 2098; x_wconf 83' lang='lat' dir='ltr'>uui</span> <span class='ocrx_word' id='word_1_123' title='bbox 1304 2027 1442 2122; x_wconf 75' lang='grc' dir='ltr'><strong><em>φρικτῆν</em></strong></span> <span class='ocrx_word' id='word_1_124' title='bbox 1466 2033 1521 2100; x_wconf 83' lang='grc' dir='ltr'>καὶ</span> <span class='ocrx_word' id='word_1_125' title='bbox 1549 2037 1654 2121; x_wconf 81' lang='grc' dir='ltr'><strong><em>φοβε-</em></strong></span> 
     </span>
     <span class='ocr_line' id='line_1_13' title="bbox 275 2124 1652 2228; baseline -0.006 -24"><span class='ocrx_word' id='word_1_126' title='bbox 275 2129 335 2225; x_wconf 84' lang='grc' dir='ltr'>ρύυ</span> <span class='ocrx_word' id='word_1_127' title='bbox 365 2129 470 2203; x_wconf 85' lang='grc' dir='ltr'><strong><em>αύτού</em></strong></span> <span class='ocrx_word' id='word_1_128' title='bbox 497 2132 684 2224; x_wconf 77' lang='grc' dir='ltr'><strong><em>παρουσίαν</em></strong></span> <span class='ocrx_word' id='word_1_129' title='bbox 715 2124 983 2214; x_wconf 85' lang='grc' dir='ltr'><strong><em>ύτιεκδεχδμενοι,</em></strong></span> <span class='ocrx_word' id='word_1_130' title='bbox 1014 2141 1072 2196; x_wconf 91' lang='lat' dir='ltr'>etc.</span> <span class='ocrx_word' id='word_1_131' title='bbox 1114 2133 1255 2210; x_wconf 78' lang='lat' dir='ltr'>Mar-tem,</span> <span class='ocrx_word' id='word_1_132' title='bbox 1290 2134 1420 2196; x_wconf 81' lang='lat' dir='ltr'><em>Domine</em></span> <span class='ocrx_word' id='word_1_133' title='bbox 1449 2138 1652 2228; x_wconf 80' lang='lat' dir='ltr'>ommipotens,</span> 
     </span>
     <span class='ocr_line' id='line_1_14' title="bbox 274 2221 1653 2318; baseline -0.004 -16"><span class='ocrx_word' id='word_1_134' title='bbox 274 2241 344 2302; x_wconf 79' lang='lat' dir='ltr'>Rea</span> <span class='ocrx_word' id='word_1_135' title='bbox 367 2240 524 2313; x_wconf 78' lang='lat' dir='ltr'>coelestis,</span> <span class='ocrx_word' id='word_1_136' title='bbox 546 2238 692 2318; x_wconf 79' lang='lat' dir='ltr'>unipeur&#39;ti</span> <span class='ocrx_word' id='word_1_137' title='bbox 710 2237 767 2316; x_wconf 77' lang='lat' dir='ltr'>fita·</span> <span class='ocrx_word' id='word_1_138' title='bbox 788 2237 848 2309; x_wconf 88' lang='lat' dir='ltr'>tui,</span> <span class='ocrx_word' id='word_1_139' title='bbox 870 2234 996 2295; x_wconf 87' lang='lat' dir='ltr'>Domini</span> <span class='ocrx_word' id='word_1_140' title='bbox 1017 2240 1117 2294; x_wconf 91' lang='lat' dir='ltr'>autem</span> <span class='ocrx_word' id='word_1_141' title='bbox 1136 2233 1198 2294; x_wconf 86' lang='lat' dir='ltr'>Dei</span> <span class='ocrx_word' id='word_1_142' title='bbox 1218 2242 1247 2296; x_wconf 89' lang='lat' dir='ltr'>et</span> <span class='ocrx_word' id='word_1_143' title='bbox 1266 2233 1440 2297; x_wconf 77' lang='lat' dir='ltr'>Saloutaria</span> <span class='ocrx_word' id='word_1_144' title='bbox 1460 2238 1559 2297; x_wconf 78' lang='lat' dir='ltr'>nostri</span> <span class='ocrx_word' id='word_1_145' title='bbox 1577 2221 1653 2297; x_wconf 82' lang='lat' dir='ltr'>Jesu</span> 
     </span>
     <span class='ocr_line' id='line_1_15' title="bbox 276 2329 1654 2414; baseline -0.003 -14"><span class='ocrx_word' id='word_1_146' title='bbox 276 2337 390 2400; x_wconf 77' lang='lat' dir='ltr'>Christi</span> <span class='ocrx_word' id='word_1_147' title='bbox 410 2338 646 2398; x_wconf 78' lang='lat' dir='ltr'>annunciantes:</span> <span class='ocrx_word' id='word_1_148' title='bbox 677 2336 907 2414; x_wconf 79' lang='lat' dir='ltr'>triduanamque</span> <span class='ocrx_word' id='word_1_149' title='bbox 930 2339 959 2393; x_wconf 94' lang='lat' dir='ltr'>et</span> <span class='ocrx_word' id='word_1_150' title='bbox 980 2331 1100 2393; x_wconf 85' lang='lat' dir='ltr'>beatam</span> <span class='ocrx_word' id='word_1_151' title='bbox 1122 2333 1186 2409; x_wconf 85' lang='lat' dir='ltr'>ejus</span> <span class='ocrx_word' id='word_1_152' title='bbox 1208 2349 1229 2392; x_wconf 90' lang='lat' dir='ltr'>a</span> <span class='ocrx_word' id='word_1_153' title='bbox 1250 2334 1379 2394; x_wconf 84' lang='lat' dir='ltr'>mortuis</span> <span class='ocrx_word' id='word_1_154' title='bbox 1400 2329 1654 2413; x_wconf 65' lang='lat' dir='ltr'>remeationem</span> 
     </span>
     <span class='ocr_line' id='line_1_16' title="bbox 276 2429 1653 2516; baseline -0.005 -17"><span class='ocrx_word' id='word_1_155' title='bbox 276 2439 462 2516; x_wconf 69' lang='lat' dir='ltr'>coufitentes,</span> <span class='ocrx_word' id='word_1_156' title='bbox 487 2437 766 2514; x_wconf 76' lang='lat' dir='ltr'>ammessiouemque</span> <span class='ocrx_word' id='word_1_157' title='bbox 788 2433 831 2494; x_wconf 85' lang='lat' dir='ltr'>ad</span> <span class='ocrx_word' id='word_1_158' title='bbox 852 2433 1012 2494; x_wconf 75' lang='lat' dir='ltr'>deuterum</span> <span class='ocrx_word' id='word_1_159' title='bbox 1034 2437 1117 2491; x_wconf 81' lang='lat' dir='ltr'>mam</span> <span class='ocrx_word' id='word_1_160' title='bbox 1137 2429 1198 2492; x_wconf 86' lang='lat' dir='ltr'>Dei</span> <span class='ocrx_word' id='word_1_161' title='bbox 1219 2437 1248 2491; x_wconf 89' lang='lat' dir='ltr'>et</span> <span class='ocrx_word' id='word_1_162' title='bbox 1268 2430 1393 2504; x_wconf 85' lang='lat' dir='ltr'>Patris;</span> <span class='ocrx_word' id='word_1_163' title='bbox 1422 2433 1653 2512; x_wconf 80' lang='lat' dir='ltr'>secundumque,</span> 
     </span>
     <span class='ocr_line' id='line_1_17' title="bbox 276 2527 1652 2611; baseline -0.004 -14"><span class='ocrx_word' id='word_1_164' title='bbox 276 2535 437 2598; x_wconf 86' lang='lat' dir='ltr'>timendum</span> <span class='ocrx_word' id='word_1_165' title='bbox 459 2541 489 2594; x_wconf 92' lang='lat' dir='ltr'>et</span> <span class='ocrx_word' id='word_1_166' title='bbox 509 2533 671 2595; x_wconf 79' lang='lat' dir='ltr'>terribilem</span> <span class='ocrx_word' id='word_1_167' title='bbox 693 2535 757 2611; x_wconf 83' lang='grc' dir='ltr'><strong><em>ιγίιι</em></strong></span> <span class='ocrx_word' id='word_1_168' title='bbox 778 2533 940 2593; x_wconf 84' lang='lat' dir='ltr'>aduentum</span> <span class='ocrx_word' id='word_1_169' title='bbox 962 2537 1182 2608; x_wconf 72' lang='lat' dir='ltr'>exspectantes.</span> <span class='ocrx_word' id='word_1_170' title='bbox 1217 2527 1258 2591; x_wconf 87' lang='lat' dir='ltr'>At</span> <span class='ocrx_word' id='word_1_171' title='bbox 1273 2529 1303 2590; x_wconf 89' lang='lat' dir='ltr'>in</span> <span class='ocrx_word' id='word_1_172' title='bbox 1320 2529 1377 2593; x_wconf 87' lang='lat' dir='ltr'>hac</span> <span class='ocrx_word' id='word_1_173' title='bbox 1402 2529 1538 2610; x_wconf 82' lang='lat' dir='ltr'>Liturgia</span> <span class='ocrx_word' id='word_1_174' title='bbox 1558 2529 1652 2592; x_wconf 89' lang='lat' dir='ltr'>multo</span> 
     </span>
     <span class='ocr_line' id='line_1_18' title="bbox 276 2627 1653 2712; baseline -0.004 -16"><span class='ocrx_word' id='word_1_175' title='bbox 276 2634 401 2697; x_wconf 87' lang='lat' dir='ltr'>brevior</span> <span class='ocrx_word' id='word_1_176' title='bbox 423 2631 556 2695; x_wconf 89' lang='lat' dir='ltr'>occurrit</span> <span class='ocrx_word' id='word_1_177' title='bbox 579 2631 666 2712; x_wconf 89' lang='lat' dir='ltr'>hujus</span> <span class='ocrx_word' id='word_1_178' title='bbox 689 2628 889 2711; x_wconf 78' lang='lat' dir='ltr'>professionis</span> <span class='ocrx_word' id='word_1_179' title='bbox 912 2627 1054 2701; x_wconf 72' lang='grc' dir='ltr'><strong><em>λοιιιιοΙιις</em></strong></span> <span class='ocrx_word' id='word_1_180' title='bbox 1079 2636 1110 2690; x_wconf 92' lang='lat' dir='ltr'>et</span> <span class='ocrx_word' id='word_1_181' title='bbox 1131 2628 1213 2708; x_wconf 84' lang='lat' dir='ltr'>ipsa,</span> <span class='ocrx_word' id='word_1_182' title='bbox 1237 2635 1270 2690; x_wconf 93' lang='lat' dir='ltr'>ut</span> <span class='ocrx_word' id='word_1_183' title='bbox 1291 2627 1402 2691; x_wconf 87' lang='lat' dir='ltr'>multae</span> <span class='ocrx_word' id='word_1_184' title='bbox 1426 2627 1516 2691; x_wconf 81' lang='lat' dir='ltr'>officii</span> <span class='ocrx_word' id='word_1_185' title='bbox 1538 2636 1653 2709; x_wconf 87' lang='lat' dir='ltr'>portes,</span> 
     </span>
     <span class='ocr_line' id='line_1_19' title="bbox 279 2725 1653 2814; baseline -0.004 -19"><span class='ocrx_word' id='word_1_186' title='bbox 279 2751 356 2814; x_wconf 87' lang='lat' dir='ltr'>quae</span> <span class='ocrx_word' id='word_1_187' title='bbox 378 2750 416 2814; x_wconf 89' lang='lat' dir='ltr'>pr</span> <span class='ocrx_word' id='word_1_188' title='bbox 417 2748 573 2812; x_wconf 88' lang='lat' dir='ltr'>aecrpuarn</span> <span class='ocrx_word' id='word_1_189' title='bbox 595 2729 770 2811; x_wconf 86' lang='lat' dir='ltr'>dignitatern</span> <span class='ocrx_word' id='word_1_190' title='bbox 792 2726 911 2800; x_wconf 87' lang='lat' dir='ltr'>habent,</span> <span class='ocrx_word' id='word_1_191' title='bbox 933 2725 1050 2790; x_wconf 89' lang='lat' dir='ltr'>Graece</span> <span class='ocrx_word' id='word_1_192' title='bbox 1071 2745 1088 2788; x_wconf 88' lang='lat' dir='ltr'>a</span> <span class='ocrx_word' id='word_1_193' title='bbox 1109 2726 1224 2808; x_wconf 88' lang='lat' dir='ltr'>populo</span> <span class='ocrx_word' id='word_1_194' title='bbox 1240 2727 1358 2790; x_wconf 90' lang='lat' dir='ltr'>dicitur</span> <span class='ocrx_word' id='word_1_195' title='bbox 1381 2727 1424 2789; x_wconf 91' lang='lat' dir='ltr'>lta</span> <span class='ocrx_word' id='word_1_196' title='bbox 1443 2733 1541 2789; x_wconf 88' lang='lat' dir='ltr'>autern</span> <span class='ocrx_word' id='word_1_197' title='bbox 1557 2728 1653 2790; x_wconf 87' lang='lat' dir='ltr'>verba</span> 
     </span>
     <span class='ocr_line' id='line_1_20' title="bbox 277 2826 1653 2938; baseline -0.005 -43"><span class='ocrx_word' id='word_1_198' title='bbox 277 2834 484 2913; x_wconf 86' lang='lat' dir='ltr'>exprimuntur</span> <span class='ocrx_word' id='word_1_199' title='bbox 507 2831 537 2891; x_wconf 93' lang='lat' dir='ltr'>in</span> <span class='ocrx_word' id='word_1_200' title='bbox 560 2830 683 2910; x_wconf 88' lang='lat' dir='ltr'>antiquo</span> <span class='ocrx_word' id='word_1_201' title='bbox 706 2827 811 2890; x_wconf 92' lang='lat' dir='ltr'>codice</span> <span class='ocrx_word' id='word_1_202' title='bbox 834 2826 948 2908; x_wconf 83' lang='lat' dir='ltr'>Regio,</span> <span class='ocrx_word' id='word_1_203' title='bbox 972 2827 1044 2889; x_wconf 88' lang='lat' dir='ltr'>licet</span> <span class='ocrx_word' id='word_1_204' title='bbox 1067 2835 1209 2908; x_wconf 89' lang='lat' dir='ltr'>corrupta</span> <span class='ocrx_word' id='word_1_205' title='bbox 1240 2827 1279 2938; x_wconf 73' lang='lat' dir='ltr'>ab</span> <span class='ocrx_word' id='word_1_206' title='bbox 1308 2826 1535 2889; x_wconf 87' lang='lat' dir='ltr'>librariorurn&#39;</span> <span class='ocrx_word' id='word_1_207' title='bbox 1526 2828 1653 2908; x_wconf 80' lang='lat' dir='ltr'>tmperi-</span> 
     </span>
     <span class='ocr_line' id='line_1_21' title="bbox 277 2912 1652 3013; baseline -0.004 -21"><span class='ocrx_word' id='word_1_208' title='bbox 277 2933 355 2993; x_wconf 90' lang='lat' dir='ltr'>tiam.</span> <span class='ocrx_word' id='word_1_209' title='bbox 405 2917 470 2992; x_wconf 86' lang='grc' dir='ltr'>Τύυ</span> <span class='ocrx_word' id='word_1_210' title='bbox 491 2917 639 2991; x_wconf 70' lang='grc' dir='ltr'><strong><em>δύνατόν</em></strong></span> <span class='ocrx_word' id='word_1_211' title='bbox 660 2944 720 2991; x_wconf 93' lang='grc' dir='ltr'>σου</span> <span class='ocrx_word' id='word_1_212' title='bbox 742 2914 835 3013; x_wconf 89' lang='grc' dir='ltr'><strong><em>κύριε</em></strong></span> <span class='ocrx_word' id='word_1_213' title='bbox 857 2919 1160 3008; x_wconf 74' lang='grc' dir='ltr'><strong><em>καταγγέλλομεν</em></strong></span> <span class='ocrx_word' id='word_1_214' title='bbox 1138 2921 1194 2986; x_wconf 87' lang='grc' dir='ltr'>καί</span> <span class='ocrx_word' id='word_1_215' title='bbox 1215 2913 1273 3008; x_wconf 76' lang='grc' dir='ltr'><strong><em>τὴν</em></strong></span> <span class='ocrx_word' id='word_1_216' title='bbox 1294 2914 1389 3008; x_wconf 84' lang='grc' dir='ltr'><strong><em>ύγίαν</em></strong></span> <span class='ocrx_word' id='word_1_217' title='bbox 1418 2944 1480 2990; x_wconf 90' lang='grc' dir='ltr'>σου</span> <span class='ocrx_word' id='word_1_218' title='bbox 1507 2912 1652 2989; x_wconf 84' lang='grc' dir='ltr'><strong><em>ανοίστα-</em></strong></span> 
     </span>
     <span class='ocr_line' id='line_1_22' title="bbox 276 3013 1653 3113; baseline -0.002 -23"><span class='ocrx_word' id='word_1_219' title='bbox 276 3044 338 3104; x_wconf 87' lang='grc' dir='ltr'><strong><em>σιν,</em></strong></span> <span class='ocrx_word' id='word_1_220' title='bbox 359 3023 416 3090; x_wconf 84' lang='grc' dir='ltr'>καί</span> <span class='ocrx_word' id='word_1_221' title='bbox 438 3013 603 3112; x_wconf 73' lang='grc' dir='ltr'><strong><em>ύνδλρψιν</em></strong></span> <span class='ocrx_word' id='word_1_222' title='bbox 626 3015 803 3108; x_wconf 68' lang='grc' dir='ltr'><strong><em>ὁμολογοῦν</em></strong></span> <span class='ocrx_word' id='word_1_223' title='bbox 804 3043 858 3100; x_wconf 79' lang='lat' dir='ltr'>rev,</span> <span class='ocrx_word' id='word_1_224' title='bbox 881 3019 918 3086; x_wconf 81' lang='grc' dir='ltr'>σὲ</span> <span class='ocrx_word' id='word_1_225' title='bbox 950 3015 1165 3100; x_wconf 87' lang='grc' dir='ltr'><strong><em>αι’νούμεν,σ</em></strong></span> <span class='ocrx_word' id='word_1_226' title='bbox 1144 3019 1182 3086; x_wconf 81' lang='grc' dir='ltr'>σὲ</span> <span class='ocrx_word' id='word_1_227' title='bbox 1210 3013 1423 3106; x_wconf 80' lang='grc' dir='ltr'><strong><em>εὐλογοῦμεν,</em></strong></span> <span class='ocrx_word' id='word_1_228' title='bbox 1450 3019 1487 3087; x_wconf 78' lang='grc' dir='ltr'>σί</span> <span class='ocrx_word' id='word_1_229' title='bbox 1517 3013 1653 3113; x_wconf 89' lang='grc' dir='ltr'><strong><em>εύχαρι-</em></strong></span> 
     </span>
     <span class='ocr_line' id='line_1_23' title="bbox 276 3121 1652 3206; baseline -0.002 -17"><span class='ocrx_word' id='word_1_230' title='bbox 276 3123 432 3204; x_wconf 81' lang='grc' dir='ltr'><strong><em>στούμενι</em></strong></span> <span class='ocrx_word' id='word_1_231' title='bbox 457 3133 547 3206; x_wconf 88' lang='lat' dir='ltr'>atque</span> <span class='ocrx_word' id='word_1_232' title='bbox 570 3126 611 3186; x_wconf 90' lang='lat' dir='ltr'>ita</span> <span class='ocrx_word' id='word_1_233' title='bbox 634 3123 762 3186; x_wconf 89' lang='lat' dir='ltr'>habehat</span> <span class='ocrx_word' id='word_1_234' title='bbox 787 3121 886 3185; x_wconf 90' lang='lat' dir='ltr'>codex</span> <span class='ocrx_word' id='word_1_235' title='bbox 910 3122 1057 3204; x_wconf 84' lang='lat' dir='ltr'>Scaligeri</span> <span class='ocrx_word' id='word_1_236' title='bbox 1081 3141 1120 3183; x_wconf 82' lang='lat' dir='ltr'>eu</span> <span class='ocrx_word' id='word_1_237' title='bbox 1143 3140 1203 3204; x_wconf 91' lang='lat' dir='ltr'>quo</span> <span class='ocrx_word' id='word_1_238' title='bbox 1225 3122 1331 3184; x_wconf 89' lang='lat' dir='ltr'>Latina</span> <span class='ocrx_word' id='word_1_239' title='bbox 1353 3125 1455 3186; x_wconf 89' lang='lat' dir='ltr'>versio</span> <span class='ocrx_word' id='word_1_240' title='bbox 1486 3123 1563 3187; x_wconf 86' lang='lat' dir='ltr'>iacta</span> <span class='ocrx_word' id='word_1_241' title='bbox 1595 3133 1652 3204; x_wconf 91' lang='lat' dir='ltr'>est,</span> 
     </span>
     <span class='ocr_line' id='line_1_24' title="bbox 275 3173 1686 3308; baseline -0.001 -21"><span class='ocrx_word' id='word_1_242' title='bbox 275 3225 333 3288; x_wconf 91' lang='lat' dir='ltr'>nisi</span> <span class='ocrx_word' id='word_1_243' title='bbox 356 3222 438 3305; x_wconf 89' lang='lat' dir='ltr'>quod</span> <span class='ocrx_word' id='word_1_244' title='bbox 460 3223 577 3286; x_wconf 88' lang='lat' dir='ltr'>additur</span> <span class='ocrx_word' id='word_1_245' title='bbox 599 3217 637 3283; x_wconf 83' lang='grc' dir='ltr'>σὲ</span> <span class='ocrx_word' id='word_1_246' title='bbox 666 3210 881 3298; x_wconf 82' lang='grc' dir='ltr'><strong><em>πιστεύομεν,</em></strong></span> <span class='ocrx_word' id='word_1_247' title='bbox 911 3216 949 3282; x_wconf 83' lang='grc' dir='ltr'>σὲ</span> <span class='ocrx_word' id='word_1_248' title='bbox 973 3207 1185 3301; x_wconf 85' lang='grc' dir='ltr'><strong><em>εύλογούμεν,</em></strong></span> <span class='ocrx_word' id='word_1_249' title='bbox 1215 3216 1271 3283; x_wconf 86' lang='grc' dir='ltr'>καί</span> <span class='ocrx_word' id='word_1_250' title='bbox 1293 3208 1566 3308; x_wconf 84' lang='grc' dir='ltr'><strong><em>εύχαριστοῦμεν,</em></strong></span> <span class='ocrx_word' id='word_1_251' title='bbox 1597 3173 1654 3286; x_wconf 83' lang='grc' dir='ltr'>καί</span> <span class='ocrx_word' id='word_1_252' title='bbox 1684 3271 1686 3276; x_wconf 84' lang='grc'>-</span> 
     </span>
     <span class='ocr_line' id='line_1_25' title="bbox 276 3306 1653 3406; baseline 0 -19"><span class='ocrx_word' id='word_1_253' title='bbox 276 3311 428 3400; x_wconf 77' lang='grc' dir='ltr'><strong><em>δεόμεθα</em></strong></span> <span class='ocrx_word' id='word_1_254' title='bbox 450 3337 510 3385; x_wconf 92' lang='grc' dir='ltr'>σου</span> <span class='ocrx_word' id='word_1_255' title='bbox 532 3311 551 3384; x_wconf 90' lang='lat'>6</span> <span class='ocrx_word' id='word_1_256' title='bbox 572 3308 695 3394; x_wconf 67' lang='lat' dir='ltr'>aetg‘</span> <span class='ocrx_word' id='word_1_257' title='bbox 676 3306 781 3404; x_wconf 64' lang='lat' dir='ltr'>urrais:</span> <span class='ocrx_word' id='word_1_258' title='bbox 804 3319 843 3382; x_wconf 89' lang='lat' dir='ltr'>Et</span> <span class='ocrx_word' id='word_1_259' title='bbox 866 3337 939 3382; x_wconf 90' lang='lat' dir='ltr'>sane</span> <span class='ocrx_word' id='word_1_260' title='bbox 961 3321 992 3380; x_wconf 90' lang='lat' dir='ltr'>in</span> <span class='ocrx_word' id='word_1_261' title='bbox 1023 3316 1137 3381; x_wconf 87' lang='lat' dir='ltr'>Codice</span> <span class='ocrx_word' id='word_1_262' title='bbox 1164 3318 1262 3402; x_wconf 84' lang='lat' dir='ltr'>Regio</span> <span class='ocrx_word' id='word_1_263' title='bbox 1301 3320 1429 3383; x_wconf 82' lang='lat' dir='ltr'>formula</span> <span class='ocrx_word' id='word_1_264' title='bbox 1459 3322 1509 3386; x_wconf 92' lang='lat' dir='ltr'>illa</span> <span class='ocrx_word' id='word_1_265' title='bbox 1539 3341 1653 3406; x_wconf 86' lang='lat' dir='ltr'>graeca</span> 
     </span>
     <span class='ocr_line' id='line_1_26' title="bbox 277 3417 1652 3503; baseline 0 -19"><span class='ocrx_word' id='word_1_266' title='bbox 277 3431 416 3503; x_wconf 82' lang='lat' dir='ltr'>tanquam</span> <span class='ocrx_word' id='word_1_267' title='bbox 439 3421 594 3483; x_wconf 88' lang='lat' dir='ltr'>notissima</span> <span class='ocrx_word' id='word_1_268' title='bbox 618 3428 648 3482; x_wconf 89' lang='lat' dir='ltr'>et</span> <span class='ocrx_word' id='word_1_269' title='bbox 670 3420 701 3481; x_wconf 89' lang='lat' dir='ltr'>in</span> <span class='ocrx_word' id='word_1_270' title='bbox 724 3437 778 3483; x_wconf 90' lang='lat' dir='ltr'>ore</span> <span class='ocrx_word' id='word_1_271' title='bbox 800 3417 917 3500; x_wconf 87' lang='lat' dir='ltr'>plebis,</span> <span class='ocrx_word' id='word_1_272' title='bbox 940 3435 1002 3478; x_wconf 88' lang='lat' dir='ltr'>non</span> <span class='ocrx_word' id='word_1_273' title='bbox 1024 3418 1143 3502; x_wconf 79' lang='lat' dir='ltr'>integra</span> <span class='ocrx_word' id='word_1_274' title='bbox 1166 3418 1363 3481; x_wconf 82' lang='lat' dir='ltr'>adscribitur:</span> <span class='ocrx_word' id='word_1_275' title='bbox 1386 3421 1416 3482; x_wconf 88' lang='lat' dir='ltr'>in</span> <span class='ocrx_word' id='word_1_276' title='bbox 1430 3431 1534 3485; x_wconf 88' lang='lat' dir='ltr'>nostro</span> <span class='ocrx_word' id='word_1_277' title='bbox 1551 3431 1652 3486; x_wconf 87' lang='lat' dir='ltr'>autern</span> 
     </span>
     <span class='ocr_line' id='line_1_27' title="bbox 275 3515 1650 3605; baseline 0 -21"><span class='ocrx_word' id='word_1_278' title='bbox 275 3523 370 3605; x_wconf 88' lang='lat' dir='ltr'>prima</span> <span class='ocrx_word' id='word_1_279' title='bbox 393 3527 506 3582; x_wconf 89' lang='lat' dir='ltr'>tantum</span> <span class='ocrx_word' id='word_1_280' title='bbox 528 3520 623 3582; x_wconf 87' lang='lat' dir='ltr'>verba</span> <span class='ocrx_word' id='word_1_281' title='bbox 647 3518 860 3600; x_wconf 82' lang='lat' dir='ltr'>designantur:</span> <span class='ocrx_word' id='word_1_282' title='bbox 884 3517 917 3578; x_wconf 91' lang='grc' dir='ltr'>Ιιι</span> <span class='ocrx_word' id='word_1_283' title='bbox 940 3515 1035 3578; x_wconf 84' lang='lat' dir='ltr'>altero</span> <span class='ocrx_word' id='word_1_284' title='bbox 1058 3515 1157 3599; x_wconf 82' lang='lat' dir='ltr'>Regio</span> <span class='ocrx_word' id='word_1_285' title='bbox 1179 3519 1383 3600; x_wconf 87' lang='lat' dir='ltr'>manuscripto</span> <span class='ocrx_word' id='word_1_286' title='bbox 1408 3520 1499 3582; x_wconf 84' lang='lat' dir='ltr'>rerba</span> <span class='ocrx_word' id='word_1_287' title='bbox 1523 3519 1650 3603; x_wconf 84' lang='lat' dir='ltr'>Coptica</span> 
     </span>
     <span class='ocr_line' id='line_1_28' title="bbox 276 3616 1651 3703; baseline 0 -20"><span class='ocrx_word' id='word_1_288' title='bbox 276 3625 476 3703; x_wconf 89' lang='lat' dir='ltr'>apponuntur.</span> <span class='ocrx_word' id='word_1_289' title='bbox 522 3617 555 3681; x_wconf 88' lang='lat' dir='ltr'>ln</span> <span class='ocrx_word' id='word_1_290' title='bbox 576 3617 683 3682; x_wconf 87' lang='lat' dir='ltr'>Jacobi</span> <span class='ocrx_word' id='word_1_291' title='bbox 707 3618 792 3698; x_wconf 85' lang='lat' dir='ltr'>Syra.</span> <span class='ocrx_word' id='word_1_292' title='bbox 814 3617 923 3678; x_wconf 79' lang='lat' dir='ltr'>Mortis</span> <span class='ocrx_word' id='word_1_293' title='bbox 945 3623 1014 3678; x_wconf 90' lang='lat' dir='ltr'>tuae</span> <span class='ocrx_word' id='word_1_294' title='bbox 1035 3616 1164 3678; x_wconf 87' lang='lat' dir='ltr'>Domine</span> <span class='ocrx_word' id='word_1_295' title='bbox 1185 3619 1361 3680; x_wconf 75' lang='lat' dir='ltr'>mensorium</span> <span class='ocrx_word' id='word_1_296' title='bbox 1382 3621 1515 3699; x_wconf 77' lang='lat' dir='ltr'>opimus,</span> <span class='ocrx_word' id='word_1_297' title='bbox 1543 3640 1651 3683; x_wconf 87' lang='lat' dir='ltr'>resur-</span> 
     </span>
     <span class='ocr_line' id='line_1_29' title="bbox 276 3716 1650 3797; baseline 0.001 -17"><span class='ocrx_word' id='word_1_298' title='bbox 276 3721 439 3780; x_wconf 88' lang='lat' dir='ltr'>rectionem</span> <span class='ocrx_word' id='word_1_299' title='bbox 461 3725 543 3779; x_wconf 92' lang='lat' dir='ltr'>tuam</span> <span class='ocrx_word' id='word_1_300' title='bbox 565 3719 754 3797; x_wconf 79' lang='lat' dir='ltr'>eonfitemur,</span> <span class='ocrx_word' id='word_1_301' title='bbox 778 3724 808 3778; x_wconf 90' lang='lat' dir='ltr'>et</span> <span class='ocrx_word' id='word_1_302' title='bbox 828 3716 987 3776; x_wconf 85' lang='lat' dir='ltr'>aduentum</span> <span class='ocrx_word' id='word_1_303' title='bbox 1010 3723 1091 3778; x_wconf 81' lang='lat' dir='ltr'>mum</span> <span class='ocrx_word' id='word_1_304' title='bbox 1113 3717 1276 3778; x_wconf 81' lang='lat' dir='ltr'>sumendum</span> <span class='ocrx_word' id='word_1_305' title='bbox 1303 3725 1525 3796; x_wconf 81' lang='lat' dir='ltr'>enspeetamus:</span> <span class='ocrx_word' id='word_1_306' title='bbox 1554 3723 1650 3782; x_wconf 90' lang='lat' dir='ltr'>mise-</span> 
     </span>
     <span class='ocr_line' id='line_1_30' title="bbox 275 3815 1650 3897; baseline 0.001 -18"><span class='ocrx_word' id='word_1_307' title='bbox 275 3818 442 3879; x_wconf 85' lang='lat' dir='ltr'>ricordiam</span> <span class='ocrx_word' id='word_1_308' title='bbox 464 3824 495 3879; x_wconf 90' lang='lat' dir='ltr'>et</span> <span class='ocrx_word' id='word_1_309' title='bbox 509 3818 646 3897; x_wconf 71' lang='lat' dir='ltr'>arntiam</span> <span class='ocrx_word' id='word_1_310' title='bbox 669 3835 690 3877; x_wconf 95' lang='lat' dir='ltr'>a</span> <span class='ocrx_word' id='word_1_311' title='bbox 713 3823 741 3877; x_wconf 92' lang='lat' dir='ltr'>te</span> <span class='ocrx_word' id='word_1_312' title='bbox 762 3815 966 3895; x_wconf 82' lang='lat' dir='ltr'>postulamus,</span> <span class='ocrx_word' id='word_1_313' title='bbox 988 3816 1195 3876; x_wconf 86' lang='lat' dir='ltr'>remissionem</span> <span class='ocrx_word' id='word_1_314' title='bbox 1214 3824 1411 3893; x_wconf 87' lang='lat' dir='ltr'>peccatorum</span> <span class='ocrx_word' id='word_1_315' title='bbox 1433 3817 1650 3895; x_wconf 84' lang='lat' dir='ltr'>deprecamur;</span> 
     </span>
     <span class='ocr_line' id='line_1_31' title="bbox 276 3911 1649 3994; baseline 0.001 -17"><span class='ocrx_word' id='word_1_316' title='bbox 276 3917 504 3978; x_wconf 62' lang='lat' dir='ltr'>misericordiae</span> <span class='ocrx_word' id='word_1_317' title='bbox 528 3923 598 3978; x_wconf 71' lang='lat' dir='ltr'>triae</span> <span class='ocrx_word' id='word_1_318' title='bbox 619 3916 680 3977; x_wconf 89' lang='lat' dir='ltr'>sint</span> <span class='ocrx_word' id='word_1_319' title='bbox 701 3933 793 3994; x_wconf 86' lang='lat' dir='ltr'>super</span> <span class='ocrx_word' id='word_1_320' title='bbox 814 3932 872 3974; x_wconf 88' lang='lat' dir='ltr'>aas</span> <span class='ocrx_word' id='word_1_321' title='bbox 894 3931 1005 3974; x_wconf 89' lang='lat' dir='ltr'>ournes.</span> <span class='ocrx_word' id='word_1_322' title='bbox 1028 3911 1080 3974; x_wconf 91' lang='lat' dir='ltr'>llla</span> <span class='ocrx_word' id='word_1_323' title='bbox 1103 3920 1202 3976; x_wconf 87' lang='lat' dir='ltr'>autem</span> <span class='ocrx_word' id='word_1_324' title='bbox 1225 3915 1291 3994; x_wconf 86' lang='lat' dir='ltr'>ipsa</span> <span class='ocrx_word' id='word_1_325' title='bbox 1312 3914 1417 3992; x_wconf 89' lang='lat' dir='ltr'>verba,</span> <span class='ocrx_word' id='word_1_326' title='bbox 1440 3915 1545 3978; x_wconf 89' lang='lat' dir='ltr'>eodem</span> <span class='ocrx_word' id='word_1_327' title='bbox 1559 3914 1649 3978; x_wconf 90' lang='lat' dir='ltr'>modo</span> 
     </span>
     <span class='ocr_line' id='line_1_32' title="bbox 278 4011 1651 4096; baseline 0.001 -21"><span class='ocrx_word' id='word_1_328' title='bbox 278 4012 392 4094; x_wconf 89' lang='lat' dir='ltr'>absque</span> <span class='ocrx_word' id='word_1_329' title='bbox 415 4015 617 4077; x_wconf 86' lang='lat' dir='ltr'>immutatione</span> <span class='ocrx_word' id='word_1_330' title='bbox 640 4013 717 4092; x_wconf 84' lang='lat' dir='ltr'>uita,</span> <span class='ocrx_word' id='word_1_331' title='bbox 742 4013 887 4095; x_wconf 85' lang='lat' dir='ltr'>leguntur</span> <span class='ocrx_word' id='word_1_332' title='bbox 908 4012 939 4072; x_wconf 93' lang='lat' dir='ltr'>in</span> <span class='ocrx_word' id='word_1_333' title='bbox 962 4011 1094 4092; x_wconf 78' lang='lat' dir='ltr'>Syriacis</span> <span class='ocrx_word' id='word_1_334' title='bbox 1118 4011 1254 4076; x_wconf 83' lang='lat' dir='ltr'>omnibus</span> <span class='ocrx_word' id='word_1_335' title='bbox 1277 4013 1434 4096; x_wconf 85' lang='lat' dir='ltr'>Liturgiis:</span> <span class='ocrx_word' id='word_1_336' title='bbox 1462 4033 1561 4096; x_wconf 89' lang='lat' dir='ltr'>neque</span> <span class='ocrx_word' id='word_1_337' title='bbox 1583 4034 1651 4078; x_wconf 86' lang='lat' dir='ltr'>nra-</span> 
     </span>
     <span class='ocr_line' id='line_1_33' title="bbox 277 4109 1650 4194; baseline 0.002 -21"><span class='ocrx_word' id='word_1_338' title='bbox 277 4130 369 4194; x_wconf 82' lang='lat' dir='ltr'>gnum</span> <span class='ocrx_word' id='word_1_339' title='bbox 392 4111 555 4175; x_wconf 87' lang='lat' dir='ltr'>discrimen</span> <span class='ocrx_word' id='word_1_340' title='bbox 587 4119 633 4174; x_wconf 88' lang='lat' dir='ltr'>est</span> <span class='ocrx_word' id='word_1_341' title='bbox 660 4113 738 4174; x_wconf 88' lang='lat' dir='ltr'>inter</span> <span class='ocrx_word' id='word_1_342' title='bbox 768 4111 850 4190; x_wconf 85' lang='lat' dir='ltr'>illas,</span> <span class='ocrx_word' id='word_1_343' title='bbox 882 4117 913 4172; x_wconf 90' lang='lat' dir='ltr'>et</span> <span class='ocrx_word' id='word_1_344' title='bbox 942 4109 1015 4171; x_wconf 88' lang='lat' dir='ltr'>alias</span> <span class='ocrx_word' id='word_1_345' title='bbox 1055 4111 1271 4194; x_wconf 79' lang='lat' dir='ltr'>quuscurnque</span> <span class='ocrx_word' id='word_1_346' title='bbox 1299 4113 1439 4194; x_wconf 81' lang='lat' dir='ltr'>linguae,</span> <span class='ocrx_word' id='word_1_347' title='bbox 1468 4131 1545 4192; x_wconf 91' lang='lat' dir='ltr'>quae</span> <span class='ocrx_word' id='word_1_348' title='bbox 1573 4115 1650 4176; x_wconf 87' lang='lat' dir='ltr'>hanc</span> 
     </span>
     <span class='ocr_line' id='line_1_34' title="bbox 277 4209 1649 4293; baseline 0.004 -22"><span class='ocrx_word' id='word_1_349' title='bbox 277 4212 588 4274; x_wconf 86' lang='lat' dir='ltr'>commemorationem</span> <span class='ocrx_word' id='word_1_350' title='bbox 612 4210 766 4289; x_wconf 87' lang='lat' dir='ltr'>exhibent,</span> <span class='ocrx_word' id='word_1_351' title='bbox 791 4211 863 4273; x_wconf 88' lang='lat' dir='ltr'>iicet</span> <span class='ocrx_word' id='word_1_352' title='bbox 885 4227 946 4271; x_wconf 89' lang='lat' dir='ltr'>non</span> <span class='ocrx_word' id='word_1_353' title='bbox 969 4209 1070 4272; x_wconf 87' lang='lat' dir='ltr'>verbis</span> <span class='ocrx_word' id='word_1_354' title='bbox 1094 4211 1209 4293; x_wconf 88' lang='lat' dir='ltr'>populi,</span> <span class='ocrx_word' id='word_1_355' title='bbox 1225 4213 1281 4276; x_wconf 92' lang='lat' dir='ltr'>sed</span> <span class='ocrx_word' id='word_1_356' title='bbox 1302 4212 1486 4276; x_wconf 88' lang='lat' dir='ltr'>Sacerdotis.</span> <span class='ocrx_word' id='word_1_357' title='bbox 1510 4213 1542 4274; x_wconf 86' lang='lat' dir='ltr'>tn</span> <span class='ocrx_word' id='word_1_358' title='bbox 1558 4213 1649 4277; x_wconf 85' lang='lat' dir='ltr'>Missa</span> 
     </span>
     <span class='ocr_line' id='line_1_35' title="bbox 277 4308 1650 4393; baseline 0.003 -24"><span class='ocrx_word' id='word_1_359' title='bbox 277 4311 354 4370; x_wconf 87' lang='lat' dir='ltr'>enim</span> <span class='ocrx_word' id='word_1_360' title='bbox 378 4309 585 4391; x_wconf 80' lang='lat' dir='ltr'>chrysostomi</span> <span class='ocrx_word' id='word_1_361' title='bbox 607 4311 663 4385; x_wconf 90' lang='lat' dir='ltr'>ita,</span> <span class='ocrx_word' id='word_1_362' title='bbox 686 4317 755 4389; x_wconf 92' lang='lat' dir='ltr'>post</span> <span class='ocrx_word' id='word_1_363' title='bbox 776 4309 872 4371; x_wconf 85' lang='lat' dir='ltr'>Amen</span> <span class='ocrx_word' id='word_1_364' title='bbox 892 4308 1082 4370; x_wconf 86' lang='lat' dir='ltr'>inclamatum</span> <span class='ocrx_word' id='word_1_365' title='bbox 1107 4329 1123 4372; x_wconf 90' lang='lat' dir='ltr'>a</span> <span class='ocrx_word' id='word_1_366' title='bbox 1146 4311 1279 4392; x_wconf 85' lang='lat' dir='ltr'>populo,</span> <span class='ocrx_word' id='word_1_367' title='bbox 1310 4309 1460 4374; x_wconf 88' lang='lat' dir='ltr'>Sacerdos</span> <span class='ocrx_word' id='word_1_368' title='bbox 1485 4312 1650 4393; x_wconf 84' lang='lat' dir='ltr'>prosequi-</span> 
     </span>
     <span class='ocr_line' id='line_1_36' title="bbox 278 4395 1649 4507; baseline 0.005 -40"><span class='ocrx_word' id='word_1_369' title='bbox 278 4413 341 4468; x_wconf 87' lang='lat' dir='ltr'>tur:</span> <span class='ocrx_word' id='word_1_370' title='bbox 364 4400 579 4491; x_wconf 80' lang='grc' dir='ltr'><strong><em>Μεμνημένοι</em></strong></span> <span class='ocrx_word' id='word_1_371' title='bbox 600 4399 709 4470; x_wconf 87' lang='grc' dir='ltr'><strong><em>τοίνυν</em></strong></span> <span class='ocrx_word' id='word_1_372' title='bbox 737 4403 797 4492; x_wconf 78' lang='grc' dir='ltr'>τῆς</span> <span class='ocrx_word' id='word_1_373' title='bbox 827 4401 990 4507; x_wconf 70' lang='lat' dir='ltr'>sompnium</span> <span class='ocrx_word' id='word_1_374' title='bbox 1018 4395 1141 4492; x_wconf 84' lang='grc' dir='ltr'><strong><em>ταύτης</em></strong></span> <span class='ocrx_word' id='word_1_375' title='bbox 1166 4401 1312 4494; x_wconf 81' lang='grc' dir='ltr'><strong><em>ἐντολῆς,</em></strong></span> <span class='ocrx_word' id='word_1_376' title='bbox 1340 4405 1396 4472; x_wconf 83' lang='grc' dir='ltr'>καί</span> <span class='ocrx_word' id='word_1_377' title='bbox 1428 4396 1558 4473; x_wconf 73' lang='grc' dir='ltr'><strong><em>πάντων</em></strong></span> <span class='ocrx_word' id='word_1_378' title='bbox 1584 4409 1649 4474; x_wconf 89' lang='grc' dir='ltr'><strong><em>τῶν</em></strong></span> 
     </span>
     <span class='ocr_line' id='line_1_37' title="bbox 277 4493 1650 4620; baseline 0.004 -54"><span class='ocrx_word' id='word_1_379' title='bbox 277 4493 362 4590; x_wconf 73' lang='lat' dir='ltr'>deria</span> <span class='ocrx_word' id='word_1_380' title='bbox 385 4496 478 4590; x_wconf 77' lang='grc' dir='ltr'><strong><em>ἡμῶν</em></strong></span> <span class='ocrx_word' id='word_1_381' title='bbox 499 4498 724 4620; x_wconf 61' lang='lat' dir='ltr'>peremptum,</span> <span class='ocrx_word' id='word_1_382' title='bbox 746 4502 807 4570; x_wconf 86' lang='grc' dir='ltr'>τοῦ</span> <span class='ocrx_word' id='word_1_383' title='bbox 828 4523 983 4618; x_wconf 80' lang='grc' dir='ltr'><strong><em>ρταυρου,</em></strong></span> <span class='ocrx_word' id='word_1_384' title='bbox 1004 4503 1066 4569; x_wconf 84' lang='grc' dir='ltr'>τοῦ</span> <span class='ocrx_word' id='word_1_385' title='bbox 1087 4497 1206 4593; x_wconf 78' lang='grc' dir='ltr'><strong><em>τύφου,</em></strong></span> <span class='ocrx_word' id='word_1_386' title='bbox 1228 4507 1284 4592; x_wconf 76' lang='grc' dir='ltr'>τῆς</span> <span class='ocrx_word' id='word_1_387' title='bbox 1309 4498 1528 4595; x_wconf 81' lang='grc' dir='ltr'><strong><em>τριημίρου</em></strong></span> <span class='ocrx_word' id='word_1_388' title='bbox 1506 4501 1650 4574; x_wconf 86' lang='grc' dir='ltr'><strong><em>αναστοί-</em></strong></span> 
     </span>
     <span class='ocr_line' id='line_1_38' title="bbox 277 4591 1651 4724; baseline 0.007 -61"><span class='ocrx_word' id='word_1_389' title='bbox 277 4619 374 4678; x_wconf 86' lang='grc' dir='ltr'><strong><em>σειος,</em></strong></span> <span class='ocrx_word' id='word_1_390' title='bbox 407 4603 466 4688; x_wconf 82' lang='grc' dir='ltr'>τῆς</span> <span class='ocrx_word' id='word_1_391' title='bbox 488 4597 536 4677; x_wconf 83' lang='grc' dir='ltr'>είς</span> <span class='ocrx_word' id='word_1_392' title='bbox 557 4593 717 4691; x_wconf 82' lang='grc' dir='ltr'><strong><em>ούρανούς</em></strong></span> <span class='ocrx_word' id='word_1_393' title='bbox 739 4591 947 4724; x_wconf 72' lang='grc' dir='ltr'><strong><em>ύναβύρειυς,</em></strong></span> <span class='ocrx_word' id='word_1_394' title='bbox 974 4602 1033 4690; x_wconf 80' lang='grc' dir='ltr'>τῆς</span> <span class='ocrx_word' id='word_1_395' title='bbox 1054 4599 1092 4669; x_wconf 82' lang='grc' dir='ltr'>ἐκ</span> <span class='ocrx_word' id='word_1_396' title='bbox 1113 4605 1227 4686; x_wconf 81' lang='grc' dir='ltr'><strong><em>δεξιῶν</em></strong></span> <span class='ocrx_word' id='word_1_397' title='bbox 1248 4609 1318 4670; x_wconf 74' lang='grc' dir='ltr'>καθ</span> <span class='ocrx_word' id='word_1_398' title='bbox 1318 4602 1427 4695; x_wconf 81' lang='grc' dir='ltr'><strong><em>έ,δρας</em></strong></span> <span class='ocrx_word' id='word_1_399' title='bbox 1449 4606 1508 4693; x_wconf 83' lang='grc' dir='ltr'>τῆς</span> <span class='ocrx_word' id='word_1_400' title='bbox 1536 4603 1651 4673; x_wconf 81' lang='grc' dir='ltr'><strong><em>διιτέ-</em></strong></span> 
     </span>
     <span class='ocr_line' id='line_1_39' title="bbox 277 4693 1650 4795; baseline 0.007 -32"><span class='ocrx_word' id='word_1_401' title='bbox 277 4721 337 4787; x_wconf 87' lang='grc' dir='ltr'>ρας</span> <span class='ocrx_word' id='word_1_402' title='bbox 357 4699 414 4766; x_wconf 83' lang='grc' dir='ltr'>καὶ</span> <span class='ocrx_word' id='word_1_403' title='bbox 436 4693 570 4782; x_wconf 84' lang='grc' dir='ltr'><strong><em>ἐνδόξου</em></strong></span> <span class='ocrx_word' id='word_1_404' title='bbox 591 4693 692 4767; x_wconf 77' lang='grc' dir='ltr'><strong><em>πάλιν</em></strong></span> <span class='ocrx_word' id='word_1_405' title='bbox 719 4699 905 4791; x_wconf 84' lang='grc' dir='ltr'><strong><em>παρουσίας</em></strong></span> <span class='ocrx_word' id='word_1_406' title='bbox 928 4694 971 4768; x_wconf 84' lang='grc' dir='ltr'>τύ</span> <span class='ocrx_word' id='word_1_407' title='bbox 1000 4695 1044 4768; x_wconf 83' lang='grc' dir='ltr'>σύ</span> <span class='ocrx_word' id='word_1_408' title='bbox 1072 4699 1109 4768; x_wconf 80' lang='grc' dir='ltr'>ἐκ</span> <span class='ocrx_word' id='word_1_409' title='bbox 1141 4704 1207 4771; x_wconf 88' lang='grc' dir='ltr'><strong><em>τῶν</em></strong></span> <span class='ocrx_word' id='word_1_410' title='bbox 1235 4705 1301 4771; x_wconf 89' lang='grc' dir='ltr'><strong><em>σῶν</em></strong></span> <span class='ocrx_word' id='word_1_411' title='bbox 1327 4725 1382 4771; x_wconf 93' lang='grc' dir='ltr'>σοι</span> <span class='ocrx_word' id='word_1_412' title='bbox 1416 4703 1650 4795; x_wconf 80' lang='grc' dir='ltr'><strong><em>ιτροςφέρομεν.</em></strong></span> 
     </span>
     <span class='ocr_line' id='line_1_40' title="bbox 275 4801 1652 4889; baseline 0.004 -25"><span class='ocrx_word' id='word_1_413' title='bbox 275 4801 424 4865; x_wconf 72' lang='lat' dir='ltr'>Mentores</span> <span class='ocrx_word' id='word_1_414' title='bbox 445 4804 537 4884; x_wconf 66' lang='lat' dir='ltr'>initur</span> <span class='ocrx_word' id='word_1_415' title='bbox 557 4804 702 4866; x_wconf 74' lang='lat' dir='ltr'>salutaris</span> <span class='ocrx_word' id='word_1_416' title='bbox 723 4805 812 4886; x_wconf 80' lang='lat' dir='ltr'>trajan</span> <span class='ocrx_word' id='word_1_417' title='bbox 833 4805 971 4868; x_wconf 77' lang='grc' dir='ltr'><strong><em>οιαιιδαιι·</em></strong></span> <span class='ocrx_word' id='word_1_418' title='bbox 992 4812 1021 4867; x_wconf 91' lang='lat' dir='ltr'>et</span> <span class='ocrx_word' id='word_1_419' title='bbox 1042 4808 1173 4868; x_wconf 88' lang='lat' dir='ltr'>amnium</span> <span class='ocrx_word' id='word_1_420' title='bbox 1191 4825 1269 4888; x_wconf 84' lang='lat' dir='ltr'>quae</span> <span class='ocrx_word' id='word_1_421' title='bbox 1286 4827 1347 4889; x_wconf 88' lang='lat' dir='ltr'>pro</span> <span class='ocrx_word' id='word_1_422' title='bbox 1363 4808 1451 4871; x_wconf 84' lang='lat' dir='ltr'>uadis</span> <span class='ocrx_word' id='word_1_423' title='bbox 1466 4808 1555 4888; x_wconf 79' lang='lat' dir='ltr'>sacta</span> <span class='ocrx_word' id='word_1_424' title='bbox 1572 4817 1652 4884; x_wconf 80' lang='lat' dir='ltr'>arnt,</span> 
     </span>
     <span class='ocr_line' id='line_1_41' title="bbox 277 4902 1653 4983; baseline 0.007 -22"><span class='ocrx_word' id='word_1_425' title='bbox 277 4902 395 4975; x_wconf 75' lang='grc' dir='ltr'><strong><em>τιιιοίι,</em></strong></span> <span class='ocrx_word' id='word_1_426' title='bbox 418 4902 564 4981; x_wconf 80' lang='lat' dir='ltr'>sepulcri,</span> <span class='ocrx_word' id='word_1_427' title='bbox 594 4903 757 4966; x_wconf 79' lang='lat' dir='ltr'>triduanae</span> <span class='ocrx_word' id='word_1_428' title='bbox 783 4904 1032 4980; x_wconf 73' lang='lat' dir='ltr'>resumectiouis,</span> <span class='ocrx_word' id='word_1_429' title='bbox 1061 4906 1095 4966; x_wconf 89' lang='lat' dir='ltr'>in</span> <span class='ocrx_word' id='word_1_430' title='bbox 1122 4907 1222 4968; x_wconf 86' lang='lat' dir='ltr'>coetos</span> <span class='ocrx_word' id='word_1_431' title='bbox 1250 4908 1456 4983; x_wconf 70' lang='lat' dir='ltr'>mcamioms,</span> <span class='ocrx_word' id='word_1_432' title='bbox 1486 4927 1507 4968; x_wconf 92' lang='lat' dir='ltr'>a</span> <span class='ocrx_word' id='word_1_433' title='bbox 1534 4909 1653 4970; x_wconf 76' lang='lat' dir='ltr'>deutris</span> 
     </span>
     <span class='ocr_line' id='line_1_42' title="bbox 279 5000 1652 5086; baseline 0.007 -28"><span class='ocrx_word' id='word_1_434' title='bbox 279 5000 445 5074; x_wconf 86' lang='lat' dir='ltr'>sessionis,</span> <span class='ocrx_word' id='word_1_435' title='bbox 475 5001 602 5063; x_wconf 74' lang='lat' dir='ltr'>remundi</span> <span class='ocrx_word' id='word_1_436' title='bbox 630 5008 660 5061; x_wconf 91' lang='lat' dir='ltr'>et</span> <span class='ocrx_word' id='word_1_437' title='bbox 686 5001 816 5081; x_wconf 75' lang='lat' dir='ltr'>pieriam·</span> <span class='ocrx_word' id='word_1_438' title='bbox 842 5000 1217 5078; x_wconf 60' lang='lat' dir='ltr'>animadverteram</span> <span class='ocrx_word' id='word_1_439' title='bbox 1250 5025 1292 5067; x_wconf 84' lang='lat' dir='ltr'>ec</span> <span class='ocrx_word' id='word_1_440' title='bbox 1318 5007 1378 5068; x_wconf 86' lang='lat' dir='ltr'>tuis</span> <span class='ocrx_word' id='word_1_441' title='bbox 1406 5005 1461 5068; x_wconf 88' lang='lat' dir='ltr'>tidi</span> <span class='ocrx_word' id='word_1_442' title='bbox 1486 5003 1652 5086; x_wconf 72' lang='lat' dir='ltr'>offerimus.-</span> 
     </span>
    </p>
   </div>
   <div class='ocr_carea' id='block_1_5' title="bbox 0 0 2344 6037">
    <p class='ocr_par' dir='ltr' id='par_1_5' title="bbox 0 0 2344 6037">
     <span class='ocr_line' id='line_1_43' title="bbox 0 0 2344 6037; baseline 0 0"><span class='ocrx_word' id='word_1_443' title='bbox 0 0 2344 6037; x_wconf 95' lang='lat' dir='ltr'> </span> 
     </span>
    </p>
   </div>
  </div>
 </body>
</html>
