4736 6064
742 468 819 543 440
926 581 928 592 Ι
1046 466 1431 546 DEPATRIARGHA
1461 405 1816 546 stillicidio

741 657 879 730 Assami
906 677 981 728 eum
1006 663 1145 727 estam
1170 677 1216 726 ex
1242 652 1358 726 Ordini
1387 655 1572 729 lienesdco
1605 665 1639 726 et
1673 677 1749 727 eum
1781 657 1837 750 qui
1872 677 1959 726 enno
1995 653 2104 728 1664.

742 777 776 844 in
801 775 890 844 vivis
917 781 1007 860 crat,
1032 767 1138 844 suase
1162 771 1323 844 Ascetem
1348 769 1535 866 prefossam
1569 792 1615 841 ex
1648 769 1854 844 lionesterio
1887 775 1993 842 sancti
2025 770 2105 843 lie-

742 891 833 960 cnrii.
868 881 952 958 Cum
968 895 1076 958 autam
1094 889 1141 958 eit
1165 889 1239 982 ipse
1264 885 1438 959 multorom
1465 885 1603 959 eliorum
1620 885 1775 982 exemplo
1790 885 1869 980 eligi
1883 885 2105 960 Petriarcham

742 1027 788 1078 ex
815 1003 939 1076 Ordine
965 1004 1069 1074 sancti
1095 1002 1244 1090 Antonii,
1271 1000 1303 1073 id
1330 1000 1482 1094 mlgoe
1508 1005 1630 1075 nostris
1657 1000 1843 1076 hominibus
1870 1007 1915 1076 ite
1941 1003 2105 1098 intelligi-

741 1129 809 1208 ων,
837 1121 934 1192 acsi
960 1127 1074 1191 essent
1099 1117 1185 1212 epod
1212 1114 1400 1190 Orientales
1428 1115 1701 1212 quemadmodum
1727 1118 1815 1213 opud
1848 1142 1930 1208 nos,
1963 1119 2106 1194 familiae

740 1234 949 1307 Monosticae
964 1233 1090 1327 regulis
1116 1235 1337 1326 institutisque
1349 1232 1535 1322 dissimiles,
1562 1233 1651 1330 quod
1677 1255 1794 1306 verum
1810 1257 1877 1307 non
1891 1244 1952 1308 est
1983 1235 2107 1309 Omnes

741 1353 827 1422 enim
853 1347 914 1424 sub
941 1372 1007 1422 une
1034 1360 1068 1422 et
1094 1348 1210 1420 cedem
1236 1349 1354 1440 regulo
1380 1352 1513 1438 sirmi,
1540 1349 1755 1444 dicuntmque
1780 1349 1837 1422 lilii
1865 1355 1972 1424 seneli
1992 1355 2106 1424 Anto-

740 1469 805 1558 nii,
831 1470 907 1562 quia
932 1466 994 1538 tuit
1019 1465 1085 1552 ille,
1112 1477 1147 1537 ut
1173 1486 1289 1536 omnes
1317 1468 1441 1554 sciunt,
1468 1468 1558 1538 vitoe
1586 1464 1826 1538 Coenobiticee
1850 1477 1956 1562 parer.
2006 1467 2107 1540 Reli-

742 1604 806 1677 que
840 1605 926 1677 queo
954 1582 1041 1654 idem
1073 1578 1308 1654 Wauslebius'
1331 1579 1453 1670 refert,
1489 1580 1532 1653 da
1564 1603 1607 1654 eo
1641 1603 1739 1676 quem
1770 1585 1804 1652 in
1837 1583 2000 1678 Aegypto
2027 1585 2109 1657 vidit

740 1697 933 1771 Petriorche
958 1697 1132 1785 liethaeo,
1160 1697 1232 1788 ejus
1258 1700 1369 1788 viem,
1395 1701 1519 1770 vestitu
1545 1707 1579 1769 et
1604 1719 1732 1769 summa
1757 1697 1985 1793 simplicitate,
2011 1699 2109 1795 pleno

741 1819 944 1887 conveniunt
972 1838 1047 1888 cum
1081 1815 1122 1886 iis
1156 1835 1242 1908 quoe
1273 1811 1338 1885 huo
1362 1836 1469 1908 usqua
1495 1836 1542 1886 ex
1573 1811 1779 1908 Oopnnmm
1811 1813 1985 1911 disciplina
2010 1827 2107 1890 rem-

740 1929 846 2003 limus

1161 2218 1693 2264 ss

1027 2709 1089 2800 llll
1122 2707 1345 2818 SEQUENTI
1376 2708 1560 2804 orriolo
1592 2707 1814 2802 MONITUll.

823 2950 1345 3054 ordinationis.Patriercicae
1375 2976 1609 3048 Alexandrini
1643 2974 1799 3066 Offioinrn
1835 2982 2113 3068 repraesentavit

744 3091 845 3165 nobis
874 3091 994 3163 Codex
1021 3089 1364 3186 Coptica-Arabicas
1389 3091 1640 3185 Seqnierianac
1656 3088 1896 3162 Bibliothecae
1921 3094 2113 3186 inteqcrri-

743 3231 832 3297 mos,
860 3213 954 3301 cajus
979 3211 1169 3280 versionem
1194 3207 1362 3300 subjicere
1388 3212 1493 3279 cnam
1519 3214 1580 3296 est,
1607 3209 1690 3301 qaia
1715 3209 1828 3278 ornain
1854 3230 1943 3301 qaae
1969 3209 2013 3280 de
2029 3211 2111 3283 Pa-

743 3325 974 3397 triarclrararn
991 3325 1307 3396 Ateaandrinornrn
1322 3324 1548 3397 ordinatione
1570 3326 1700 3417 possin
1724 3325 1761 3392 in
1781 3324 1940 3396 Historia
1966 3325 2111 3418 iliornrn,

743 3448 779 3513 et
803 3444 840 3511 in
872 3441 1097 3535 praecedenti
1121 3442 1376 3514 Dissertatione
1409 3440 1593 3513 adserente
1624 3445 1719 3528 sant,
1752 3445 1890 3534 eqreqie
1922 3445 2110 3536 confimat.

744 3557 825 3629 Cam
855 3580 939 3630 vcro
972 3556 1091 3629 Codex
1129 3579 1197 3628 non
1228 3557 1386 3628 rideatnr
1416 3561 1516 3629 annis
1549 3563 1694 3644 centnm,
1729 3563 1789 3628 ant
1817 3557 1923 3650 panto
1956 3561 2111 3653 mplius,

742 3677 924 3764 oetasiior,
948 3677 1094 3768 [ermom
1119 3673 1322 3766 disciplinae
1349 3696 1437 3768 qaae
1460 3675 1551 3767 apad
1577 3672 1733 3766 Coptitas
1767 3671 1878 3744 aenne
1910 3677 2018 3769 oiqet,
2050 3677 2110 3748 iilo

743 3793 914 3861 contineri
940 3793 1158 3863 certisnmnm
1185 3795 1244 3862 est.
1298 3789 1383 3860 inde
1408 3793 1560 3884 seqnitur
1585 3788 1678 3859 iiiam
1702 3793 1741 3858 at
1765 3811 1790 3858 a
1815 3789 1913 3861 nobis
1934 3791 2111 3886 descripta

743 3912 795 3976 eet
829 3929 875 3976 ece
908 3910 1018 3977 variis
1049 3905 1243 3994 antorides,
1278 3906 1468 3978 hodiernae
1501 3927 1575 3977 esse
1607 3903 1746 3974 similem
1784 3910 1819 3974 et
1851 3906 2001 3977 canadas
2035 3930 2111 3980 csse

743 4044 831 4115 qnae
858 4025 1007 4117 antiqais
1034 4023 1180 4116 Coptitis
1205 4028 1371 4115 sompno
1398 4028 1469 4108 cst,·
1495 4027 1598 4115 atqae
1620 4043 1667 4091 ec
1685 4019 1747 4090 illa
1765 4024 1893 4092 rectius
1911 4022 1954 4093 de
1977 4022 2111 4096 illorran

745 4135 1025 4219 ordinationibus
1040 4139 1216 4231 judicari,
1244 4161 1343 4233 qnam
1368 4161 1414 4210 ea
1441 4144 1492 4209 tot
1513 4140 1774 4232 pereqrinornrn
1800 4144 1835 4209 et
1859 4139 2029 4210 Aatornm
2054 4143 2112 4235 qai

743 4255 786 4326 de
810 4254 1010 4327 laeresibas
1035 4259 1247 4349 scripserant
1272 4253 1505 4328 relationibus.
1560 4253 1640 4324 Com
1671 4275 1755 4325 aero
1790 4259 1944 4348 typoram
1974 4255 2111 4349 desecto

743 4376 889 4460 tectam,
931 4378 968 4442 at
1001 4379 1143 4460 eccam,
1186 4371 1387 4464 oriqinalem
1419 4369 1584 4442 cedidere
1616 4391 1684 4440 non
1715 4374 1900 4463 panissas,
1942 4394 1987 4443 ea
2022 4394 2110 4466 qaae

744 4487 942 4561 Graeceio
968 4488 1064 4580 trojae
1092 4489 1208 4582 Officii
1232 4490 1325 4559 serie
1351 4487 1508 4558 dimrntnr
1534 4489 1741 4557 inscrnirnns.

1191 4817 1648 4832 w
