4686 6060
660 548 734 623 342
916 548 1041 627 NOTAE
1067 551 1108 628 Ill
1133 549 1340 628 lllllllllldll
1365 551 1546 629 GRAEGAhl
1572 552 1603 630 S.
1628 553 1757 631 llAllGl.

659 735 754 817 accipi
776 741 888 816 potest.
928 736 1037 814 Primo,
1059 744 1092 798 ut
1113 753 1209 800 voces
1230 735 1301 798 illae
1322 737 1435 799 initium
1458 738 1601 800 orationis
1623 737 1722 802 solum
1744 739 1914 823 designent,
1937 742 2023 824 cujus

658 835 776 916 reliqua
797 853 869 917 pars
892 853 931 898 cx
953 836 1011 898 alia
1032 837 1167 919 liturgia
1196 837 1260 918 peti
1289 836 1409 901 debeat.
1454 836 1607 917 Secundo,
1636 845 1669 900 ut
1695 839 1891 919 paucioribus
1920 840 2022 904 verbis

659 934 819 998 Confessio
842 935 1004 1017 antiquitus
1026 935 1104 998 facta
1127 934 1232 1014 luerit,
1262 954 1322 1016 quo
1352 937 1448 1019 magis
1471 936 1509 999 ad
1530 937 1762 1000 vetustissimam
1790 939 1871 1001 illam
1899 938 2023 1004 formam

658 1033 830 1111 accederet,
853 1052 930 1114 quae
950 1035 1153 1115 usurpabatur
1174 1035 1204 1097 in
1227 1036 1375 1116 primitiva
1398 1030 1553 1114 Ecclesia,
1580 1039 1611 1097 in
1633 1054 1693 1118 qua
1714 1036 1870 1101 dicebatur
1890 1045 2022 1101 tantum-

657 1133 760 1211 modo,
785 1131 902 1212 Corpus
925 1131 1048 1210 Christi,
1070 1133 1174 1197 Amen.
1202 1143 1233 1197 et
1254 1135 1386 1214 Sanguis
1408 1133 1530 1214 Christi,
1559 1135 1664 1200 Arnen.
1710 1136 1906 1218 Quocumque
1932 1136 2021 1200 modo

657 1233 732 1294 haec
755 1231 883 1294 formula
905 1233 1101 1314 intelligatur,
1122 1233 1272 1296 sententia
1296 1242 1343 1296 est
1364 1251 1492 1315 prorsus
1515 1233 1630 1296 eadem.
1657 1233 1732 1296 Nam
1754 1245 1876 1298 veteres
1899 1236 2022 1298 intelle-

660 1335 743 1396 xisse
763 1331 794 1393 id
817 1332 897 1412 quod
922 1332 1206 1395 communicantibus
1220 1332 1418 1414 praebebant,
1441 1351 1512 1395 esse
1525 1350 1637 1414 corpus
1660 1341 1691 1395 et
1711 1336 1887 1416 sangninem
1900 1334 2021 1414 Christi,

657 1442 688 1495 et
708 1419 747 1494 τὸ
760 1431 865 1506 Amen,
888 1430 975 1494 hdem
993 1432 1216 1512 suscipientium
1233 1437 1375 1514 mantum
1391 1449 1468 1513 opus
1483 1439 1549 1495 erat
1566 1433 1769 1514 expressisse,
1793 1434 1916 1496 certiori
1938 1433 2021 1495 nullo

657 1537 834 1614 argumento
855 1531 979 1611 probari
1001 1539 1113 1613 potest,
1136 1549 1223 1612 mam
1246 1531 1441 1594 enucleatiori
1472 1531 1522 1593 illa
1551 1531 1744 1594 confessione
1765 1550 1842 1613 quae
1864 1534 2022 1613 sequenti-

656 1630 712 1694 bus
742 1630 871 1694 saeculis
901 1630 980 1711 apud
1010 1629 1181 1714 Aegyptios
1214 1631 1347 1692 instituta
1377 1637 1434 1709 est,
1458 1637 1544 1692 aucta
1567 1630 1676 1693 deinde
1698 1631 1844 1713 singulari
1873 1632 1961 1694 umus
1990 1633 2021 1694 in

658 1731 777 1794 Christo
799 1739 924 1793 naturae
949 1729 1151 1808 confessione,
1183 1747 1260 1810 quae
1290 1729 1422 1812 abaliis
1445 1746 1533 1810 quam
1561 1747 1578 1790 a
1607 1730 1752 1793 lucebitis
1779 1729 1934 1810 proficisci
1960 1749 2020 1793 non

657 1831 765 1911 potuit,
788 1830 843 1892 sed
866 1837 913 1892 est
935 1837 1034 1892 tamen
1056 1819 1186 1910 antiqua,
1209 1848 1277 1891 cum
1300 1829 1420 1912 legatur
1442 1829 1558 1892 Graece
1581 1829 1611 1890 in
1634 1829 1749 1892 duabus
1771 1829 1872 1893 Basilii
1895 1838 1926 1892 et
1941 1829 2021 1894 Gre-

655 1930 735 2010 gorii
756 1929 900 2012 Liturgiis
933 1948 994 1992 non
1023 1931 1120 1991 minus
1151 1947 1236 2010 quam
1261 1931 1289 1990 in
1314 1927 1456 2010 Copticis.
1501 1928 1550 1990 An
1578 1928 1643 1990 istis
1674 1929 1730 1990 hac
1753 1931 1784 1990 in
1813 1936 1915 2010 parte,
1945 1929 2021 1990 haec

657 2030 744 2091 tertia
766 2029 871 2090 similis
895 2027 995 2106 fuerit,
1017 2030 1088 2092 sciri
1110 2046 1170 2091 non
1193 2034 1303 2109 potest.

743 2126 817 2191 Cum
840 2145 914 2189 vero
937 2127 1025 2210 hujus
1048 2126 1202 2210 liturgiae
1226 2127 1383 2207 antiquitas
1407 2125 1570 2188 indubitata
1600 2127 1655 2204 sit,
1683 2125 1854 2206 frustraque
1882 2132 2021 2187 vexatam

557 2209 561 2218 ’
655 2227 735 2291 illam
759 2247 775 2290 a
800 2227 918 2291 Criticis
940 2229 1119 2308 praesertim
1139 2226 1376 2289 Protestantlbus
1400 2225 1494 2288 fuisse
1517 2226 1621 2303 certis,
1643 2226 1702 2287 nisi
1722 2225 1919 2288 vehementer
1940 2224 2021 2287 lalli-

655 2345 732 2407 mur,
756 2327 939 2414 argumentis
964 2325 1203 2403 demonstretur3
1227 2345 1292 2390 eam
1316 2344 1435 2406 quoque
1451 2325 1488 2386 ad
1501 2325 1735 2387 Alexandrinam
1757 2323 1925 2386 Ecclesiam
1946 2341 2021 2404 pcr-

656 2427 783 2490 tinuisse
807 2444 904 2507 aeque
926 2432 1040 2488 certum
1062 2426 1111 2504 sit,
1133 2429 1242 2488 rituum
1265 2427 1342 2488 ratio
1366 2443 1406 2487 cx
1434 2422 1569 2506 ejusdem
1596 2423 1755 2486 Ecclesiae
1769 2423 1935 2504 ‘disciplina
1958 2425 2022 2505 peti

600 2559 604 2566 ·
657 2527 758 2589 debet.
781 2524 874 2603 lllarn,
898 2533 1038 2605 quantum
1061 2533 1203 2588 accurate
1225 2526 1386 2605 potuimus,
1409 2525 1440 2585 in
1462 2521 1682 2586 Commentario
1697 2523 1794 2603 primo
1814 2522 2020 2601 exposuimus,

657 2623 708 2702 qui
730 2622 768 2685 ad
791 2644 827 2686 ea
850 2623 1037 2702 elucidanda,
1065 2642 1142 2705 quae
1174 2623 1285 2704 aliquid
1315 2623 1505 2686 obscuritatis
1533 2621 1646 2684 habere
1675 2621 1860 2698 viderentur,
1888 2621 2021 2684 sufficiet.

654 2721 748 2785 Notas
770 2723 965 2804 paucissimas
987 2723 1096 2806 adJecit
1118 2723 1250 2786 loannes
1273 2741 1290 2784 a
1312 2722 1342 2787 S.
1365 2721 1499 2800 Andrea,
1522 2721 1699 2802 plerumque
1722 2738 1826 2801 parum
1848 2729 2004 2783 accuratas
2012 2741 2025 2796 ;Ι

654 2821 752 2885 nullas
774 2822 964 2905 Margarinus
986 2823 1130 2906 Rignous,
1153 2823 1204 2903 qui
1225 2822 1305 2884 illam
1326 2820 1492 2904 liturgiam
1514 2819 1720 2883 bibliothecae
1743 2819 1862 2881 Patrum
1885 2819 2020 2894 inseruit,

655 2921 736 3003 quod
757 2921 922 3002 prudenter
944 2922 981 2985 ab
1005 2939 1042 2984 eo
1064 2921 1174 2985 factum
1198 2929 1259 2984 est:
1290 2939 1357 2984 cum
1378 2920 1449 2983 illae
1479 2937 1555 3002 quas
1583 2920 1697 3000 aliquot
1725 2917 1789 2981 aliis
1812 2919 1956 3002 Liturgiis
1983 2919 2022 2982 ad

654 3021 821 3104 marginem
852 3021 1006 3102 apposuit,
1036 3039 1177 3083 summam
1212 3028 1340 3105 arguant
1379 3038 1479 3082 rerum
1514 3020 1795 3083 Ecclesiasticarum
1834 3019 2020 3100 imperitiam.

657 3119 859 3203 Conjecturae
881 3127 980 3184 aulem
1003 3138 1077 3201 quas
1100 3121 1191 3184 variis
1215 3122 1244 3181 in
1274 3121 1349 3182 locis
1373 3119 1515 3199 adhibuit,
1540 3126 1574 3181 ut
1601 3118 1707 3182 lacobi
1733 3115 1898 3200 liturgiam
1922 3117 2020 3181 Grae-

554 3253 558 3262 ·
656 3238 721 3281 cam
743 3228 774 3283 et
796 3219 869 3284 alias
892 3220 1086 3301 interpolatas
1110 3237 1179 3283 esse
1208 3220 1368 3302 probaret,
1398 3220 1576 3300 praesertim
1607 3220 1638 3281 in
1666 3218 1861 3280 invocatione
1892 3215 2019 3298 Spiritus

655 3321 762 3400 sancti,
786 3326 817 3383 et
838 3321 869 3381 in
890 3318 985 3382 forma
1008 3319 1119 3383 Christi
1140 3320 1312 3400 verborum,
1336 3321 1454 3382 exista
1481 3317 1583 3382 ultima
1603 3319 1723 3399 ponitus
1745 3315 1924 3381 refutantur.
1946 3317 2021 3380 Nam

656 3419 780 3484 Graecis
802 3420 959 3485 Ecclesiae
983 3419 1331 3502 Constantinopolitanae
1353 3427 1383 3481 et
1405 3419 1471 3482 aliis
1493 3418 1590 3481 eidem
1603 3417 1746 3498 subjectis
1769 3416 1871 3500 ignota
1894 3433 2019 3496 prorsus

655 3526 721 3581 orat
748 3519 842 3582 hlaroi
872 3521 1018 3604 Liturgia,
1041 3521 1100 3583 imo
1129 3526 1160 3582 et
1181 3518 1411 3594 Alexandrinis,
1442 3516 1562 3599 quando
1592 3517 1711 3579 Marcus
1740 3517 1808 3596 ipse
1837 3513 2019 3593 Patriarcha,

653 3618 860 3682 balsamonem
883 3618 921 3682 de
944 3639 980 3682 ea
1003 3618 1218 3684 consulendum
1241 3619 1367 3697 censuit,
1391 3635 1409 3679 a
1431 3636 1491 3700 quo
1513 3619 1627 3698 rejecta
1650 3623 1708 3681 est.
1752 3614 1901 3679 Convenit
1923 3621 2020 3676 tamen

652 3720 683 3780 in
705 3719 868 3782 verbenam
896 3718 1021 3800 Christi,
1053 3727 1083 3782 et
1104 3718 1306 3783 lnvocationis
1337 3717 1432 3780 sonna
1460 3715 1675 3780 cumGraecis
1706 3713 1772 3806 aliis
1799 3714 1962 3796 Liturgiis,
1990 3721 2020 3776 et

653 3818 806 3899 plerisque
829 3818 1041 3882 Orientalibus.
1086 3819 1181 3902 lgitur
1204 3817 1273 3882 dolo
1302 3817 1392 3898 malo,
1415 3816 1589 3898 corruptela
1612 3815 1687 3878 haec
1710 3832 1798 3896 quam
1820 3813 2018 3894 suspicantur,

654 3937 670 3979 a
695 3917 818 3982 Graecis
841 3918 1062 3981 recentioribus
1085 3920 1202 3993 invecta
1225 3937 1294 3982 esse
1317 3935 1378 3980 non
1401 3919 1508 3999 potuit,
1531 3935 1597 3979 cum
1621 3915 1739 3979 illorum
1762 3912 1891 3976 Codices
1914 3911 2019 3974 eodem

653 4017 742 4081 modo
765 4036 800 4081 sc
822 4017 963 4097 habeant,
988 4036 1047 4099 quo
1076 4018 1273 4081 Alexandrini
1302 4016 1515 4096 Jacobitarum,
1539 4018 1568 4079 in
1592 4033 1668 4097 quos
1700 4005 2019 4094 constantinopolitani

648 4117 699 4198 jus
723 4117 837 4179 nullum
858 4117 1019 4196 habebant,
1043 4126 1073 4180 ct
1101 4119 1236 4198 ipsorum
1259 4116 1503 4189 Orthodoxorum
1534 4116 1585 4198 qul
1607 4115 1665 4178 illis
1687 4112 1832 4197 Liturgiis
1860 4131 1921 4174 non
1950 4119 2019 4174 ute·
2078 4141 2082 4146 ·

652 4216 772 4296 bantur,
796 4224 827 4280 et
848 4219 902 4278 vix
923 4217 989 4281 illas
1012 4225 1169 4280 noverant.
1214 4217 1274 4281 Sed
1304 4219 1390 4280 istam
1412 4217 1507 4280 blarci
1529 4216 1647 4279 nomine
1670 4212 1849 4295 appellatam
1872 4229 1913 4274 ex
1935 4228 2020 4274 com-

652 4316 811 4396 paratione
833 4333 901 4378 cum
923 4316 1047 4397 reliquis
1069 4316 1301 4396 Alexandrinis,
1336 4314 1550 4379 cumGraecis
1579 4313 1796 4395 antiquioribus
1825 4318 1856 4373 et
1884 4310 2019 4374 omnibus

573 4483 578 4492 ,
653 4415 869 4495 Orientalibus,
893 4417 966 4480 satis
990 4417 1117 4498 quisque
1139 4418 1298 4500 intelliget,
1320 4435 1381 4480 non
1403 4415 1492 4479 modo
1506 4435 1523 4478 a
1538 4420 1699 4490 vetustate,
1721 4411 1776 4476 sed
1799 4411 1836 4472 ab
1859 4428 1917 4474 usu
1931 4408 2019 4471 Chri-

651 4517 819 4579 stianorum
843 4516 1075 4600 Aegyptiorum,
1099 4524 1130 4580 et
1152 4516 1363 4580 conformitate
1378 4517 1546 4579 orationum
1565 4522 1595 4577 et
1616 4515 1725 4577 rituum
1747 4530 1813 4575 cum
1837 4510 1914 4590 aliis,
1936 4527 2020 4571 sum-

652 4633 728 4676 mam
750 4615 863 4680 habero
892 4617 1082 4702 dignitatem,
1113 4635 1245 4699 esseque
1273 4617 1391 4698 insigne
1420 4614 1654 4678 Ecclesiasticae
1690 4611 1872 4692 antiquitatis
1911 4628 2019 4672 monu-

651 4723 790 4778 mentum.

1068 4923 1595 4968 ψ·-
