4684 6042
635 567 710 642 114
1079 565 1299 644 lllllllillll
1325 565 1357 644 S.
1384 563 1603 644 GREGORII

633 756 743 829 Patris
787 756 984 850 principium
1031 775 1100 826 non
1145 751 1309 842 habentis,
1348 779 1421 847 χου
1444 747 1598 844 πατρός,
1623 748 1679 824 ὅτι
1705 749 1818 834 οὕτως
1839 745 2026 850 ἠγάπησας

634 863 789 954 quoniam
824 868 1000 952 tantopere
1047 856 1192 928 dilexisti
1232 877 1307 944 uos,
1351 853 1445 950 ἡμᾶς
1477 853 1538 929 καί
1575 852 1711 938 ἔδωκας
1744 853 1896 928 σεαυτόν
1933 851 2024 954 ὑπὲρ

634 973 669 1034 et
696 961 812 1034 dedisti
838 972 871 1031 te
898 963 1004 1056 ipsum
1030 982 1093 1056 pro
1112 956 1211 1032 uobis
1238 961 1309 1030 im·
1351 957 1469 1054 ἡμῶν,
1483 951 1503 990 *
1520 954 1781 1059 ίσφαγιιίσθης.
1822 953 2025 1058 Κεχοίρισιις

633 1066 785 1138 molatus.
841 1060 998 1136 Concede
1028 1060 1125 1135 nobis
1152 1085 1214 1158 per
1239 1065 1309 1132 im·
1352 1061 1453 1157 ἡμῖν,
1475 1058 1539 1135 διό
1560 1069 1628 1136 τοῦ
1649 1057 1835 1158 όχροίντου
1855 1085 1925 1136 σου
1944 1058 2024 1136 στό-

633 1169 832 1240 maculatum
866 1189 989 1264 corpus
1023 1178 1130 1254 mum,
1163 1174 1198 1236 et
1223 1185 1309 1260 pra-
1352 1163 1628 1260 ματος,καίτοῦ
1639 1166 1764 1260 τιμίου
1775 1189 1846 1239 σου
1861 1167 2026 1258 αἳματος,

634 1275 754 1343 tiosum
781 1279 870 1343 mum
900 1271 1096 1363 sanguinem
1121 1268 1309 1340 redemtio-
1351 1266 1419 1365 τὴν
1439 1265 1707 1364 ἀπολύτρωσιν,
1732 1268 1782 1352 τίς
1804 1269 2027 1364 κατηξίωσας

633 1399 722 1464 nem,
739 1377 823 1446 sicut
839 1372 986 1464 henigne
1003 1375 1196 1468 praestitisti
1212 1369 1310 1444 nohis
1352 1371 1521 1467 ἡμᾶςνῦν
1533 1369 1774 1472 φιλόνθριπιε
1785 1373 1846 1446 ίνα
1854 1369 2026 1466 λάβωμεν

633 1499 720 1549 nuno
746 1487 783 1548 ut
810 1501 855 1550 ex
881 1481 962 1572 ipsis
975 1475 1216 1548 Eucharistiam
1243 1497 1310 1546 ac-
1352 1477 1391 1554 ἐξ
1405 1474 1526 1552 αὐτῶν
1541 1469 1783 1576 εὐχαριοτια*
1808 1473 1874 1552 Διό
1891 1476 2027 1570 ἐξομο-

634 1586 832 1678 ciperamus.
859 1580 989 1652 Idcirco
1022 1577 1217 1652 confitemur
1250 1577 1310 1650 tibi
1352 1584 1533 1679 λογοῦραν
1566 1604 1625 1654 σοι
1665 1585 1736 1656 νῦν
1769 1576 2027 1676 φιλόνθρωπε,

634 1707 721 1757 nunc
747 1681 894 1776 benigue
921 1694 956 1755 et
980 1683 1081 1772 hone,
1108 1693 1143 1755 et
1153 1679 1211 1753 rili
1225 1679 1309 1774 gla—
1352 1680 1484 1783 οίγαθί,
1498 1681 1560 1758 καί
1575 1707 1635 1758 σοι
1653 1682 1721 1779 τὴν
1738 1680 1867 1773 δόξαν,
1883 1680 1944 1755 καί
1957 1679 2027 1777 τὴν

635 1791 737 1877 riam,
783 1787 946 1861 honorem
998 1796 1034 1859 et
1079 1787 1308 1860 adorationem
1351 1783 1481 1884 τιμήν,
1502 1785 1563 1860 καί
1584 1785 1653 1883 τὴν
1675 1783 1916 1887 προςιαίνησιν
1940 1782 2028 1881 ότη-

636 1893 791 1964 continue
831 1891 1017 1982 offerimus,
1058 1913 1133 1963 cum
1166 1897 1308 1984 experte
1351 1897 1459 1974 νεκιῡς
1467 1885 2028 1988 ἀναπιλιπομτνωόντρίοίνόρχῳ

636 1998 788 2090 principii
813 1994 914 2067 Patre
940 2005 1019 2085 tuo,
1046 2003 1080 2066 ei
1106 2003 1223 2066 sancto
1250 2001 1313 2063 tuo-
1352 2017 1422 2069 σου
1443 1993 1553 2093 πατρί
1576 1993 1637 2068 καί
1655 2001 1707 2092 τῷ
1720 1993 1814 2095 οίγίῳ
1829 2016 1898 2067 σου
1913 1989 2028 2068 πνεό-

636 2099 772 2193 Βρίτίιυ,
798 2121 897 2188 nunc,
925 2108 988 2170 etc.
1095 2163 1099 2172 ,
1351 2125 1453 2192 ματι,
1470 2105 1550 2173 νυν.

687 2201 874 2272 Πίαοθηῑίδ.
929 2199 1048 2297 capilii
1080 2211 1197 2274 vestra
1229 2199 1309 2272 Do·
1401 2205 1434 2280 ‘O
1455 2204 1617 2290 Διᾶκονος
1638 2210 1735 2300 λέγει.
1789 2197 1860 2285 Τᾶς
1871 2195 2029 2299 κεφαλὰς

636 2309 724 2377 mino
750 2304 916 2377 inclinate.
979 2361 983 2368 .
1351 2302 1458 2400 όραῡν
1473 2312 1526 2402 τῴ
1541 2305 1656 2404 κυρίῳ
1670 2303 1821 2380 κλίνοπε.

753 2515 850 2572 Oratio
872 2513 1055 2570 &adutationis
1076 2513 1184 2586 capilii.
1515 2502 1591 2573 Erip}
1609 2507 1656 2570 τῆς
1673 2505 1871 2570 κεφαλοκίισίας.

690 2669 754 2754 Qui
781 2689 831 2754 es,
860 2668 1033 2760 quimus,
1069 2675 1103 2736 et
1128 2667 1250 2738 venisti
1276 2669 1310 2738 in
1361 2753 1364 2760 Ι
1406 2659 1444 2738 ‘0
1466 2657 1539 2749 ὤν,
1570 2657 1591 2730 ό
1617 2653 1675 2753 ἦν,
1701 2655 1722 2730 ό
1748 2653 1871 2732 ι’λθιόν
1897 2659 1943 2742 τίς
1961 2655 2030 2734 τόν

637 2769 793 2844 mundum
811 2768 854 2840 ad
881 2791 956 2839 eum
978 2767 1242 2860 illuminandum,
1257 2772 1312 2866 qui
1354 2761 1495 2858 κόσμον
1503 2769 1571 2836 τοῦ
1584 2761 1740 2861 φωτίσαι
1756 2758 1915 2836 αὐτόν·ό
1932 2785 2028 2861 σαρ-

638 2896 773 2948 carnem
799 2893 985 2964 assumens,
1011 2870 1110 2944 homo
1126 2870 1234 2946 factus
1261 2895 1312 2964 es,
1354 2867 1498 2958 κωθιίς,
1521 2861 1814 2963 ἐνανθρωπήσας,
1836 2862 1897 2938 καί
1912 2889 2030 2939 στωι-

638 2989 672 3050 et
703 2975 880 3048 crucifixus
914 2998 952 3047 es
985 2997 1047 3072 pro
1082 2973 1196 3064 nobis,
1225 2999 1311 3074 pas·
1356 2970 1486 3071 ρωθιίς
1504 2966 1554 3043 ‹lt‘
1570 2967 1675 3065 ἡμᾶς,
1693 2966 1753 3042 καί
1769 2966 1905 3043 παθών
1922 2971 2031 3043 ἑκου-

639 3103 763 3175 susque
789 3077 978 3150 voluntarie
997 3081 1031 3149 in
1057 3077 1177 3166 carne,
1209 3102 1312 3152 man·
1354 3076 1439 3159 σίως
1468 3072 1596 3170 σαρκί,
1629 3070 1690 3146 καί
1717 3071 1840 3166 μείνας
1869 3069 2029 3167 ἀπαθής,

639 3186 711 3268 sisti
738 3181 949 3278 impassibilis
982 3192 1018 3254 ut
1043 3182 1156 3254 Deus:
1192 3181 1312 3278 sepul-
1354 3177 1402 3262 οἷς
1425 3175 1527 3260 θεός·
1552 3171 1613 3250 καί
1638 3176 1770 3274 ταφείς,
1793 3174 1854 3248 καί
1870 3172 2029 3259 όναστιίς

639 3285 936 3381 ωεφιο,ῑοτῑίοόίο
949 3287 1312 3374 τοοοττοιόοιί,υεοοο-
1354 3289 1398 3378 τῇ
1420 3282 1522 3379 τρίτῃ
1548 3277 1674 3378 ἡμέρᾳ,
1703 3277 1765 3352 καί
1790 3275 1961 3354 ἀνελθών
1982 3281 2030 3362 τίς

640 3389 788 3484 deusque
832 3393 865 3459 in
915 3387 1065 3478 coelum,
1109 3388 1223 3462 sedisti
1270 3388 1312 3461 ad
1356 3379 1550 3485 οὐρανούς,
1588 3381 1649 3457 καί
1677 3381 1834 3465 καθίσας
1862 3384 1902 3457 ἐν
1930 3380 2031 3476 ιίιξίᾳ

639 3492 812 3578 dexteram
838 3491 1070 3583 magnitudinis
1094 3489 1225 3584 gloriae
1238 3491 1312 3564 Pa·
1355 3496 1416 3585 τῆς
1450 3484 1697 3590 ραγαλοσόνης
1729 3491 1790 3580 τῆς
1827 3481 1937 3582 δόξης
1963 3491 2032 3559 τοῦ

638 3599 716 3667 tris:
750 3595 916 3683 divinum,
951 3605 1121 3684 sanctum,
1160 3591 1313 3668 unnsub-
1355 3590 1500 3690 πατρός,
1514 3586 1556 3665 τό
1570 3617 1608 3666 τε
1628 3592 1742 3679 θεῖον,
1756 3587 1818 3662 καί
1833 3587 1953 3689 ἅγιον,
1969 3585 2031 3662 καί

639 3696 824 3781 stantialem
870 3697 1019 3793 aequalis
1059 3702 1236 3794 potestatis
1280 3708 1314 3770 at
1357 3692 1576 3792 ὁμοοίσιον,
1600 3693 1661 3768 καί
1686 3687 1945 3788 όμοιίόναμον,
1970 3687 2031 3766 καί

639 3801 789 3895 gloriae,
830 3811 864 3871 et
905 3811 1119 3874 coaeternum
1154 3802 1311 3898 Spiritum
1360 3797 1556 3895 ὁμόδοξον,
1585 3795 1646 3872 καί
1669 3793 1862 3872 συναίιίιον
1889 3802 2032 3889 πνεῦμα
2104 3845 2109 3856 ·

638 3907 756 3978 misisti
791 3925 893 4000 super
927 3915 1063 3978 sanctos
1098 3915 1174 3978 tuos
1206 3905 1312 3978 disci·
1355 3906 1590 4000 καταπέμψας
1619 3899 1675 3974 ἐπί
1703 3897 1786 3983 τούς
1816 3897 1940 4000 ἁγίους
1962 3922 2031 3972 σου

638 4009 736 4104 pulos
764 4018 798 4080 et
823 4006 1022 4103 Apostalos‚
1050 4017 1223 4103 atqueper
1237 4029 1313 4080 anm
1355 4003 1541 4102 μαθητάς,
1557 4002 1619 4079 καί
1634 3999 1867 4092 ἀποστόλους,
1884 4000 1946 4078 καί
1966 3999 2031 4076 διαί

639 4111 714 4185 illos
739 4110 928 4183 illuminasti
954 4120 989 4182 et
1014 4133 1075 4206 per
1108 4132 1169 4184 eos
1196 4108 1314 4183 orbem
1355 4107 1490 4186 τούτου
1518 4108 1678 4209 φανιίσας
1708 4112 1778 4203 μίν
1807 4103 1949 4197 αὐτούς,
1978 4102 2031 4206 δι’1

638 4218 851 4302 ruriversum3
907 4211 1039 4288 Christe
1086 4237 1171 4287 vare
1218 4215 1313 4287 Deus
1355 4211 1478 4290 αὐτῶν
1502 4210 1544 4287 δὲ
1572 4218 1694 4286 πᾶσαν
1719 4209 1788 4307 τὴν
1814 4211 2031 4306 οίκουρανην

638 4327 763 4391 noster.
1184 4383 1186 4388 .
1356 4321 1507 4419 Χριστέ,
1531 4314 1553 4389 ό
1576 4312 1751 4411 ἀληθινός
1776 4311 1861 4398 θεός
1874 4313 1990 4410 ἡμῶν.

690 4477 699 4493 .
727 4477 735 4494 .
762 4477 771 4493 .
800 4477 808 4492 .
836 4418 972 4492 Gabriel
999 4432 1033 4494 et
1058 4420 1219 4518 Raphael.
1491 4415 1553 4494 καί
1571 4416 1737 4518 Γαβριὴλ
1754 4416 1815 4492 καί
1827 4413 1990 4518 Ῥαφαὴλ.

688 4523 733 4598 Et
769 4524 982 4617 Angelorum
1030 4524 1313 4621 quadriformium
1409 4522 1483 4598 Kal
1498 4529 1575 4600 τῶν
1590 4519 1754 4648 ἀγγέλων
1767 4519 2031 4622 τετραμόρφων

638 4626 825 4701 animalium
854 4631 1149 4724 incorporeorum
1176 4638 1212 4702 et
1233 4629 1313 4702 An-
1357 4625 1466 4719 ζώων
1487 4625 1710 4723 ἀσωματων·
1738 4621 1799 4700 καί
1823 4631 1898 4701 των
1918 4621 2031 4723 ἀγγέ-

638 4730 803 4825 gelum,
821 4735 940 4823 viginti
963 4743 1103 4827 quatuor
1117 4732 1314 4823 Sanianum
1356 4739 1464 4822 λαστ,
1479 4729 1589 4808 titoni
1615 4725 1801 4828 τισσόρων
1828 4729 2031 4828 πρεσβυτί-

639 4837 811 4928 sanctique
838 4835 979 4927 gloriosi
991 4834 1180 4933 Prophetae
1206 4858 1313 4932 praa-
1357 4864 1447 4938 ρων.
1482 4841 1558 4910 Τοῦ
1574 4832 1682 4961 όρίου
1700 4829 1865 4924 ἐνδόξου,
1882 4825 2031 4932 προφή-

638 4940 808 5026 ουτοοτίο,
849 4940 1021 5035 Baptistae
1069 4950 1104 5012 at
1153 4939 1313 5037 Martyris
1355 4967 1444 5028 του,
1465 4936 1701 5042 προδρομου,
1725 4937 1947 5035 βαπτίστου,
1968 4929 2031 5010 καί

638 5040 789 5114 loannis.
1140 5102 1155 5115 .‚
1312 5077 1315 5086 ·
1356 5039 1731 5144 armentarium
1764 5115 1766 5118 .
