<?xml version="1.0" encoding="UTF-8"?>
<!DOCTYPE html PUBLIC "-//W3C//DTD XHTML 1.0 Transitional//EN"
    "http://www.w3.org/TR/xhtml1/DTD/xhtml1-transitional.dtd">
<html xmlns="http://www.w3.org/1999/xhtml" xml:lang="en" lang="en">
 <head>
  <title>
</title>
<meta http-equiv="Content-Type" content="text/html;charset=utf-8" />
  <meta name='ocr-system' content='tesseract 3.04.00' />
  <meta name='ocr-capabilities' content='ocr_page ocr_carea ocr_par ocr_line ocrx_word'/>
</head>
<body>
  <div class='ocr_page' id='page_1' title='image "./liturgiarumorie03renagoog_0635.png"; bbox 0 0 4736 6064; ppageno 0'>
   <div class='ocr_carea' id='block_1_1' title="bbox 868 977 1988 1100">
    <p class='ocr_par' dir='ltr' id='par_1_1' title="bbox 868 977 1988 1100">
     <span class='ocr_line' id='line_1_1' title="bbox 868 977 1988 1100; baseline 0.001 -1"><span class='ocrx_word' id='word_1_1' title='bbox 868 977 1384 1099; x_wconf 78' lang='lat' dir='ltr'><strong>LITURGIA</strong></span> <span class='ocrx_word' id='word_1_2' title='bbox 1455 977 1988 1100; x_wconf 82' lang='lat' dir='ltr'><strong><em>COllllllNlS</em></strong></span> 
     </span>
    </p>
   </div>
   <div class='ocr_carea' id='block_1_2' title="bbox 1017 1193 1825 1476">
    <p class='ocr_par' dir='ltr' id='par_1_2' title="bbox 1017 1193 1825 1476">
     <span class='ocr_line' id='line_1_2' title="bbox 1349 1193 1500 1260; baseline -0.007 0"><span class='ocrx_word' id='word_1_3' title='bbox 1349 1195 1370 1260; x_wconf 92' lang='lat' dir='ltr'><strong><em>s</em></strong></span> <span class='ocrx_word' id='word_1_4' title='bbox 1391 1193 1405 1258; x_wconf 91' lang='lat'>1</span> <span class='ocrx_word' id='word_1_5' title='bbox 1426 1197 1454 1258; x_wconf 88' lang='lat' dir='ltr'>v</span> <span class='ocrx_word' id='word_1_6' title='bbox 1475 1195 1500 1259; x_wconf 86' lang='lat' dir='ltr'><strong><em>u</em></strong></span> 
     </span>
     <span class='ocr_line' id='line_1_3' title="bbox 1017 1376 1825 1476; baseline -0.005 0"><span class='ocrx_word' id='word_1_7' title='bbox 1017 1379 1173 1476; x_wconf 76' lang='lat' dir='ltr'><strong><em>ullor</em></strong></span> <span class='ocrx_word' id='word_1_8' title='bbox 1202 1376 1510 1474; x_wconf 79' lang='lat' dir='ltr'><strong><em>lllllllEllSdLIS</em></strong></span> <span class='ocrx_word' id='word_1_9' title='bbox 1542 1379 1825 1476; x_wconf 83' lang='lat' dir='ltr'><strong>AETHIOPUM.</strong></span> 
     </span>
    </p>
   </div>
   <div class='ocr_carea' id='block_1_3' title="bbox 1003 1662 1841 1761">
    <p class='ocr_par' dir='ltr' id='par_1_3' title="bbox 1003 1662 1841 1761">
     <span class='ocr_line' id='line_1_4' title="bbox 1003 1662 1841 1761; baseline -0.001 -23"><span class='ocrx_word' id='word_1_10' title='bbox 1003 1666 1271 1760; x_wconf 78' lang='lat' dir='ltr'><strong><em>Respooaorimu</em></strong></span> <span class='ocrx_word' id='word_1_11' title='bbox 1296 1669 1476 1758; x_wconf 74' lang='lat' dir='ltr'><strong><em>antequem</em></strong></span> <span class='ocrx_word' id='word_1_12' title='bbox 1502 1662 1662 1761; x_wconf 71' lang='lat' dir='ltr'><strong><em>Liturqia</em></strong></span> <span class='ocrx_word' id='word_1_13' title='bbox 1686 1668 1841 1759; x_wconf 72' lang='lat' dir='ltr'><strong><em>incipiat.</em></strong></span> 
     </span>
    </p>
   </div>
   <div class='ocr_carea' id='block_1_4' title="bbox 735 1883 2110 5029">
    <p class='ocr_par' dir='ltr' id='par_1_4' title="bbox 736 1883 2110 2214">
     <span class='ocr_line' id='line_1_5' title="bbox 808 1883 2110 1998; baseline 0.003 -20"><span class='ocrx_word' id='word_1_14' title='bbox 808 1883 1017 1986; x_wconf 61' lang='grc' dir='ltr'><strong>ΑιιειυιΑ.</strong></span> <span class='ocrx_word' id='word_1_15' title='bbox 1071 1903 1148 1998; x_wconf 84' lang='lat' dir='ltr'><strong><em>Ego</em></strong></span> <span class='ocrx_word' id='word_1_16' title='bbox 1184 1913 1294 1977; x_wconf 89' lang='lat' dir='ltr'><strong><em>autem</em></strong></span> <span class='ocrx_word' id='word_1_17' title='bbox 1333 1905 1367 1974; x_wconf 89' lang='lat' dir='ltr'><strong><em>iu</em></strong></span> <span class='ocrx_word' id='word_1_18' title='bbox 1406 1903 1612 1978; x_wconf 86' lang='lat' dir='ltr'><strong><em>multitudiue</em></strong></span> <span class='ocrx_word' id='word_1_19' title='bbox 1644 1905 1894 1980; x_wconf 81' lang='lat' dir='ltr'><strong><em>misericordiae</em></strong></span> <span class='ocrx_word' id='word_1_20' title='bbox 1933 1918 2013 1981; x_wconf 87' lang='lat' dir='ltr'><strong><em>tuae</em></strong></span> <span class='ocrx_word' id='word_1_21' title='bbox 2052 1913 2110 1982; x_wconf 92' lang='lat' dir='ltr'><strong><em>iu-</em></strong></span> 
     </span>
     <span class='ocr_line' id='line_1_6' title="bbox 739 2019 2110 2118; baseline 0.002 -21"><span class='ocrx_word' id='word_1_22' title='bbox 739 2023 848 2100; x_wconf 89' lang='lat' dir='ltr'><strong><em>troibo</em></strong></span> <span class='ocrx_word' id='word_1_23' title='bbox 874 2027 907 2096; x_wconf 90' lang='lat' dir='ltr'><strong><em>iu</em></strong></span> <span class='ocrx_word' id='word_1_24' title='bbox 935 2024 1067 2097; x_wconf 91' lang='lat' dir='ltr'><strong><em>domum</em></strong></span> <span class='ocrx_word' id='word_1_25' title='bbox 1093 2032 1193 2111; x_wconf 70' lang='lat' dir='ltr'><strong><em>tuam,</em></strong></span> <span class='ocrx_word' id='word_1_26' title='bbox 1221 2019 1370 2094; x_wconf 91' lang='lat' dir='ltr'><strong><em>adorabo</em></strong></span> <span class='ocrx_word' id='word_1_27' title='bbox 1398 2019 1442 2092; x_wconf 94' lang='lat' dir='ltr'><strong><em>ad</em></strong></span> <span class='ocrx_word' id='word_1_28' title='bbox 1466 2021 1623 2118; x_wconf 88' lang='lat' dir='ltr'><strong><em>templum</em></strong></span> <span class='ocrx_word' id='word_1_29' title='bbox 1650 2033 1799 2096; x_wconf 87' lang='lat' dir='ltr'><strong><em>sanctum</em></strong></span> <span class='ocrx_word' id='word_1_30' title='bbox 1825 2033 1914 2096; x_wconf 84' lang='lat' dir='ltr'><strong><em>tuum</em></strong></span> <span class='ocrx_word' id='word_1_31' title='bbox 1930 2027 1965 2097; x_wconf 92' lang='lat' dir='ltr'><strong><em>in</em></strong></span> <span class='ocrx_word' id='word_1_32' title='bbox 1991 2028 2110 2100; x_wconf 82' lang='lat' dir='ltr'><strong><em>timore</em></strong></span> 
     </span>
     <span class='ocr_line' id='line_1_7' title="bbox 736 2152 803 2214; baseline -0.015 0"><span class='ocrx_word' id='word_1_33' title='bbox 736 2152 803 2214; x_wconf 89' lang='lat' dir='ltr'><strong><em>tuo.</em></strong></span> 
     </span>
    </p>

    <p class='ocr_par' dir='ltr' id='par_1_5' title="bbox 737 2251 2110 2448">
     <span class='ocr_line' id='line_1_8' title="bbox 840 2251 2110 2350; baseline 0.001 -19"><span class='ocrx_word' id='word_1_34' title='bbox 840 2253 1035 2332; x_wconf 85' lang='lat' dir='ltr'><strong><em>Confitebor</em></strong></span> <span class='ocrx_word' id='word_1_35' title='bbox 1065 2251 1124 2326; x_wconf 89' lang='lat' dir='ltr'><strong><em>tibi</em></strong></span> <span class='ocrx_word' id='word_1_36' title='bbox 1150 2254 1294 2326; x_wconf 89' lang='lat' dir='ltr'><strong><em>Domine</em></strong></span> <span class='ocrx_word' id='word_1_37' title='bbox 1324 2254 1359 2324; x_wconf 93' lang='lat' dir='ltr'><strong><em>iu</em></strong></span> <span class='ocrx_word' id='word_1_38' title='bbox 1385 2261 1456 2326; x_wconf 88' lang='lat' dir='ltr'><strong><em>toto</em></strong></span> <span class='ocrx_word' id='word_1_39' title='bbox 1489 2252 1594 2326; x_wconf 89' lang='lat' dir='ltr'><strong><em>corde</em></strong></span> <span class='ocrx_word' id='word_1_40' title='bbox 1626 2275 1720 2342; x_wconf 72' lang='lat' dir='ltr'><strong><em>mco,</em></strong></span> <span class='ocrx_word' id='word_1_41' title='bbox 1754 2257 1912 2350; x_wconf 83' lang='lat' dir='ltr'><strong><em>quoniam</em></strong></span> <span class='ocrx_word' id='word_1_42' title='bbox 1944 2257 2110 2332; x_wconf 76' lang='lat' dir='ltr'><strong><em>exaudisti</em></strong></span> 
     </span>
     <span class='ocr_line' id='line_1_9' title="bbox 737 2373 1040 2448; baseline -0.017 -1"><span class='ocrx_word' id='word_1_43' title='bbox 737 2375 845 2448; x_wconf 85' lang='lat' dir='ltr'><strong><em>verba</em></strong></span> <span class='ocrx_word' id='word_1_44' title='bbox 873 2377 941 2447; x_wconf 88' lang='lat' dir='ltr'><strong><em>oris</em></strong></span> <span class='ocrx_word' id='word_1_45' title='bbox 967 2373 1040 2444; x_wconf 92' lang='lat' dir='ltr'><strong><em>mei.</em></strong></span> 
     </span>
    </p>

    <p class='ocr_par' dir='ltr' id='par_1_6' title="bbox 737 2475 2109 2679">
     <span class='ocr_line' id='line_1_10' title="bbox 839 2475 2109 2585; baseline 0.001 -23"><span class='ocrx_word' id='word_1_46' title='bbox 839 2491 876 2562; x_wconf 93' lang='lat' dir='ltr'><strong><em>ln</em></strong></span> <span class='ocrx_word' id='word_1_47' title='bbox 905 2498 1087 2584; x_wconf 89' lang='lat' dir='ltr'><strong><em>conspectu</em></strong></span> <span class='ocrx_word' id='word_1_48' title='bbox 1112 2487 1322 2580; x_wconf 84' lang='lat' dir='ltr'>Angelorum</span> <span class='ocrx_word' id='word_1_49' title='bbox 1348 2475 1500 2582; x_wconf 89' lang='lat' dir='ltr'><strong><em>psallam</em></strong></span> <span class='ocrx_word' id='word_1_50' title='bbox 1515 2485 1587 2578; x_wconf 83' lang='lat' dir='ltr'><strong><em>tibi,</em></strong></span> <span class='ocrx_word' id='word_1_51' title='bbox 1614 2485 1764 2561; x_wconf 86' lang='lat' dir='ltr'><strong><em>adorabo</em></strong></span> <span class='ocrx_word' id='word_1_52' title='bbox 1791 2487 1833 2560; x_wconf 92' lang='lat' dir='ltr'><strong><em>ad</em></strong></span> <span class='ocrx_word' id='word_1_53' title='bbox 1853 2488 2010 2585; x_wconf 86' lang='lat' dir='ltr'><strong><em>templum</em></strong></span> <span class='ocrx_word' id='word_1_54' title='bbox 2023 2514 2109 2564; x_wconf 89' lang='lat' dir='ltr'><strong><em>sau-</em></strong></span> 
     </span>
     <span class='ocr_line' id='line_1_11' title="bbox 737 2616 949 2679; baseline -0.019 0"><span class='ocrx_word' id='word_1_55' title='bbox 737 2617 824 2679; x_wconf 86' lang='lat' dir='ltr'><strong><em>ctum</em></strong></span> <span class='ocrx_word' id='word_1_56' title='bbox 850 2616 949 2679; x_wconf 85' lang='lat' dir='ltr'><strong><em>tuum.</em></strong></span> 
     </span>
    </p>

    <p class='ocr_par' dir='ltr' id='par_1_7' title="bbox 740 2719 2108 2942">
     <span class='ocr_line' id='line_1_12' title="bbox 842 2719 2108 2812; baseline 0.001 -18"><span class='ocrx_word' id='word_1_57' title='bbox 842 2721 1045 2799; x_wconf 80' lang='lat' dir='ltr'><strong>Sacerdotes</strong></span> <span class='ocrx_word' id='word_1_58' title='bbox 1083 2722 1128 2792; x_wconf 89' lang='lat' dir='ltr'><strong><em>tui</em></strong></span> <span class='ocrx_word' id='word_1_59' title='bbox 1161 2719 1336 2792; x_wconf 86' lang='lat' dir='ltr'><strong><em>induantur</em></strong></span> <span class='ocrx_word' id='word_1_60' title='bbox 1370 2721 1548 2812; x_wconf 85' lang='lat' dir='ltr'><strong><em>justitiam,</em></strong></span> <span class='ocrx_word' id='word_1_61' title='bbox 1593 2730 1626 2792; x_wconf 90' lang='lat' dir='ltr'><strong><em>et</em></strong></span> <span class='ocrx_word' id='word_1_62' title='bbox 1673 2722 1779 2794; x_wconf 87' lang='lat' dir='ltr'><strong><em>sancti</em></strong></span> <span class='ocrx_word' id='word_1_63' title='bbox 1817 2723 1863 2793; x_wconf 90' lang='lat' dir='ltr'><strong><em>tui</em></strong></span> <span class='ocrx_word' id='word_1_64' title='bbox 1902 2721 2108 2796; x_wconf 81' lang='lat' dir='ltr'><strong><em>exudtatioue</em></strong></span> 
     </span>
     <span class='ocr_line' id='line_1_13' title="bbox 740 2835 944 2942; baseline 0 -34"><span class='ocrx_word' id='word_1_65' title='bbox 740 2835 944 2942; x_wconf 85' lang='lat' dir='ltr'><strong><em>exultabunt.</em></strong></span> 
     </span>
    </p>

    <p class='ocr_par' dir='ltr' id='par_1_8' title="bbox 738 2951 2110 3144">
     <span class='ocr_line' id='line_1_14' title="bbox 839 2951 2110 3052; baseline -0.002 -21"><span class='ocrx_word' id='word_1_66' title='bbox 839 2957 1016 3050; x_wconf 88' lang='lat' dir='ltr'><strong><em>Asperges</em></strong></span> <span class='ocrx_word' id='word_1_67' title='bbox 1043 2975 1097 3026; x_wconf 92' lang='lat' dir='ltr'><strong><em>me</em></strong></span> <span class='ocrx_word' id='word_1_68' title='bbox 1125 2952 1275 3050; x_wconf 70' lang='lat' dir='ltr'><strong><em>hyssopo</em></strong></span> <span class='ocrx_word' id='word_1_69' title='bbox 1303 2961 1337 3024; x_wconf 87' lang='lat' dir='ltr'><strong><em>et</em></strong></span> <span class='ocrx_word' id='word_1_70' title='bbox 1357 2951 1557 3027; x_wconf 87' lang='lat' dir='ltr'><strong><em>mundabor:</em></strong></span> <span class='ocrx_word' id='word_1_71' title='bbox 1583 2951 1714 3026; x_wconf 86' lang='lat' dir='ltr'><strong><em>lavabis</em></strong></span> <span class='ocrx_word' id='word_1_72' title='bbox 1729 2975 1784 3026; x_wconf 91' lang='lat' dir='ltr'><strong><em>me</em></strong></span> <span class='ocrx_word' id='word_1_73' title='bbox 1810 2965 1844 3027; x_wconf 88' lang='lat' dir='ltr'><strong><em>et</em></strong></span> <span class='ocrx_word' id='word_1_74' title='bbox 1870 2959 2110 3052; x_wconf 88' lang='lat' dir='ltr'><strong><em>supernivem</em></strong></span> 
     </span>
     <span class='ocr_line' id='line_1_15' title="bbox 738 3069 2051 3144; baseline 0.002 -3"><span class='ocrx_word' id='word_1_75' title='bbox 738 3069 931 3144; x_wconf 83' lang='lat' dir='ltr'><strong>dealbabor.</strong></span> <span class='ocrx_word' id='word_1_76' title='bbox 2046 3100 2051 3106; x_wconf 88' lang='lat'><em>·</em></span> 
     </span>
    </p>

    <p class='ocr_par' dir='ltr' id='par_1_9' title="bbox 735 3183 2109 3398">
     <span class='ocr_line' id='line_1_16' title="bbox 839 3183 2109 3282; baseline -0.001 -20"><span class='ocrx_word' id='word_1_77' title='bbox 839 3184 992 3282; x_wconf 86' lang='lat' dir='ltr'><strong><em>Amplius</em></strong></span> <span class='ocrx_word' id='word_1_78' title='bbox 1019 3185 1098 3259; x_wconf 87' lang='lat' dir='ltr'><strong><em>lava</em></strong></span> <span class='ocrx_word' id='word_1_79' title='bbox 1124 3208 1178 3258; x_wconf 91' lang='lat' dir='ltr'><strong><em>me</em></strong></span> <span class='ocrx_word' id='word_1_80' title='bbox 1205 3183 1247 3258; x_wconf 91' lang='lat' dir='ltr'><strong><em>ab</em></strong></span> <span class='ocrx_word' id='word_1_81' title='bbox 1274 3187 1444 3280; x_wconf 78' lang='lat' dir='ltr'><strong><em>iniquitate</em></strong></span> <span class='ocrx_word' id='word_1_82' title='bbox 1468 3207 1563 3275; x_wconf 79' lang='lat' dir='ltr'><strong><em>mea,</em></strong></span> <span class='ocrx_word' id='word_1_83' title='bbox 1598 3195 1632 3258; x_wconf 87' lang='lat' dir='ltr'><strong><em>et</em></strong></span> <span class='ocrx_word' id='word_1_84' title='bbox 1664 3209 1685 3260; x_wconf 93' lang='lat' dir='ltr'><strong><em>a</em></strong></span> <span class='ocrx_word' id='word_1_85' title='bbox 1718 3195 1858 3282; x_wconf 84' lang='lat' dir='ltr'><strong><em>peccato</em></strong></span> <span class='ocrx_word' id='word_1_86' title='bbox 1884 3209 1961 3261; x_wconf 92' lang='lat' dir='ltr'><strong><em>meo</em></strong></span> <span class='ocrx_word' id='word_1_87' title='bbox 1988 3187 2109 3261; x_wconf 90' lang='lat' dir='ltr'><strong><em>munda</em></strong></span> 
     </span>
     <span class='ocr_line' id='line_1_17' title="bbox 735 3302 1432 3398; baseline -0.004 -22"><span class='ocrx_word' id='word_1_88' title='bbox 735 3327 804 3380; x_wconf 73' lang='lat' dir='ltr'><strong><em>met</em></strong></span> <span class='ocrx_word' id='word_1_89' title='bbox 831 3314 866 3376; x_wconf 92' lang='lat' dir='ltr'><strong><em>et</em></strong></span> <span class='ocrx_word' id='word_1_90' title='bbox 893 3302 934 3376; x_wconf 92' lang='lat' dir='ltr'><strong><em>ab</em></strong></span> <span class='ocrx_word' id='word_1_91' title='bbox 963 3303 1077 3376; x_wconf 90' lang='lat' dir='ltr'><strong><em>alienis</em></strong></span> <span class='ocrx_word' id='word_1_92' title='bbox 1103 3324 1208 3398; x_wconf 89' lang='lat' dir='ltr'><strong><em>parce</em></strong></span> <span class='ocrx_word' id='word_1_93' title='bbox 1233 3321 1336 3374; x_wconf 89' lang='lat' dir='ltr'><strong><em>servo</em></strong></span> <span class='ocrx_word' id='word_1_94' title='bbox 1364 3312 1432 3374; x_wconf 90' lang='lat' dir='ltr'><strong><em>tuo.</em></strong></span> 
     </span>
    </p>

    <p class='ocr_par' dir='ltr' id='par_1_10' title="bbox 839 3415 2037 3513">
     <span class='ocr_line' id='line_1_18' title="bbox 839 3415 2037 3513; baseline 0 -21"><span class='ocrx_word' id='word_1_95' title='bbox 839 3421 963 3492; x_wconf 87' lang='lat' dir='ltr'><strong><em>Panem</em></strong></span> <span class='ocrx_word' id='word_1_96' title='bbox 992 3417 1079 3492; x_wconf 89' lang='lat' dir='ltr'><strong><em>coeli</em></strong></span> <span class='ocrx_word' id='word_1_97' title='bbox 1105 3417 1282 3508; x_wconf 77' lang='lat' dir='ltr'><strong><em>deducis,</em></strong></span> <span class='ocrx_word' id='word_1_98' title='bbox 1308 3440 1429 3513; x_wconf 87' lang='lat' dir='ltr'><strong><em>panem</em></strong></span> <span class='ocrx_word' id='word_1_99' title='bbox 1454 3415 1663 3511; x_wconf 76' lang='lat' dir='ltr'><strong>Angelorum</strong></span> <span class='ocrx_word' id='word_1_100' title='bbox 1688 3419 1902 3492; x_wconf 81' lang='lat' dir='ltr'><strong><em>manducavit</em></strong></span> <span class='ocrx_word' id='word_1_101' title='bbox 1926 3418 2037 3494; x_wconf 91' lang='lat' dir='ltr'><strong><em>bomo.</em></strong></span> 
     </span>
    </p>

    <p class='ocr_par' dir='ltr' id='par_1_11' title="bbox 735 3535 2109 3728">
     <span class='ocr_line' id='line_1_19' title="bbox 839 3535 2109 3625; baseline -0.001 -16"><span class='ocrx_word' id='word_1_102' title='bbox 839 3536 982 3610; x_wconf 89' lang='lat' dir='ltr'><strong><em>Lavabo</em></strong></span> <span class='ocrx_word' id='word_1_103' title='bbox 1023 3540 1109 3608; x_wconf 84' lang='lat' dir='ltr'><strong><em>inter</em></strong></span> <span class='ocrx_word' id='word_1_104' title='bbox 1141 3538 1336 3608; x_wconf 89' lang='lat' dir='ltr'><strong><em>innocentes</em></strong></span> <span class='ocrx_word' id='word_1_105' title='bbox 1371 3555 1488 3606; x_wconf 90' lang='lat' dir='ltr'><strong><em>manus</em></strong></span> <span class='ocrx_word' id='word_1_106' title='bbox 1524 3556 1635 3625; x_wconf 71' lang='lat' dir='ltr'><strong><em>meaa,</em></strong></span> <span class='ocrx_word' id='word_1_107' title='bbox 1674 3547 1709 3608; x_wconf 87' lang='lat' dir='ltr'><strong><em>et</em></strong></span> <span class='ocrx_word' id='word_1_108' title='bbox 1751 3535 1963 3610; x_wconf 80' lang='lat' dir='ltr'><strong><em>circumdabo</em></strong></span> <span class='ocrx_word' id='word_1_109' title='bbox 2005 3537 2109 3610; x_wconf 83' lang='lat' dir='ltr'><strong><em>altare</em></strong></span> 
     </span>
     <span class='ocr_line' id='line_1_20' title="bbox 735 3653 1005 3728; baseline -0.022 0"><span class='ocrx_word' id='word_1_110' title='bbox 735 3667 824 3728; x_wconf 91' lang='lat' dir='ltr'><strong><em>tuum</em></strong></span> <span class='ocrx_word' id='word_1_111' title='bbox 852 3653 1005 3726; x_wconf 88' lang='lat' dir='ltr'><strong><em>Domine.</em></strong></span> 
     </span>
    </p>

    <p class='ocr_par' dir='ltr' id='par_1_12' title="bbox 737 3763 2107 3960">
     <span class='ocr_line' id='line_1_21' title="bbox 843 3763 2107 3862; baseline -0.001 -19"><span class='ocrx_word' id='word_1_112' title='bbox 843 3767 990 3843; x_wconf 84' lang='lat' dir='ltr'><strong><em>Circuivi</em></strong></span> <span class='ocrx_word' id='word_1_113' title='bbox 1022 3778 1057 3842; x_wconf 87' lang='lat' dir='ltr'><strong><em>et</em></strong></span> <span class='ocrx_word' id='word_1_114' title='bbox 1088 3768 1259 3841; x_wconf 90' lang='lat' dir='ltr'><strong><em>immolavi</em></strong></span> <span class='ocrx_word' id='word_1_115' title='bbox 1299 3769 1332 3840; x_wconf 90' lang='lat' dir='ltr'><strong><em>iu</em></strong></span> <span class='ocrx_word' id='word_1_116' title='bbox 1373 3763 1589 3842; x_wconf 86' lang='lat' dir='ltr'><strong><em>tabernaculo</em></strong></span> <span class='ocrx_word' id='word_1_117' title='bbox 1630 3771 1720 3862; x_wconf 67' lang='lat' dir='ltr'><strong><em>ejus,</em></strong></span> <span class='ocrx_word' id='word_1_118' title='bbox 1756 3767 1899 3842; x_wconf 87' lang='lat' dir='ltr'><strong><em>bostiam</em></strong></span> <span class='ocrx_word' id='word_1_119' title='bbox 1930 3768 2107 3844; x_wconf 81' lang='lat' dir='ltr'><strong><em>vocitera-</em></strong></span> 
     </span>
     <span class='ocr_line' id='line_1_22' title="bbox 737 3891 846 3960; baseline -0.018 -1"><span class='ocrx_word' id='word_1_120' title='bbox 737 3891 846 3960; x_wconf 82' lang='lat' dir='ltr'><strong><em>tionis.</em></strong></span> 
     </span>
    </p>

    <p class='ocr_par' dir='ltr' id='par_1_13' title="bbox 736 4000 2108 4446">
     <span class='ocr_line' id='line_1_23' title="bbox 841 4000 2108 4098; baseline 0 -24"><span class='ocrx_word' id='word_1_121' title='bbox 841 4003 971 4075; x_wconf 83' lang='lat' dir='ltr'><strong><em>Parasti</em></strong></span> <span class='ocrx_word' id='word_1_122' title='bbox 1001 4004 1034 4074; x_wconf 91' lang='lat' dir='ltr'><strong><em>iu</em></strong></span> <span class='ocrx_word' id='word_1_123' title='bbox 1066 4009 1248 4098; x_wconf 89' lang='lat' dir='ltr'><strong><em>conspectu</em></strong></span> <span class='ocrx_word' id='word_1_124' title='bbox 1282 4023 1358 4074; x_wconf 91' lang='lat' dir='ltr'><strong><em>meo</em></strong></span> <span class='ocrx_word' id='word_1_125' title='bbox 1384 4023 1553 4091; x_wconf 78' lang='lat' dir='ltr'><strong><em>mensam,</em></strong></span> <span class='ocrx_word' id='word_1_126' title='bbox 1585 4000 1750 4075; x_wconf 88' lang='lat' dir='ltr'><strong><em>adversus</em></strong></span> <span class='ocrx_word' id='word_1_127' title='bbox 1783 4004 1926 4096; x_wconf 89' lang='lat' dir='ltr'><strong><em>eosqui</em></strong></span> <span class='ocrx_word' id='word_1_128' title='bbox 1953 4002 2108 4076; x_wconf 87' lang='lat' dir='ltr'><strong><em>tribulant</em></strong></span> 
     </span>
     <span class='ocr_line' id='line_1_24' title="bbox 737 4115 2108 4214; baseline -0.001 -21"><span class='ocrx_word' id='word_1_129' title='bbox 737 4145 801 4193; x_wconf 89' lang='lat' dir='ltr'><strong><em>me.</em></strong></span> <span class='ocrx_word' id='word_1_130' title='bbox 854 4120 1068 4214; x_wconf 67' lang='lat' dir='ltr'><strong><em>lmmuguasti</em></strong></span> <span class='ocrx_word' id='word_1_131' title='bbox 1095 4121 1127 4189; x_wconf 90' lang='lat' dir='ltr'><strong><em>in</em></strong></span> <span class='ocrx_word' id='word_1_132' title='bbox 1155 4115 1232 4189; x_wconf 86' lang='lat' dir='ltr'><strong><em>oleo</em></strong></span> <span class='ocrx_word' id='word_1_133' title='bbox 1259 4127 1359 4213; x_wconf 89' lang='lat' dir='ltr'><strong><em>caput</em></strong></span> <span class='ocrx_word' id='word_1_134' title='bbox 1385 4139 1503 4205; x_wconf 85' lang='lat' dir='ltr'><strong><em>meum,</em></strong></span> <span class='ocrx_word' id='word_1_135' title='bbox 1530 4126 1564 4189; x_wconf 88' lang='lat' dir='ltr'><strong><em>et</em></strong></span> <span class='ocrx_word' id='word_1_136' title='bbox 1589 4117 1680 4189; x_wconf 88' lang='lat' dir='ltr'><strong><em>calix</em></strong></span> <span class='ocrx_word' id='word_1_137' title='bbox 1696 4139 1790 4190; x_wconf 89' lang='lat' dir='ltr'><strong><em>meus</em></strong></span> <span class='ocrx_word' id='word_1_138' title='bbox 1816 4115 1995 4206; x_wconf 85' lang='lat' dir='ltr'><strong><em>inebrians,</em></strong></span> <span class='ocrx_word' id='word_1_139' title='bbox 2009 4141 2108 4214; x_wconf 85' lang='lat' dir='ltr'><strong><em>quum</em></strong></span> 
     </span>
     <span class='ocr_line' id='line_1_25' title="bbox 736 4231 2107 4333; baseline 0.003 -27"><span class='ocrx_word' id='word_1_140' title='bbox 736 4236 929 4333; x_wconf 87' lang='lat' dir='ltr'><strong><em>praeclarus</em></strong></span> <span class='ocrx_word' id='word_1_141' title='bbox 956 4244 1018 4308; x_wconf 85' lang='lat' dir='ltr'><strong><em>est.</em></strong></span> <span class='ocrx_word' id='word_1_142' title='bbox 1073 4231 1219 4306; x_wconf 84' lang='lat' dir='ltr'><strong><em>Calicem</em></strong></span> <span class='ocrx_word' id='word_1_143' title='bbox 1246 4232 1401 4306; x_wconf 89' lang='lat' dir='ltr'><strong><em>salutaris</em></strong></span> <span class='ocrx_word' id='word_1_144' title='bbox 1428 4235 1607 4329; x_wconf 88' lang='lat' dir='ltr'><strong><em>accipiam,</em></strong></span> <span class='ocrx_word' id='word_1_145' title='bbox 1635 4243 1670 4305; x_wconf 90' lang='lat' dir='ltr'><strong><em>et</em></strong></span> <span class='ocrx_word' id='word_1_146' title='bbox 1694 4255 1816 4307; x_wconf 89' lang='lat' dir='ltr'><strong><em>nomeu</em></strong></span> <span class='ocrx_word' id='word_1_147' title='bbox 1840 4232 1975 4308; x_wconf 90' lang='lat' dir='ltr'><strong><em>Domini</em></strong></span> <span class='ocrx_word' id='word_1_148' title='bbox 2001 4238 2107 4310; x_wconf 88' lang='lat' dir='ltr'><strong><em>invo-</em></strong></span> 
     </span>
     <span class='ocr_line' id='line_1_26' title="bbox 737 4347 1600 4446; baseline -0.002 -23"><span class='ocrx_word' id='word_1_149' title='bbox 737 4353 834 4426; x_wconf 87' lang='lat' dir='ltr'><strong><em>cabo.</em></strong></span> <span class='ocrx_word' id='word_1_150' title='bbox 887 4353 1049 4441; x_wconf 74' lang='lat' dir='ltr'><strong><em>Domine,</em></strong></span> <span class='ocrx_word' id='word_1_151' title='bbox 1076 4347 1191 4437; x_wconf 80' lang='lat' dir='ltr'><strong><em>salva,</em></strong></span> <span class='ocrx_word' id='word_1_152' title='bbox 1216 4349 1361 4423; x_wconf 89' lang='lat' dir='ltr'><strong><em>Domine</em></strong></span> <span class='ocrx_word' id='word_1_153' title='bbox 1386 4371 1600 4446; x_wconf 89' lang='lat' dir='ltr'><strong><em>prosperare.</em></strong></span> 
     </span>
    </p>

    <p class='ocr_par' dir='ltr' id='par_1_14' title="bbox 738 4463 2105 4683">
     <span class='ocr_line' id='line_1_27' title="bbox 841 4463 2105 4562; baseline -0.002 -22"><span class='ocrx_word' id='word_1_154' title='bbox 841 4469 1045 4541; x_wconf 83' lang='lat' dir='ltr'><strong><em>Benedictus</em></strong></span> <span class='ocrx_word' id='word_1_155' title='bbox 1079 4469 1134 4562; x_wconf 91' lang='lat' dir='ltr'><strong><em>qui</em></strong></span> <span class='ocrx_word' id='word_1_156' title='bbox 1168 4470 1262 4540; x_wconf 88' lang='lat' dir='ltr'><strong><em>venit</em></strong></span> <span class='ocrx_word' id='word_1_157' title='bbox 1286 4470 1321 4538; x_wconf 92' lang='lat' dir='ltr'><strong><em>iu</em></strong></span> <span class='ocrx_word' id='word_1_158' title='bbox 1347 4470 1480 4539; x_wconf 88' lang='lat' dir='ltr'><strong><em>nomine</em></strong></span> <span class='ocrx_word' id='word_1_159' title='bbox 1500 4465 1650 4538; x_wconf 88' lang='lat' dir='ltr'><strong><em>Domini:</em></strong></span> <span class='ocrx_word' id='word_1_160' title='bbox 1676 4463 1907 4540; x_wconf 86' lang='lat' dir='ltr'><strong><em>benediximus</em></strong></span> <span class='ocrx_word' id='word_1_161' title='bbox 1934 4467 2035 4544; x_wconf 90' lang='lat' dir='ltr'><strong><em>vobis</em></strong></span> <span class='ocrx_word' id='word_1_162' title='bbox 2061 4467 2105 4539; x_wconf 88' lang='lat' dir='ltr'><strong><em>de</em></strong></span> 
     </span>
     <span class='ocr_line' id='line_1_28' title="bbox 738 4585 1331 4683; baseline -0.008 -25"><span class='ocrx_word' id='word_1_163' title='bbox 738 4587 837 4659; x_wconf 92' lang='lat' dir='ltr'><strong><em>domo</em></strong></span> <span class='ocrx_word' id='word_1_164' title='bbox 863 4585 1006 4656; x_wconf 90' lang='lat' dir='ltr'><strong><em>Domini.</em></strong></span> <span class='ocrx_word' id='word_1_165' title='bbox 1052 4585 1172 4657; x_wconf 89' lang='lat' dir='ltr'><strong><em>Amen.</em></strong></span> <span class='ocrx_word' id='word_1_166' title='bbox 1328 4677 1331 4683; x_wconf 18' lang='grc' dir='ltr'>ι</span> 
     </span>
    </p>

    <p class='ocr_par' dir='ltr' id='par_1_15' title="bbox 739 4697 2107 5029">
     <span class='ocr_line' id='line_1_29' title="bbox 840 4697 2107 4795; baseline 0.002 -22"><span class='ocrx_word' id='word_1_167' title='bbox 840 4699 944 4774; x_wconf 88' lang='lat' dir='ltr'><strong><em>Salve</em></strong></span> <span class='ocrx_word' id='word_1_168' title='bbox 971 4709 1085 4774; x_wconf 88' lang='lat' dir='ltr'><strong><em>sancta</em></strong></span> <span class='ocrx_word' id='word_1_169' title='bbox 1110 4697 1276 4792; x_wconf 84' lang='lat' dir='ltr'><strong><em>Ecclesia,</em></strong></span> <span class='ocrx_word' id='word_1_170' title='bbox 1303 4701 1411 4771; x_wconf 90' lang='lat' dir='ltr'><strong><em>cincta</em></strong></span> <span class='ocrx_word' id='word_1_171' title='bbox 1443 4701 1572 4795; x_wconf 88' lang='lat' dir='ltr'><strong><em>pariete</em></strong></span> <span class='ocrx_word' id='word_1_172' title='bbox 1604 4702 1781 4793; x_wconf 84' lang='lat' dir='ltr'><strong><em>variegalo</em></strong></span> <span class='ocrx_word' id='word_1_173' title='bbox 1812 4703 1955 4793; x_wconf 83' lang='lat' dir='ltr'><strong><em>gemmis</em></strong></span> <span class='ocrx_word' id='word_1_174' title='bbox 1988 4711 2023 4775; x_wconf 88' lang='lat' dir='ltr'><strong><em>et</em></strong></span> <span class='ocrx_word' id='word_1_175' title='bbox 2047 4711 2107 4775; x_wconf 85' lang='lat' dir='ltr'><strong><em>to-</em></strong></span> 
     </span>
     <span class='ocr_line' id='line_1_30' title="bbox 739 4814 2106 4914; baseline -0.001 -24"><span class='ocrx_word' id='word_1_176' title='bbox 739 4824 846 4914; x_wconf 85' lang='lat' dir='ltr'><strong><em>pazio.</em></strong></span> <span class='ocrx_word' id='word_1_177' title='bbox 900 4817 952 4888; x_wconf 84' lang='lat' dir='ltr'><strong><em>&#39;lu</em></strong></span> <span class='ocrx_word' id='word_1_178' title='bbox 979 4839 1015 4888; x_wconf 89' lang='lat' dir='ltr'><strong><em>es</em></strong></span> <span class='ocrx_word' id='word_1_179' title='bbox 1043 4838 1121 4888; x_wconf 87' lang='lat' dir='ltr'><strong><em>arca</em></strong></span> <span class='ocrx_word' id='word_1_180' title='bbox 1149 4819 1331 4913; x_wconf 73' lang='lat' dir='ltr'><strong><em>euripum,</em></strong></span> <span class='ocrx_word' id='word_1_181' title='bbox 1358 4818 1391 4888; x_wconf 92' lang='lat' dir='ltr'><strong><em>iu</em></strong></span> <span class='ocrx_word' id='word_1_182' title='bbox 1418 4838 1482 4910; x_wconf 89' lang='lat' dir='ltr'><strong><em>qua</em></strong></span> <span class='ocrx_word' id='word_1_183' title='bbox 1509 4825 1562 4890; x_wconf 89' lang='lat' dir='ltr'><strong><em>est</em></strong></span> <span class='ocrx_word' id='word_1_184' title='bbox 1587 4835 1709 4889; x_wconf 89' lang='lat' dir='ltr'><strong><em>manua</em></strong></span> <span class='ocrx_word' id='word_1_185' title='bbox 1735 4814 1986 4908; x_wconf 75' lang='lat' dir='ltr'><strong><em>absconditum,</em></strong></span> <span class='ocrx_word' id='word_1_186' title='bbox 2011 4821 2106 4914; x_wconf 85' lang='lat' dir='ltr'><strong><em>panis</em></strong></span> 
     </span>
     <span class='ocr_line' id='line_1_31' title="bbox 740 4932 1804 5029; baseline 0.001 -24"><span class='ocrx_word' id='word_1_187' title='bbox 740 4939 795 5029; x_wconf 91' lang='lat' dir='ltr'><strong><em>qui</em></strong></span> <span class='ocrx_word' id='word_1_188' title='bbox 822 4934 993 5006; x_wconf 84' lang='lat' dir='ltr'><strong><em>descendit</em></strong></span> <span class='ocrx_word' id='word_1_189' title='bbox 1020 4932 1061 5004; x_wconf 90' lang='lat' dir='ltr'><strong><em>de</em></strong></span> <span class='ocrx_word' id='word_1_190' title='bbox 1088 4933 1185 5007; x_wconf 92' lang='lat' dir='ltr'><strong><em>coelo</em></strong></span> <span class='ocrx_word' id='word_1_191' title='bbox 1213 4943 1248 5005; x_wconf 87' lang='lat' dir='ltr'><strong><em>et</em></strong></span> <span class='ocrx_word' id='word_1_192' title='bbox 1274 4932 1331 5006; x_wconf 86' lang='lat' dir='ltr'><strong><em>dat</em></strong></span> <span class='ocrx_word' id='word_1_193' title='bbox 1355 4936 1459 5007; x_wconf 79' lang='lat' dir='ltr'><strong><em>ultam</em></strong></span> <span class='ocrx_word' id='word_1_194' title='bbox 1485 4936 1645 5008; x_wconf 87' lang='lat' dir='ltr'><strong><em>universo</em></strong></span> <span class='ocrx_word' id='word_1_195' title='bbox 1671 4933 1804 5007; x_wconf 88' lang='lat' dir='ltr'><strong><em>mundo.</em></strong></span> 
     </span>
    </p>
   </div>
   <div class='ocr_carea' id='block_1_5' title="bbox 0 0 2373 6064">
    <p class='ocr_par' dir='ltr' id='par_1_16' title="bbox 0 0 2373 6064">
     <span class='ocr_line' id='line_1_32' title="bbox 0 0 2373 6064; baseline 0 0"><span class='ocrx_word' id='word_1_196' title='bbox 0 0 2373 6064; x_wconf 95' lang='lat' dir='ltr'><strong><em> </em></strong></span> 
     </span>
    </p>
   </div>
  </div>
 </body>
</html>
