4670 6046
459 597 467 612 '
552 619 605 694 m
622 616 920 696 sumorononus
938 619 1120 697 vrsouun
1140 603 1351 698 suanorum.
1471 620 1476 626 ·
1566 621 1638 696 311

201 885 209 900 ,
267 799 422 885 Copticam
445 810 476 865 et
498 801 659 866 Arabicam
683 803 805 868 diverso
828 804 918 868 moda
939 805 1092 885 interpres
1115 805 1304 886 exposuerit,
1328 807 1385 869 nisi
1399 805 1478 868 lonc
1501 807 1640 888 scripse-

255 902 303 964 rit
323 903 528 978 macheram,
551 911 582 966 et
604 904 800 983 peccauerint
822 903 1004 986 typographi
1011 917 1030 978 ,⁴
1043 903 1101 966 etsi
1123 903 1220 967 adbuc
1243 905 1345 967 versio
1367 904 1477 968 mendo
1499 923 1561 970 non
1584 927 1640 972 ca·

265 1008 364 1080 reret,
389 1018 456 1063 cum
479 999 517 1064 de
541 1003 756 1082 conjmpendte
776 1005 863 1064 carie
889 1021 928 1065 ne
952 1000 1067 1084 syllaba
1090 1001 1210 1082 quidem
1233 1013 1384 1071 occurrat.

603 1261 826 1334 Consecratio
854 1261 1002 1361 tabadae,
1025 1269 1066 1332 at
1092 1262 1206 1334 altare
1230 1265 1304 1358 fiat.
1351 1227 1353 1230 Ι
1685 1275 1716 1327 1².
1735 1279 1777 1328 55.
1796 1277 1813 1330 t.
1833 1279 1859 1332 1.

378 1469 473 1547 larun
496 1480 736 1544 benedictionem
759 1499 818 1544 non
842 1481 945 1544 habuit
969 1481 1085 1560 Codex,
1111 1500 1150 1544 ex
1173 1499 1233 1562 quo
1255 1483 1358 1544 versio
1382 1481 1419 1544 ab
1442 1482 1553 1547 Allatio
1575 1501 1638 1565 pu-

265 1583 373 1648 blicata
397 1584 533 1646 desumta
556 1593 611 1647 est.
657 1585 702 1647 De
725 1585 868 1648 altaribus
892 1585 1003 1648 dictum
1026 1592 1075 1647 est
1097 1585 1127 1646 iu
1152 1582 1374 1648 Commentario
1399 1585 1435 1647 ad
1458 1585 1559 1648 Basilii
1582 1587 1637 1650 Li-

265 1685 411 1765 turgiam,
443 1684 663 1765 probatumque
692 1685 723 1747 in
746 1684 870 1747 Oriente
899 1703 960 1748 non
989 1685 1085 1747 minus
1116 1701 1204 1763 quam
1227 1685 1257 1744 iu
1280 1681 1448 1747 Occidente
1469 1685 1574 1748 cadem
1598 1705 1638 1750 ex
1702 1718 1731 1770 p,
1752 1719 1812 1774 181.
1841 1720 1907 1776 Com.
1930 1726 1968 1778 d

266 1782 402 1846 solidiori
432 1784 556 1846 materia
584 1793 757 1863 comparata
787 1783 896 1860 luisse,
927 1783 1069 1864 quidquid
1102 1781 1140 1844 de
1163 1780 1220 1844 illis
1244 1782 1460 1847 verbosissime
1483 1801 1638 1849 commcn—
1650 1807 1713 1860 flea,
1726 1807 1837 1880 Acutop.

265 1889 345 1944 tatus
368 1881 460 1944 luerit
481 1881 576 1944 tobus
599 1882 756 1960 Ludollus,
783 1882 976 1964 quiquidem
999 1898 1118 1944 mensas
1143 1880 1209 1943 illas
1232 1879 1327 1944 luisse
1356 1882 1537 1962 antiquitus,
1561 1901 1640 1947 con·

266 1981 369 2060 tendit,
393 1989 424 2042 et
447 1979 628 2063 Aethiopum
651 1981 756 2044 laudes
778 1982 991 2061 prosequitur,
1016 1979 1096 2060 quod
1119 1997 1254 2040 mmam
1275 1979 1502 2043 Sacerdctclem
1533 1990 1564 2043 et
1583 2001 1640 2046 ar-
1705 2023 1707 2028 -

266 2097 334 2140 cam
361 2079 533 2160 appellent,
561 2079 591 2141 id
619 2079 701 2160 quod
729 2078 854 2159 reliquis
877 2079 1102 2160 superstitiose,
1125 2078 1224 2140 altare
1246 2078 1427 2159 appellatur.
1450 2079 1566 2161 Nempe
1589 2082 1641 2142 in-

266 2176 434 2259 telligebat,
466 2179 566 2242 alteris
590 2196 698 2242 nomen
723 2177 900 2241 sacrificium
925 2175 1143 2258 quodammodo
1172 2194 1365 2258 supponere,
1395 2177 1477 2258 quod
1506 2179 1639 2246 nolebat.

266 2275 379 2338 Verum
407 2284 566 2358 antequam
595 2276 762 2358 Aethiopes
791 2276 950 2340 Christiani
987 2275 1096 2354 forent,
1125 2274 1313 2337 vocabantur
1343 2276 1447 2355 primis
1482 2275 1641 2343 Ecclesiae

266 2375 396 2438 saeculis
421 2375 536 2454 altaria,
560 2378 648 2439 ctiam
672 2394 794 2438 mensae
817 2377 846 2437 in
871 2375 979 2456 quibus
1001 2373 1139 2458 Liturgia
1164 2373 1390 2437 celebrabatur:
1420 2395 1508 2457 mam
1532 2383 1639 2456 postea

264 2475 323 2556 ipsi
344 2474 525 2555 Aethiopes,
548 2475 738 2554 sacrficium
759 2482 948 2538 vocaverunt
971 2492 1032 2537 non
1054 2475 1151 2536 minus
1180 2491 1268 2554 quam
1299 2474 1441 2536 universa
1469 2461 1546 2537 toto¹
1563 2476 1639 2540 orbe

264 2571 413 2636 Ecclesia.
458 2572 520 2635 lma
551 2592 655 2636 omncs
687 2573 805 2636 Ludolb
836 2573 1035 2639 divinationes
1065 2581 1251 2636 evanescunt
1285 2592 1326 2635 ex
1358 2572 1425 2635 solo
1455 2572 1640 2655 Aethiopum

265 2670 417 2752 exemplo,
440 2673 503 2752 qui,
526 2681 558 2735 ut
582 2672 719 2736 oculatus
744 2674 829 2736 testis
853 2669 1033 2735 Franciscus
1056 2670 1234 2734 Alvaresius
1257 2671 1379 2750 retulit,
1408 2671 1504 2734 solida
1526 2671 1639 2735 habeut

264 2772 295 2832 in
318 2771 395 2831 rivo·
410 2789 485 2832 saxo
509 2770 624 2846 altaria,
647 2772 676 2833 in
698 2771 845 2834 Ecclesiis
873 2771 1004 2833 Victoris
1025 2777 1056 2832 et
1075 2770 1181 2832 Debre
1197 2769 1344 2848 Libanus,
1367 2771 1433 2833 sive
1456 2769 1566 2834 Montis
1582 2774 1638 2836 Li-

253 2869 345 2944 'bani,
369 2886 443 2950 quas
465 2869 598 2934 Lalibela
620 2870 688 2932 llex
709 2887 789 2934 nova
810 2870 1042 2934 Architecturae
1058 2871 1193 2944 ratione,
1216 2870 1245 2932 in
1269 2869 1396 2951 rupibus
1420 2879 1582 2934 excavatas
1598 2872 1636 2935 ad

265 2967 391 3048 amplam
414 2966 538 3030 sormam
560 2968 691 3052 redegit.
735 2969 776 3032 At
799 2972 829 3032 in
850 2971 948 3032 veteri
970 2968 1118 3045 Ecclesia,
1140 2976 1173 3030 ut
1194 2969 1229 3029 iu
1252 2969 1472 3032 recentioribus
1495 2969 1635 3050 saeculis,

265 3087 326 3131 non
350 3067 439 3130 modo
463 3068 568 3130 altaria
591 3068 697 3146 solida,
722 3070 777 3133 sed
800 3069 901 3150 lignea
933 3069 1034 3132 altaris
1058 3085 1167 3130 nomen
1191 3075 1222 3129 et
1245 3067 1421 3152 dignitatem
1450 3069 1635 3132 habuerunt:

264 3185 366 3246 neque
397 3167 452 3228 ista
475 3166 557 3243 sola,
586 3166 641 3229 sed
671 3167 767 3230 altera
796 3170 884 3230 otiam
911 3185 1032 3230 mensae
1047 3165 1260 3245 necabantur,
1296 3166 1433 3247 adeoque
1457 3167 1495 3230 dc
1518 3169 1637 3230 nomine

264 3267 410 3328 inutiliter
433 3267 578 3348 litigatur,
603 3285 670 3329 cum
692 3286 744 3330 res
766 3286 824 3348 per
846 3285 881 3329 se
904 3265 1061 3329 manifesta
1084 3267 1132 3328 sit.

351 3364 430 3428 Nota
453 3384 574 3447 quoque
598 3365 720 3429 suerum
743 3368 904 3447 antiquitus
928 3364 1033 3427 altaria
1052 3365 1219 3444 portatilia,
1243 3380 1321 3444 quac
1344 3364 1433 3428 etiam
1450 3367 1566 3427 viatica
1583 3364 1639 3427 di-

266 3465 424 3528 cebantur:
453 3467 633 3528 itinerariae
660 3466 797 3528 tabulae:
827 3467 940 3527 altaria
974 3465 1147 3542 portatoria
1173 3469 1204 3523 et
1233 3464 1420 3541 qeatatarr'o:
1456 3462 1494 3524 de
1531 3463 1638 3544 quibus

265 3564 356 3627 multa
386 3563 503 3625 erudite
526 3563 629 3626 docuit
658 3565 695 3629 V.
720 3564 753 3627 C.
777 3565 814 3626 D.
836 3565 968 3628 loannes
997 3561 1205 3638 blabillouius,
1234 3559 1424 3624 doctissimus
1454 3561 1585 3647 Cangius
1608 3562 1639 3623 in
1687 3575 1963 3645 praeparassem.

266 3661 433 3741 Glossario,
456 3669 486 3724 et
510 3663 569 3727 alii.
617 3661 822 3726 Orientalibus
846 3662 1022 3726 Christianis
1052 3659 1213 3744 singularis
1245 3676 1337 3722 causa
1365 3659 1421 3722 huit
1447 3661 1551 3724 utendi
1572 3660 1744 3724 lre-Bcaed

266 3759 407 3839 quentius
437 3761 545 3823 tabulis
569 3762 769 3840 consecretis,
794 3779 870 3841 quae
895 3759 997 3821 altaris
1019 3757 1116 3819 vicem
1139 3756 1328 3837 supplerent,
1350 3757 1552 3824 barbarorum
1574 3763 1639 3825 sci·
1728 3815 1730 3822 ,

265 3857 337 3920 licet
360 3861 508 3939 tyrannis,
532 3862 583 3941 qui
607 3877 674 3922 cum
698 3858 875 3939 frequenter
897 3859 927 3918 in
950 3855 1103 3919 Ecclesiae
1127 3857 1338 3936 irrumperent,
1362 3866 1393 3920 et
1411 3877 1499 3923 sacra
1522 3861 1638 3925 distur-

266 3957 386 4035 barent,
412 3959 577 4040 altariaque
608 3958 859 4032 contaminarent,
889 3964 1060 4038 coegerunt
1080 3955 1250 4036 Episcopus
1280 3955 1387 4019 talibus
1417 3960 1460 4020 uti
1483 3958 1637 4036 altaribus,

267 4075 346 4136 quae
370 4056 483 4121 aulerri
506 4055 594 4118 lacile
616 4065 744 4137 possent
767 4063 796 4118 et
819 4055 981 4118 infidelium
1003 4054 1139 4117 manibus
1164 4055 1248 4134 eripi.
1288 4055 1391 4134 ltaque
1422 4053 1551 4118 tabulae
1568 4058 1638 4120 illae

266 4157 364 4238 magis
388 4156 425 4218 ad
448 4163 582 4219 ueterum
605 4155 792 4236 disciplinam
814 4155 961 4244 accedunt
984 4172 1071 4235 quam
1086 4151 1270 4215 Graecorum
1283 4151 1479 4229 Antimensia,
1502 4157 1637 4234 quamvis

266 4255 413 4332 eamdem,
436 4262 468 4316 ut
489 4253 620 4332 videtur,
638 4236 790 4336 'originem
815 4252 952 4315 habeant.
999 4251 1104 4332 Neque
1127 4258 1187 4312 tam
1209 4251 1310 4312 multis
1333 4251 1531 4313 caeremoniis
1562 4270 1638 4333 per-

265 4352 365 4415 ficitur
386 4355 576 4416 consecratio
598 4353 717 4416 tabulae
740 4351 801 4413 ritu
822 4351 1024 4432 Aegyptiaco,
1053 4369 1140 4431 quam
1162 4349 1417 4412 Antimensiorum
1440 4349 1576 4426 Graeco,
1599 4350 1638 4412 de
1936 4421 1940 4436 ‚

266 4470 324 4533 qua
358 4449 424 4513 luse
455 4451 588 4532 Symeon
612 4449 909 4514 Thessalonicensis:
938 4458 971 4512 ut
994 4451 1082 4512 etiam
1105 4448 1323 4510 eruditissimus
1347 4448 1474 4511 Goarius
1496 4451 1528 4509 in
1549 4445 1637 4508 Notis
1687 4463 1791 4516 uectat.
1807 4481 1833 4532 p.
1852 4463 1914 4514 aaa.

266 4551 303 4614 ad
327 4549 401 4612 illud
424 4549 559 4615 olllcium.
605 4548 713 4612 Graeci
736 4566 857 4630 quoque
879 4566 940 4612 non
963 4547 1119 4610 celebrant
1141 4545 1245 4627 vulgo,
1270 4547 1357 4610 etiam
1380 4547 1410 4608 in
1433 4544 1537 4607 solidis
1561 4542 1641 4606 alta-

265 4647 367 4729 ribus,
399 4649 512 4729 absque
541 4649 753 4726 Antimensiis,
785 4647 865 4728 quod
894 4648 924 4709 in
955 4643 1158 4709 Orientalibus
1188 4643 1254 4707 aliis
1282 4662 1340 4707 non
1364 4643 1556 4708 observatum
1579 4640 1639 4704 huc

267 4763 366 4829 usqua
390 4767 406 4810 a
430 4748 517 4811 nobis
540 4755 597 4810 est.

355 4846 388 4909 ln
416 4849 472 4909 ista
500 4864 594 4928 porro
622 4847 760 4909 oratione
789 4843 862 4905 nibil
892 4841 1069 4905 difficultatis
1099 4848 1162 4904 est:
1198 4838 1421 4904 observandum
1450 4835 1638 4902 solummodo

271 4963 341 5007 esse
372 4945 483 5025 aliquid
513 4946 704 5008 obscuritatis
734 4945 763 5006 in
792 4950 876 5005 textu
900 4941 1028 5022 Coptica
1057 4948 1088 5003 et
1110 4939 1260 5018 Arabico,
1291 4940 1371 5024 circa
1401 4937 1452 5001 illa
1473 4935 1583 5000 verba:
1606 4942 1640 4996 ut

268 5041 329 5122 [iat
349 5044 445 5106 altore
466 5051 618 5119 sanctam,
647 5050 677 5104 et
705 5060 810 5104 marea
837 5048 947 5104 coacto
975 5057 1034 5120 pra
1061 5038 1157 5100 altari
1183 5039 1305 5102 excelso
1333 5045 1406 5100 ete
1435 5035 1537 5116 lapide
1562 5051 1639 5096 con-
