4686 6060
634 582 759 718 ’414
1059 583 1658 662 ournrurluoul

679 792 744 865 que
769 769 945 843 Ecclesiae
971 793 1149 862 consensu,
1177 782 1210 844 et
1236 774 1300 869 ipsi
1326 775 1486 845 convenit
1512 795 1586 844 oum
1613 771 1756 846 diversis
1776 771 1921 863 Notitiis,
1948 773 2044 848 editis

678 896 712 956 et
750 889 993 982 manuscriptis.
1052 884 1178 959 Verum
1213 886 1291 959 illae
1332 886 1478 961 Notitiae
1517 887 1705 962 llioeceses
1734 893 1916 963 continent
1959 913 2046 986 quae

679 999 811 1074 Graeco
837 1002 1050 1075 Patriarohae
1076 999 1248 1096 subjectae
1275 1013 1387 1094 erant,
1413 1024 1482 1075 non
1508 1025 1594 1098 quae
1619 1003 1826 1092 Jacobitico,
1861 1009 1956 1097 eujus
1983 1007 2045 1097 ju-

526 1166 534 1181 ·
676 1118 875 1192 risdiotionis
916 1118 1028 1214 dispar
1063 1121 1195 1192 omniuo
1231 1119 1292 1191 luit
1325 1121 1422 1192 ratio.
1486 1118 1751 1208 Alexandrinus,
1783 1123 1907 1216 inquit,
1942 1131 2045 1194 totam

676 1233 819 1330 Libyam
846 1234 1053 1331 possidebat,
1081 1245 1115 1306 et
1140 1233 1349 1330 Aethiopiam
1378 1246 1413 1306 et
1430 1233 1674 1324 Marmaricam,
1700 1259 1807 1332 usque
1834 1236 1876 1309 ad
1893 1237 2045 1332 Tripolin

676 1349 890 1440 Africanam3
916 1373 979 1422 nec
1005 1371 1073 1422 non
1098 1352 1290 1422 universam
1314 1352 1509 1445 Aegyptum
1536 1361 1570 1423 et
1594 1348 1816 1424 Palaestinam
1848 1355 1975 1449 ipsam,
2008 1357 2043 1425 in

678 1490 743 1562 qua
770 1476 846 1539 sunt
870 1466 1115 1561 Hierosolyma.
1167 1464 1277 1539 Habet
1311 1468 1422 1561 itaque
1457 1469 1593 1563 etipse
1627 1465 1823 1540 Provincias
1857 1472 1972 1541 varias
2009 1478 2043 1542 et

675 1581 882 1679 Metropoles
910 1583 1077 1654 tredecim.
1132 1582 1177 1653 At
1208 1585 1242 1653 in
1268 1579 1494 1654 Jaoohitarum
1520 1579 1764 1674 Patriarchatu,
1798 1585 1887 1657 nulla
1918 1585 2042 1678 hujus·

676 1697 765 1772 modi
791 1697 1024 1795 Metropoleon
1051 1701 1174 1770 mentio
1202 1707 1271 1786 est,
1304 1705 1536 1793 praeterquam
1562 1697 1736 1770 Darnietac
1767 1710 1801 1773 et
1830 1699 2043 1797 Aethiopiae,

678 1815 720 1886 de
754 1814 871 1911 quihus
905 1815 1032 1886 dicetur
1064 1812 1207 1886 inferius.
1265 1813 1385 1886 Fuisse
1420 1822 1531 1884 tamen
1564 1815 1598 1884 in
1630 1815 1791 1910 Aegypto
1823 1815 2042 1912 Metropoles,

676 1939 812 2027 praeter
837 1931 1034 2003 Notitiamm
1061 1932 1290 2017 autoritatem,
1324 1925 1444 2024 probat
1474 1928 1580 2000 Sacra
1614 1929 1796 2002 Theodosii
1825 1935 1965 2024 junioris
2000 1931 2043 2004 ad

676 2046 895 2138 Dioscomm,
926 2049 960 2117 in
986 2069 1051 2141 qua
1078 2046 1192 2118 scribit
1222 2043 1265 2116 ad
1297 2042 1386 2116 illum
1418 2053 1453 2114 ut
1484 2048 1638 2117 assumtis
1672 2044 1789 2117 decem
1820 2045 2041 2141 Metropolitis
2101 2111 2105 2118 ⁴

677 2166 732 2260 qui
759 2161 819 2238 suh
848 2166 919 2256 ejus
947 2171 1060 2236 essent
1084 2163 1262 2250 Dioecesi,
1298 2170 1364 2232 tum
1391 2160 1509 2232 decem
1535 2159 1608 2234 aliis
1640 2158 1838 2258 Episcopis,
1873 2157 2042 2256 Ephesum

675 2278 912 2376 proficiscatur.
948 2279 985 2350 ln
1011 2276 1308 2374 subscriptionibus
1327 2273 1486 2371 Ephesini
1506 2275 1735 2363 conciliabuli,
1763 2277 1893 2372 aliquae
1912 2278 2041 2375 Aegy-

677 2400 820 2490 ptiorum
845 2395 1087 2491 Episcopomm
1115 2405 1308 2481 occurnmt,
1336 2391 1395 2464 sed
1421 2390 1540 2464 nullius
1573 2415 1646 2463 cum
1673 2391 1907 2489 Metropolitae
1939 2395 2042 2488 titulo,

678 2515 771 2604 cujus
804 2514 903 2583 etiam
937 2509 1046 2600 nulla,
1085 2510 1173 2605 quod
1207 2514 1366 2597 sciamus,
1406 2512 1566 2581 memoria
1602 2519 1655 2583 est
1694 2507 1781 2604 apud
1814 2509 2042 2584 Athanasium.

676 2625 885 2723 Metropoles
912 2627 1006 2715 illae,
1035 2625 1148 2721 quales
1176 2625 1318 2699 saeculis
1344 2622 1584 2720 posterioribus
1610 2623 1741 2716 fuerint,
1767 2647 1833 2698 uno
1860 2637 2042 2721 conspectu

677 2741 816 2835 intelligi
840 2752 952 2839 potest
979 2766 1024 2814 ex
1052 2741 1288 2839 Geographiae
1313 2739 1572 2812 Ecclesiasticae
1598 2741 1814 2836 compendio,
1851 2743 1938 2838 quod
1970 2764 2042 2839 po-

677 2869 823 2932 stremae
850 2855 1072 2930 Concihorum
1100 2857 1234 2930 editioni
1258 2856 1441 2953 praefixum
1470 2866 1531 2929 est

359 3054 366 3064 .
392 2965 428 3018 ⁰⁰
442 2967 529 3066 Africa
545 2970 571 3023 ¹¹¹
590 2984 664 3040 quam
782 2973 853 3048 CV.
881 2973 998 3047 Africa
1024 2977 1161 3069 proprie
1187 2973 1286 3065 dcto,
1312 2996 1386 3044 cum
1407 2972 1449 3044 ad
1470 2972 1559 3045 sedis
1577 2972 1751 3047 Romanae
1767 2974 2042 3066 jurusdictiouem

354 3069 397 3119 ³¹¹⁸
415 3053 509 3110 habuit.
675 3094 880 3189 pertineret,
908 3114 983 3162 eum
1010 3099 1119 3161 tamen
1149 3089 1272 3161 titolum
1304 3086 1523 3162 Alexandrini
1555 3088 1730 3162 lacobitae
1763 3087 1836 3159 aliis
1868 3091 1938 3162 suis
1974 3089 2040 3161 ad-

671 3213 870 3301 junxerunt,
897 3216 932 3278 ut
958 3229 997 3278 se
1023 3210 1123 3278 totius
1149 3204 1288 3279 Africae
1314 3203 1524 3276 Patriarchas
1552 3204 1766 3301 appellarent.
1822 3204 1891 3277 Sed
1918 3227 2040 3300 quarn-

674 3326 728 3395 vis
746 3322 856 3396 titulus
876 3322 931 3394 ille
950 3325 984 3393 in
1006 3321 1157 3395 omnibus
1177 3323 1272 3397 Actis
1296 3330 1329 3392 et
1347 3322 1578 3409 monumentis,
1606 3343 1743 3416 quorum
1767 3332 1858 3394 certa
1879 3325 2040 3394 autoritas

675 3451 745 3527 est,
772 3461 905 3535 semper
931 3442 1124 3535 reperiatur,
1151 3459 1245 3510 usum
1273 3436 1346 3510 talis
1374 3440 1558 3509 autoritatis
1585 3440 1619 3508 in
1643 3435 1760 3511 Africa
1779 3435 1854 3510 illos
1871 3435 2039 3526 habuisse,
2310 3455 2311 3462 ¹

673 3560 736 3628 vix
763 3553 921 3628 credibile
946 3553 1087 3626 videtur.
1139 3554 1257 3649 Neque
1290 3557 1377 3625 euim
1404 3561 1511 3626 stante
1537 3551 1690 3626 Romano
1716 3553 1859 3648 Mperio
1886 3554 1951 3626 ulla
1980 3553 2040 3626 brit

670 3670 855 3766 jurisdictio
881 3669 1183 3744 Alexandrinorum
1209 3667 1471 3742 Patriaroharum
1504 3672 1539 3740 in
1563 3667 1701 3758 Africa,
1735 3693 1820 3765 quae
1856 3667 2038 3762 Carthagi·

674 3789 771 3860 nensi
797 3784 966 3883 Episcopo
993 3785 1150 3881 parebat,
1182 3796 1320 3860 servato
1349 3785 1579 3882 appellationis
1615 3785 1657 3858 ad
1682 3784 1869 3860 Romanum
1894 3786 2037 3858 Pontifi-

675 3927 750 3976 cem
776 3903 901 3977 ordine.
954 3903 1136 3997 Postquam
1161 3923 1247 3974 vero
1273 3900 1390 3974 Africa
1418 3925 1439 3974 a
1464 3900 1642 3994 Barbarie,
1675 3899 1865 3990 Wandalis,
1900 3901 2039 3998 aliisque

675 4017 994 4115 Septentrionalibus
1020 4016 1169 4114 pestibus
1196 4026 1330 4092 vastata
1355 4025 1419 4104 est,
1445 4026 1534 4089 tanta
1560 4017 1620 4090 brit
1644 4015 1868 4091 Ecclesiarum
1894 4018 2036 4090 calami-

673 4145 749 4229 tas,
781 4146 818 4208 ut
848 4156 1011 4231 nunquam
1046 4134 1144 4230 plane
1174 4136 1376 4207 iustamatae
1406 4131 1537 4208 fuerint.
1597 4133 1634 4206 Si
1670 4133 1745 4230 quid
1776 4131 2036 4208 Christianorum

674 4259 869 4347 supererat,
896 4252 1066 4345 perierunt
1090 4249 1135 4322 illi
1162 4249 1222 4325 suh
1249 4248 1498 4340 Muhamedanis
1525 4253 1580 4346 qui
1604 4249 1823 4323 Christianam
1848 4249 1945 4323 iidem
1972 4250 2035 4324 illis

672 4369 708 4437 in
733 4366 926 4459 regionibns
953 4365 1096 4438 funditus
1123 4365 1329 4455 deleverunt,
1356 4366 1440 4439 adeo
1467 4375 1504 4438 ut
1530 4369 1615 4438 iuter
1640 4388 1765 4462 paucas
1782 4365 1957 4439 admodum
1977 4367 2035 4440 la-

674 4483 781 4556 milias
808 4492 1008 4558 conservata
1034 4481 1148 4572 fuerit,
1176 4503 1278 4578 quas,
1305 4485 1334 4554 si
1360 4480 1524 4555 historicis
1550 4481 1737 4577 Hispanicis
1764 4481 1946 4573 credimus,
1973 4507 2035 4556 re-

674 4603 762 4697 perit
787 4604 820 4672 iu
848 4599 1061 4696 expeditione
1087 4620 1147 4671 sua
1172 4596 1332 4671 Africana
1359 4596 1500 4671 Carolus
1527 4597 1568 4670 V.
1596 4597 1838 4694 deplorandas,
1864 4595 2037 4672 florentis-

676 4719 830 4789 simarum
858 4714 1021 4812 quondam
1047 4711 1275 4787 Ecclesiamm
1300 4711 1468 4809 reliquias.
1520 4710 1644 4786 Verum
1678 4713 1724 4786 illi
1755 4737 1818 4786 nec
1848 4712 2036 4811 Episcopos

2310 5617 2311 5684 l

675 4830 859 4920 habehant,
885 4853 948 4904 nec
973 4830 1164 4919 Ecclesiae,
1192 4839 1247 4901 aut
1273 4833 1302 4902 si
1328 4828 1458 4924 quando
1487 4828 1687 4921 habuenmt,
1719 4839 1755 4901 ut
1780 4829 1841 4904 suh
1869 4827 2035 4923 Gregorio

675 4946 746 5019 Vll.
772 4945 928 5022 habuisse
955 4955 1085 5020 constat
1110 4967 1156 5019 ex
1182 4943 1340 5042 Epistolis
1368 4945 1429 5017 22.
1456 4953 1490 5016 et
1516 4944 1575 5016 23.
1608 4944 1682 5019 libri
1710 4944 1742 5018 1.
1777 4945 1819 5018 ad
1853 4944 2034 5039 Carthagi-

675 5084 799 5140 nenses
827 5073 861 5136 et
886 5062 929 5136 ad
956 5061 1134 5161 Cyriacum
1160 5083 1276 5138 eorum
1301 5059 1523 5158 Episcopum,
1557 5072 1624 5134 tum
1655 5083 1702 5134 ex
1736 5061 1794 5137 19.
1822 5059 1882 5134 20.
1910 5071 1943 5134 et
1976 5064 2032 5138 21.
