4736 6064
653 691 731 766 tto
938 687 1725 770 LITURGthOllbllllllS

759 879 916 972 Populos.
943 878 986 950 Et
1012 901 1087 952 cum
1114 881 1229 974 spiritu
1255 887 1323 950 tuo.

754 994 882 1066 lteram
906 995 1094 1067 Dioccoos.
1121 994 1257 1087 Surgite
1283 993 1326 1066 ad
1352 995 1545 1068 orationem.

754 1110 937 1182 Sacerdos.
991 1112 1066 1184 Pax
1091 1108 1192 1183 vobis
1219 1109 1381 1183 omnibus.

753 1226 914 1320 Populos.
941 1228 1083 1300 Domine
1109 1229 1271 1300 miserere
1298 1227 1412 1300 nostri.
1466 1225 1549 1300 Cum
1576 1229 1692 1322 spiritu
1719 1235 1784 1299 ιιο.

877 1501 1053 1574 Sacerdos
1078 1502 1163 1573 dicit
1191 1501 1387 1574 Orationem
1411 1506 1603 1596 pretiorum
1629 1504 1787 1574 eodonis.

756 1706 890 1782 Gratias
933 1729 1071 1800 agamus
1101 1705 1308 1781 benefactori
1342 1718 1458 1782 nostro
1490 1708 1632 1782 Domino
1666 1709 1891 1800 misericordi,
1929 1709 2021 1784 Patri

650 1826 783 1899 Domini
808 1826 873 1898 Dei
900 1835 934 1896 ιι
959 1823 1138 1898 salvatoris
1163 1827 1269 1898 nostri
1294 1824 1377 1898 lesu
1403 1822 1542 1914 Christi,
1568 1827 1644 1920 quia
1670 1829 1816 1920 protexit
1841 1849 1926 1917 noa,
1956 1831 2020 1921 ju-

649 1945 717 2030 vit,
744 1951 778 2014 ct
804 1941 997 2030 custodivit,
1024 1953 1058 2014 et
1082 1944 1237 2015 misertus
1264 1951 1316 2015 cst
1341 1943 1465 2014 nostri:
1493 1939 1600 2014 adse
1626 1939 1789 2014 accedere
1820 1941 1911 2032 fecit,
1937 1966 2021 2018 sus-

650 2061 739 2155 ccpit
775 2081 856 2147 nos,
887 2057 1081 2149 roboravit,
1117 2069 1150 2131 ct
1190 2055 1418 2153 multiplicavit
1451 2078 1515 2129 nos
1556 2079 1661 2152 usquc
1698 2057 1739 2128 ad
1769 2057 1855 2130 hanc
1888 2057 2020 2133 horam:

648 2194 807 2266 rogemus
834 2195 918 2266 ergo
944 2173 1034 2246 illum
1060 2179 1197 2263 iterum,
1222 2183 1259 2245 ιι
1274 2172 1438 2246 custodiat
1464 2193 1527 2246 nos
1553 2175 1587 2243 in
1601 2171 1664 2244 hac
1682 2173 1736 2245 dic
1750 2186 1878 2267 sancta,
1905 2180 2020 2249 omni-

648 2287 777 2387 busque
804 2290 919 2363 dicbus
945 2292 1036 2362 vitm
1062 2299 1199 2363 nostrae
1225 2292 1257 2360 in
1284 2311 1370 2385 pace
1397 2290 1605 2384 omnipotens
1631 2289 1792 2364 Dominus
1823 2290 1916 2365 Deus
1949 2314 2020 2365 no-

648 2417 729 2479 ster·
752 2406 936 2581 Scblcrllbos.
971 2510 1114 2582 Domine
1148 2509 1291 2582 Domine
1328 2510 1553 2602 omnipotens,
1584 2507 1685 2580 Pater
1719 2509 1853 2582 Domini
1886 2510 1952 2582 Dei
1984 2519 2018 2582 ct

648 2625 830 2702 salvatoris
856 2626 962 2697 nostri
986 2623 1068 2698 Jesu
1094 2622 1236 2713 Christi,
1263 2625 1391 2717 gratias
1418 2626 1547 2716 agimus
1579 2622 1638 2696 tibi
1672 2622 1715 2695 de
1750 2623 1922 2716 omnibus,
1954 2649 2016 2723 pro

648 2739 801 2815 omnibus
828 2751 861 2813 et
888 2745 920 2812 in
947 2739 1116 2830 omnibus,
1143 2743 1219 2836 quia
1251 2741 1429 2835 protexisti
1463 2761 1546 2828 nos,
1578 2740 1693 2831 juvisti
1727 2760 1811 2828 nos,
1845 2739 2019 2814 custodisti

648 2879 729 2947 nos,
757 2867 790 2929 ct
816 2859 969 2930 misertus
996 2879 1035 2930 es
1061 2859 1182 2945 nostri,
1209 2858 1402 2953 suscepisti,
1435 2853 1603 2929 roborasti
1634 2865 1669 2928 ct
1699 2854 1921 2952 multiplicasti
1954 2877 2017 2930 nos

648 2995 754 3070 usquc
782 2970 824 3044 ad
850 2969 936 3044 hanc
961 2972 1087 3046 horam.

752 3087 939 3160 Diaconos.
965 3089 1071 3162 Petite
1098 3095 1131 3160 ct
1156 3097 1275 3181 rogate
1300 3099 1336 3161 ιι
1361 3091 1558 3161 misereatm
1583 3089 1689 3161 nostri
1701 3088 1862 3161 Dominus
1885 3097 1920 3160 ιι
1932 3109 2019 3184 par-

650 3214 705 3277 cat
728 3203 845 3279 nobis:
873 3207 1096 3300 suscipiatque
1123 3208 1307 3278 orationem
1334 3215 1368 3276 ct
1393 3205 1664 3300 deprecationem
1690 3225 1776 3299 quae
1802 3202 1837 3276 fit
1860 3223 1923 3298 pro
1950 3225 2020 3276 no-

647 3322 700 3394 bis
727 3345 748 3394 a
774 3323 898 3396 sanctis
924 3324 1006 3411 suis,
1032 3329 1067 3392 ut
1092 3318 1255 3413 benignus
1283 3341 1365 3413 erga
1391 3341 1454 3394 nos
1473 3340 1624 3416 semper,
1651 3319 1769 3392 efficiat
1789 3340 1852 3392 nos
1880 3317 2019 3411 dignos,

648 3449 685 3510 ut
710 3441 945 3534 suscipiamus,
972 3437 1217 3532 participesque
1252 3439 1354 3509 simus
1387 3436 1627 3508 communionis
1658 3437 1808 3531 mysterii
1842 3434 2021 3528 benedicti,

648 3563 683 3624 ιι
709 3551 847 3624 dimittat
872 3550 968 3624 nobis
995 3561 1133 3647 peccata
1158 3561 1284 3624 nostra.

752 3664 922 3761 Dicetqoe
949 3669 1056 3738 omnis
1076 3667 1224 3760 popolus
1250 3673 1313 3738 ter.
1365 3665 1471 3762 Kyric
1497 3665 1636 3740 cleison.

752 3780 937 3853 Sacerdos.
964 3780 1008 3854 Ut
1035 3779 1193 3856 ducamus
1219 3781 1306 3854 hunc
1332 3781 1419 3854 diem
1446 3791 1595 3854 sanctum
1622 3791 1656 3853 ιι
1681 3803 1797 3856 omnes
1830 3779 1902 3853 dies
1928 3782 2020 3854 vitae

648 3908 784 3970 nostrae
816 3901 850 3970 in
879 3922 966 3996 pace
998 3921 1071 3970 cum
1106 3900 1224 3972 tmore
1255 3907 1330 3971 tuo:
1357 3920 1489 3972 omnem
1520 3896 1692 3984 mvidiam,
1732 3918 1864 3971 omnem
1897 3893 2020 3988 dolum,

649 4033 847 4109 omnemque
874 4015 1101 4108 operationem
1128 4024 1286 4103 satanae,
1312 4036 1443 4087 omnem
1469 4011 1745 4086 machinationem
1759 4011 1925 4085 hominum
1950 4014 2020 4084 im-

647 4126 849 4226 proborum,
884 4128 1194 4226 insultationemque
1226 4132 1347 4202 inhnici
1383 4139 1547 4203 secretam
1574 4138 1609 4201 ιι
1644 4126 1871 4219 manifestam,
1903 4127 2022 4223 procul

646 4245 704 4318 iac
730 4254 765 4317 ct
790 4244 920 4340 depelle
946 4268 967 4316 a
993 4268 1063 4336 mc,
1090 4255 1123 4318 et
1149 4245 1190 4319 ab
1218 4248 1307 4320 omni
1332 4245 1456 4341 populo
1483 4255 1558 4336 tuo,
1585 4254 1619 4318 ct
1645 4242 1687 4316 ab
1714 4242 1875 4318 hocloco
1903 4253 2021 4318 sancto

647 4371 722 4451 tuo;
750 4383 977 4458 quaecumque
1002 4361 1111 4454 bona,
1138 4384 1365 4458 quaecumque
1390 4365 1611 4458 praestantia,
1643 4359 1798 4433 mandato
1831 4369 1887 4433 ιιο
1913 4382 2023 4456 prae-

648 4486 700 4552 sta
726 4474 841 4550 nobis:
869 4481 945 4574 quia
970 4487 1005 4549 tu
1032 4501 1070 4552 es
1097 4481 1152 4574 qui
1179 4477 1296 4551 dedisti
1322 4478 1421 4554 nobis
1447 4488 1647 4574 potestatem
1674 4476 1824 4551 calcandi
1846 4487 2023 4574 serpentes

648 4605 683 4666 ct
708 4594 925 4688 scorpiones,
951 4615 1148 4689 omnemque
1173 4597 1329 4665 vnutem
1355 4595 1486 4666 inimici.
1540 4591 1584 4665 Dt
1609 4615 1653 4664 ne
1679 4614 1742 4666 nos
1776 4591 1915 4665 inducas
1941 4592 2021 4665 Do-

648 4710 736 4780 mine
762 4710 796 4778 in
822 4709 1051 4781 tentationem:
1078 4709 1139 4782 scd
1164 4708 1268 4783 libera
1296 4720 1331 4783 ct
1356 4711 1450 4806 eripe
1476 4732 1538 4783 nos
1559 4708 1601 4781 ab
1619 4711 1707 4781 omni
1725 4707 1830 4798 mal03
1856 4729 1919 4805 per
1933 4729 2021 4801 gra-

648 4827 747 4914 tiam,
773 4824 1052 4916 miscricordiam,
1079 4836 1113 4898 et
1138 4848 1287 4898 amorem
1313 4847 1397 4918 arga
1422 4824 1572 4899 homines
1587 4823 1662 4898 Filii
1676 4825 1722 4896 tui
1743 4825 1914 4916 unigeniti,
1940 4824 2021 4898 Do-

648 4941 727 5010 mini
753 4939 834 5027 Dei,
861 4951 895 5012 ct
920 4940 1098 5014 salvatoris
1124 4943 1230 5015 nostri
1254 4942 1336 5017 tcsu
1364 4939 1503 5015 Christi:
1535 4963 1597 5038 per
1622 4962 1732 5036 quem
1761 4963 1836 5012 cum
1867 4963 1952 5036 quo,
1985 4949 2021 5012 ιι

650 5078 725 5127 cum
751 5053 874 5150 Spiritu
899 5064 955 5128 tuo
983 5067 1121 5149 sancto,
1147 5067 1180 5128 te
1207 5057 1304 5131 decet
1329 5055 1438 5150 gloria
1464 5066 1498 5129 ιι
1522 5059 1714 5154 imperium,
1749 5079 1836 5130 nunc
1862 5065 1897 5130 ιι
1922 5078 2019 5132 sem-

650 5193 731 5267 per,
757 5178 792 5244 et
816 5171 849 5240 in
876 5170 1011 5244 saecula
1037 5172 1257 5248 sacculorum.
1283 5171 1404 5249 Amen.
