4670 6046
565 593 617 669 Ab
634 590 841 670 blTURGIAbl
858 588 1049 667 OOPTthll
1066 589 1097 667 S.
1118 589 1262 666 BhSllll.
1516 586 1597 710 ²⁴⁷

233 786 318 866 ragno
353 782 454 844 craecis
483 787 530 841 ter
555 777 659 858 sacto,
691 777 841 839 benedicit
865 775 1020 856 populum
1048 775 1192 855 amahus
1220 776 1362 837 Mmonet
1387 773 1467 854 quod
1488 780 1597 835 sancta

233 883 309 946 baec
327 882 415 962 puris
436 886 465 940 et
485 878 602 940 sanetis
622 877 718 939 solnm
744 876 914 939 tradanur.
959 871 1030 935 llum
1057 875 1155 935 eleuat
1185 881 1215 935 et
1242 875 1373 936 ostendit
1396 872 1598 934 Sacramenta

233 981 375 1044 immersa
402 979 530 1058 populo,
553 983 694 1057 tauquam
715 977 748 1038 in
770 976 977 1037 testimouium.
1028 972 1109 1036 Idem
1138 971 1229 1034 habet
1256 971 1421 1053 Dionysius
1450 970 1596 1034 barsalibi

234 1079 445 1144 commentario
469 1076 505 1138 ad
529 1076 608 1138 hunc
630 1073 783 1159 Litu'rgiae
813 1072 922 1138 locum.
973 1071 1126 1134 Sacerdos
1154 1072 1252 1133 about
1278 1080 1308 1132 et
1333 1071 1505 1150 circumfert
1532 1067 1596 1131 Sa-

233 1185 405 1256 cramenta,
429 1177 566 1238 emanans
587 1179 617 1235 et
637 1175 756 1252 dicens,
780 1171 895 1234 Sancta
916 1173 1039 1234 sanctis.
1085 1170 1188 1252 ltaque
1209 1188 1247 1232 ne
1270 1187 1328 1231 una
1353 1168 1471 1250 quidem
1492 1168 1597 1232 Litur-

232 1280 283 1360 gia
305 1285 368 1354 est,
391 1293 469 1358 quae
492 1274 643 1337 celebrem
671 1273 766 1351 illam,
794 1279 883 1352 atque
912 1289 929 1333 a
959 1276 1021 1333 tota
1049 1277 1132 1332 retro
1160 1269 1333 1349 antiquitate
1360 1267 1594 1331 commendatam

233 1377 390 1441 lormulam
417 1391 478 1436 non
509 1371 634 1449 habeat,
663 1371 722 1434 hoc
750 1373 817 1453 ipso
846 1371 876 1432 in
899 1369 976 1432 loco.
1029 1367 1103 1432 Nam
1126 1375 1248 1451 praeter
1271 1367 1428 1450 Copticas,
1452 1367 1595 1449 Syriacae

234 1494 354 1550 omnes,
376 1473 578 1550 Jacobiticae,
601 1471 805 1550 blelchitieae,
830 1477 860 1531 et
881 1468 1079 1530 Nestorianae
1102 1486 1165 1530 eam
1188 1467 1346 1547 exhibent,
1369 1474 1402 1529 ut
1425 1469 1513 1530 etiam
1531 1466 1595 1530 hr-

234 1577 359 1639 menlca.
405 1571 516 1635 Omnes
540 1573 628 1633 ctiam
641 1570 850 1651 Aethiopicae,
873 1584 951 1649 quae
974 1587 1014 1631 ex
1031 1567 1227 1649 Aegyptiacis
1243 1583 1409 1646 expressae
1427 1575 1504 1646 sunt,
1528 1586 1593 1630 eam

233 1673 385 1751 referunt,
408 1670 490 1733 nullo
512 1671 590 1732 inter
617 1689 651 1732 se
681 1669 860 1731 discrimine.
904 1667 936 1728 ln
967 1684 1003 1729 ea
1033 1683 1111 1747 quae
1138 1665 1406 1728 constitutionibus
1435 1665 1594 1730 Canonicls

233 1774 347 1836 inserta
370 1777 434 1847 est,
458 1777 489 1831 et
511 1785 598 1848 ιιιιιιιιι
620 1768 726 1830 Latine
748 1766 840 1830 edidit
862 1765 949 1828 simul
971 1783 1037 1827 cum
1061 1763 1240 1845 Aethiopico
1263 1772 1349 1827 textu
1365 1766 1460 1829 lobus
1479 1765 1595 1828 Ludol-

235 1871 299 1948 fus,
321 1871 398 1932 baec
419 1867 513 1931 verba
535 1867 657 1929 mirillce
680 1863 894 1948 interpretatus
917 1872 981 1943 est,
1010 1863 1222 1926 Sanchrarium
1249 1866 1383 1937 sanctis;
1410 1883 1470 1928 non
1498 1866 1596 1927 miuus

235 1978 339 2034 contra
361 1967 556 2048 Aethiopicae
579 1965 700 2047 linguae
722 1965 954 2045 proprietatem,
978 1979 1065 2043 quam
1087 1979 1272 2024 communem
1294 1963 1423 2025 omnium
1441 1964 1597 2045 Litargia-

234 2087 299 2132 rum
322 2067 520 2141 sententiam,
542 2072 665 2146 praeter
687 2083 774 2145 quam
798 2063 876 2145 quod
900 2061 1011 2124 nullum
1033 2061 1108 2122 haec
1130 2061 1232 2122 versio
1259 2079 1379 2124 sensum
1403 2063 1498 2126 elllcit.
1522 2063 1596 2137 Quis

235 2169 313 2230 enim
336 2183 467 2246 unquam
490 2163 601 2225 audivit
624 2163 693 2226 talia
716 2162 810 2225 verba
832 2163 862 2224 in
885 2159 1046 2244 Liturgicis
1069 2157 1208 2222 Olllciis‘?
1232 2159 1292 2222 Sed
1315 2180 1351 2223 ea
1373 2159 1427 2225 luit
1450 2163 1542 2242 illius,
1566 2165 1597 2226 in

236 2266 371 2331 omnibus
394 2263 488 2325 ferme
511 2278 589 2342 quae
611 2261 649 2324 ad
672 2262 897 2324 controversias
926 2258 963 2321 de
990 2258 1139 2341 religione
1168 2267 1342 2341 spectarent
1370 2259 1536 2339 allectatio,
1565 2271 1597 2324 ut

236 2367 320 2448 quasi
343 2381 452 2426 secure
475 2359 512 2422 de
536 2361 671 2423 omnibus
694 2362 811 2422 nemine
834 2357 1041 2420 intercedente
1058 2359 1259 2438 pronunciare
1274 2366 1390 2441 posset,
1412 2359 1597 2422 absurdissi-

236 2483 299 2528 mas
321 2481 382 2527 non
405 2461 493 2524 modo
517 2461 694 2540 opiniones,
718 2459 772 2522 sed
795 2458 875 2540 quod
898 2459 992 2519 minus
1007 2459 1147 2519 excusari
1160 2466 1270 2539 potest,
1293 2459 1455 2521 verborum
1468 2459 1598 2522 Aethio-

237 2565 373 2646 picorum
397 2559 613 2640 explicationes
637 2558 770 2636 dederit,
794 2577 871 2639 quae
894 2555 968 2618 lerri
991 2574 1050 2619 non
1073 2565 1207 2638 possunt.
1229 2557 1303 2619 llinc
1327 2563 1413 2621 natae
1431 2567 1500 2620 suut
1521 2577 1597 2639 por-

236 2670 372 2726 tentosae
394 2658 463 2721 illae
485 2675 578 2720 voces
604 2656 724 2720 Caesae
745 2675 832 2738 quam
854 2656 964 2736 ubique
988 2662 1112 2737 usurpat
1134 2674 1190 2736 pro
1212 2655 1412 2720 Eucharistia:
1441 2656 1597 2720 Orationis

236 2761 466 2824 Eucharisticae
486 2775 541 2838 pro
564 2757 710 2840 liturgia,
733 2764 763 2818 et
786 2755 895 2818 multae
917 2755 993 2818 aliae
1016 2772 1090 2835 quas
1113 2755 1182 2818 alibi
1205 2757 1381 2819 notavimus.

323 2855 401 2919 Nihil
423 2874 517 2936 porro
540 2855 634 2919 refert
657 2855 806 2918 hocloco
836 2853 1074 2935 disquisitionem
1096 2854 1252 2918 instituere
1282 2855 1320 2919 dc
1351 2855 1529 2919 elevationis
1551 2855 1597 2917 si·
1644 2848 1808 2921 Comparatio
1828 2849 1918 2902 eteva-

236 2957 400 3020 militudine
423 2973 488 3018 cum
512 2972 549 3018 ea
572 2973 649 3036 quae
678 2955 710 3018 llt
741 2955 858 3017 Graeco
889 2960 939 3016 aut
960 2953 1064 3015 Latino
1087 2952 1175 3029 Ritu,
1203 2962 1235 3017 et
1257 2973 1293 3018 ea
1316 2973 1404 3036 quam
1433 2939 1684 3018 observant¹³⁰¹¹¹⁸
1707 2937 1766 2990 ΜΝ
1794 2933 1919 2990 ⁰¹¹⁰¹¹²⁰¹i

237 3055 416 3124 Orientales.
439 3055 545 3136 Neque
568 3057 646 3117 enim
669 3055 905 3118 Christianorum
928 3051 1001 3115 hdes
1024 3052 1135 3134 pendet
1157 3073 1174 3115 a
1196 3054 1283 3116 simili
1306 3058 1510 3134 caeremonia,
1539 3041 1666 3162 nisi?um
1682 3041 1800 3164 pququse
1821 3022 1849 3074 Μ
1864 3021 1918 3074 Μ’

237 3156 316 3238 quod
340 3154 458 3218 ostendi
480 3155 677 3235 Eucharistia,
700 3157 878 3235 praesertim
908 3171 974 3215 cum
1004 3141 1127 3215 honoris
1156 3153 1372 3236 significatione
1402 3174 1461 3218 non
1484 3162 1596 3237 potest,
1620 3127 1663 3164 ¹¹¹⁰
1697 3129 1704 3162 ¹
1734 3150 1740 3163 '

238 3255 315 3338 apud
339 3272 393 3317 cos
416 3255 466 3334 qui
495 3270 556 3317 non
583 3273 656 3316 vere
684 3254 808 3317 credaut
838 3255 917 3316 illam
939 3269 1009 3314 esse
1032 3269 1142 3333 corpus
1165 3260 1196 3316 et
1218 3255 1394 3336 sanguinem
1417 3255 1542 3319 Christi:
1565 3261 1596 3315 at

238 3354 372 3436 quamvis
394 3370 454 3415 non
469 3353 649 3429 elevaretur,
672 3353 760 3415 modo
779 3361 875 3415 tamen
890 3351 1092 3415 Ecclesiarum
1116 3351 1189 3414 hdcs
1212 3353 1330 3416 aliunde
1354 3362 1514 3432 constaret,
1537 3371 1597 3415 non

238 3452 352 3514 idcirco
376 3453 516 3514 revocari
538 3470 603 3513 cum
627 3451 725 3533 aliqua
746 3453 863 3515 ratione
886 3457 990 3533 posset
1011 3452 1041 3512 in
1064 3449 1202 3530 dubium,
1226 3471 1265 3514 ex
1288 3452 1366 3516 illius
1389 3455 1597 3516 caeremoniae

238 3551 369 3615 delectu.
390 3551 465 3613 Nam
492 3553 522 3613 iu
549 3552 612 3614 sola
643 3568 730 3632 quam
758 3551 853 3614 Latini
883 3551 1009 3627 habent,
1033 3551 1358 3615 Praesanctihcatorum
1380 3553 1489 3633 Missa,
1510 3553 1599 3616 Seria

240 3660 327 3716 sexta
354 3651 477 3731 hiajaris
503 3649 725 3729 hebdomadae,
757 3651 810 3712 vix
837 3649 1024 3713 Eucharistia
1054 3650 1236 3713 ostenditur:
1275 3653 1305 3712 in
1334 3651 1598 3715 Carthusiauorum

238 3769 294 3814 usu
325 3748 541 3812 Ecclesiastico
572 3749 651 3812 calix
673 3751 725 3812 vix
748 3749 901 3828 attollitur,
926 3766 1024 3829 neque
1048 3769 1064 3811 a
1089 3750 1346 3813 circumstantibus
1368 3750 1464 3814 videri
1487 3760 1597 3833 potest.

240 3851 308 3912 Non
331 3847 444 3911 idcirco
467 3848 659 3927 dubitabitur,
683 3857 734 3912 aut
755 3851 793 3913 de
814 3850 969 3913 Ecclesiae
991 3849 1114 3911 Latinae
1138 3850 1167 3911 iu
1190 3850 1245 3912 hac
1268 3849 1370 3925 blissa,
1394 3859 1444 3912 aut
1466 3851 1504 3913 de
1526 3851 1598 3931 pio-

238 3967 304 4011 rum
326 3947 445 4011 illorum
467 3947 646 4012 Ascatarum
670 3948 829 4034 religione.
854 3949 1080 4012 Observandum
1103 3966 1223 4029 quoque
1246 3957 1302 4026 est,
1326 3967 1386 4011 non
1409 3948 1505 4011 levem
1529 3967 1598 4013 esse

239 4049 318 4110 inter
336 4064 390 4109 eos
406 4048 457 4128 qul
469 4045 637 4132 liturgicus
653 4049 842 4130 antiquitates
857 4049 1084 4111 illustraverunt
1107 4047 1313 4129 quaestionem
1336 4047 1373 4110 de
1397 4049 1471 4110 ritus
1493 4049 1599 4111 eleva-

240 4149 327 4209 tionis
351 4146 430 4225 apud
452 4143 574 4208 Latinos
598 4147 725 4228 origine.
769 4147 805 4210 ln
826 4150 956 4229 antiquis
978 4149 1056 4209 euim
1077 4147 1172 4221 libris,
1195 4154 1225 4207 et
1244 4149 1276 4207 in
1297 4147 1453 4209 codmibas
1475 4147 1599 4210 Ordinis

239 4246 371 4308 Romani
398 4253 460 4306 tam
481 4247 604 4308 eecnms
625 4265 715 4326 qnam
737 4249 966 4328 manuscriptas,
993 4266 1049 4308 aec
1076 4249 1108 4307 in
1127 4247 1240 4326 priscis
1266 4249 1374 4310 rituum
1402 4246 1599 4327 Expositum-

240 4345 304 4420 bus,
327 4341 656 4422 diminuendam,
684 4345 1038 4427 Walafrido,lllicralaqo
1060 4355 1089 4407 et
1111 4347 1191 4423 aliis,
1214 4346 1337 4427 adqawd
1357 4349 1420 4426 dats
1442 4351 1599 4428 uestigium

240 4445 398 4524 equitata
442 4443 491 4506 Ea
513 4444 665 4508 duntaxat
685 4449 717 4509 ia
739 4445 853 4509 Ordine
874 4447 1011 4508 Romano
1041 4446 1168 4506 elevatio
1200 4455 1399 4522 memoratu,
1427 4467 1486 4528 qam
1515 4447 1599 4507 calio

240 4543 387 4605 attollitur
406 4551 476 4604 ante
498 4545 664 4607 oratianan
684 4545 881 4609 Dominicam.
927 4544 1027 4607 Verba
1055 4552 1124 4632 sunt
1152 4544 1319 4608 Cardinalis
1342 4544 1453 4609 Bonae.
1497 4546 1599 4608 Potest
1645 4539 1919 4608 ”effi-Hm?-

240 4660 314 4706 sane
337 4641 419 4720 lieri,
446 4650 479 4704 ut
501 4645 635 4724 quamvls
658 4644 787 4707 elevatio
816 4646 1030 4708 observaretur
1051 4647 1081 4705 in
1103 4645 1207 4709 Latina
1229 4645 1337 4723 blissa,
1367 4645 1478 4724 nullum
1500 4629 1640 4707 lumeni·
1660 4627 1702 4680 13.
1721 4643 1744 4678 ⁶·
1762 4627 1788 4678 ²·

241 4743 306 4823 ejus
328 4740 490 4825 vestigium
513 4751 597 4806 extet
619 4744 648 4805 in
671 4743 857 4823 blissalibus,
888 4745 937 4826 qui
959 4745 1093 4806 rubricas
1124 4747 1284 4826 antiquitus
1311 4762 1372 4809 non
1403 4745 1600 4826 recipiebant.

241 4840 337 4923 blajus
360 4849 407 4904 cst
430 4851 646 4924 argumentum,
669 4863 709 4906 ex
730 4842 942 4924 Expositorum
965 4844 1074 4908 blissae
1097 4845 1230 4909 silentio:
1255 4847 1389 4926 quamvis
1416 4865 1520 4927 parum
1549 4846 1600 4908 in·

242 4939 345 5020 tersit,
373 4948 406 5002 ut
434 4941 578 5020 diximus,
609 4961 669 5023 quo
692 4950 842 5007 momento
865 4944 1040 5008 ostendatur
1061 4943 1267 5026 Eucharistia,
1296 4947 1355 5008 imo
1383 4953 1412 5007 et
1434 4963 1471 5007 an
1494 4954 1600 5009 osten-

244 5038 340 5102 datur.
385 5037 426 5102 ht
456 5039 599 5121 quidquid
627 5040 665 5105 de
689 5042 802 5125 jndicio
830 5043 953 5124 piissimi
991 5041 1215 5124 doctissimique
1245 5041 1412 5106 Cardinalis
1443 5052 1599 5126 statuatur,
