4670 6046
1037 545 1268 623 NOTAE

667 821 788 892 Oratio
812 844 879 914 pro
906 843 1031 914 mappa
1056 823 1168 916 niqra,
1196 843 1285 913 quae
1311 825 1363 891 est
1391 842 1495 913 super
1524 821 1646 892 altare.

581 1033 615 1110 ln
638 1041 747 1106 Ritnali
771 1039 920 1104 Gabrielis
943 1043 1006 1104 vox
1034 1042 1092 1103 ista
1114 1040 1227 1121 legitur
1248 1041 1279 1102 in
1293 1038 1401 1121 plurali
1424 1027 1600 1118 capriana,⁸
1623 1058 1701 1122 quae
1723 977 1852 1123 quidem·

469 1147 636 1230 respondet
659 1143 847 1222 aliquatenus
871 1140 1056 1203 Graecorum
1078 1139 1286 1214 Antimeasiis,
1309 1141 1445 1220 quamvis
1475 1139 1642 1223 informa,
1669 1141 1701 1201 in
1731 1157 1843 1204 conae-

471 1249 624 1320 cratione,
648 1251 678 1306 et
701 1243 731 1303 in
753 1258 811 1302 nun
834 1239 933 1321 aliqua
958 1241 996 1303 sit
1020 1240 1189 1302 diversitas.
1243 1239 1428 1302 Antimensia
1460 1239 1539 1301 enim
1561 1237 1650 1303 altari
1677 1241 1758 1302 nudo
1784 1242 1843 1302 im·
1879 1295 1883 1302 .

469 1353 622 1430 ponuntur
649 1343 807 1420 vicemque
835 1339 914 1402 illius
946 1339 1103 1420 supplent,
1133 1345 1164 1400 et
1194 1338 1357 1401 induantur
1386 1338 1460 1420 ipsis
1489 1346 1660 1401 sanctourm
1689 1338 1843 1421 reliquiae,

468 1466 530 1510 non
553 1423 680 1525 mappae
703 1457 781 1521 quae
804 1438 862 1501 bac
886 1440 1024 1501 oratione
1046 1447 1276 1501 consecrantur.
1321 1436 1384 1499 lmo
1407 1443 1549 1518 quantam
1566 1437 1703 1519 judicare
1731 1453 1842 1517 possu-

470 1566 553 1627 mus,
576 1544 676 1626 pallae
700 1540 1031 1619 altaris„caeterisque
1054 1537 1275 1599 linteaminibus
1299 1538 1394 1600 sacris
1412 1531 1646 1600 convenit'baec
1662 1534 1841 1598 benedictio.

555 1644 590 1706 ln
611 1640 722 1704 Rituali
745 1637 894 1700 Gabrielis
917 1637 1006 1700 aliter
1029 1636 1103 1698 baec
1127 1636 1298 1705 benedictio
1313 1636 1435 1718 legitur.
1457 1636 1600 1711 Domine,
1622 1634 1751 1697 Domine
1771 1633 1842 1695 Jesu

471 1745 606 1818 Christe,
629 1742 682 1821 qui
702 1739 793 1801 habet
814 1738 973 1799 thesauros
994 1737 1238 1811 misericordiae,
1261 1737 1389 1815 hospitor
1411 1736 1557 1798 bonorum
1579 1734 1716 1818 omnibus
1742 1733 1794 1812 qai
1812 1732 1843 1790 in

470 1865 537 1906 eum
559 1840 729 1920 confidunt:
751 1838 804 1918 qai
824 1836 939 1898 coelum
960 1836 1108 1915 expandit
1129 1854 1196 1896 cum
1222 1835 1400 1911 subtilitate,
1430 1833 1480 1897 vel
1508 1853 1576 1896 cam
1603 1833 1767 1914 praeclaro
1789 1849 1842 1890 or-

470 1945 559 2020 dine,
581 1939 787 2019 disposuitque
809 1936 908 1996 coriis
929 1934 1082 1996 coloribus
1103 1933 1194 1995 orbes
1216 1941 1245 1994 et
1265 1934 1360 1996 arudes
1381 1935 1467 2009 coeli,
1489 1935 1534 1996 ita
1555 1940 1659 1994 utnon
1674 1933 1759 1992 sitin
1775 1929 1842 1990 aliis

471 2041 644 2105 diuersitas.
689 2035 731 2097 Et
751 2053 845 2112 auae,
869 2031 996 2095 Domine
1025 2041 1146 2095 amator
1177 2033 1345 2106 laominum,
1375 2034 1417 2094 sit
1439 2039 1576 2111 potestas
1603 2039 1656 2092 tao
1683 2031 1788 2091 diuina
1813 2029 1842 2088 in

471 2143 539 2204 istis
560 2141 661 2214 aeas,
691 2141 720 2196 et
746 2133 879 2195 cestibus
908 2135 982 2206 (seu
1010 2134 1211 2206 ornamentis]
1245 2131 1353 2210 quibam
1381 2131 1579 2208 incolcmdae
1608 2134 1677 2190 sant
1702 2128 1842 2206 reliquiae

471 2235 715 2322 (qehooptparov
737 2224 883 2315 hripum
891 2236 918 2310 ,)
950 2231 1091 2308 corporis
1118 2231 1163 2291 tui
1191 2231 1305 2306 sancti,
1336 2231 1380 2290 ita
1406 2237 1439 2290 ut
1460 2231 1562 2290 mittas
1590 2246 1682 2307 suaper
1713 2245 1752 2287 ea
1778 2227 1841 2287 oir-

470 2345 561 2399 tutcm
583 2335 723 2406 cestium,
747 2330 854 2410 quibus
875 2330 1038 2391 inuolutum
1061 2336 1108 2389 est
1128 2347 1240 2407 corpas
1261 2337 1343 2390 taum
1364 2336 1501 2389 sanctam
1515 2330 1547 2388 ia
1559 2326 1708 2405 sepulcro,
1731 2327 1842 2404 anam

472 2421 650 2520 coelestibus
672 2429 793 2492 similia.
838 2428 967 2491 Utantur
990 2435 1089 2490 autern
1120 2426 1259 2508 Coptitae
1282 2429 1312 2488 in
1335 2426 1391 2488 bac
1414 2426 1552 2488 oratione
1573 2442 1650 2486 voce
1668 2422 1791 2500 σκεῦος,
1814 2429 1841 2484 et

471 2531 681 2614 Aegyptiace,
705 2546 782 2609 quae
805 2535 927 2605 vestes,
951 2545 1010 2588 non
1033 2525 1123 2588 modo
1148 2543 1226 2606 quae
1250 2525 1375 2606 corpori
1392 2525 1669 2606 circumponuntur,
1693 2523 1748 2584 sed
1772 2521 1843 2582 alias

473 2645 611 2710 quoque,
642 2638 675 2692 ut
708 2626 873 2709 stragulam
902 2625 1059 2706 significat.
1104 2624 1217 2687 Eadem
1245 2641 1368 2705 quoque
1396 2641 1458 2684 vox
1486 2619 1644 2707 λείψανον
1673 2628 1841 2702 usurpatur,

472 2736 503 2790 ut
525 2728 556 2790 in
580 2725 790 2807 praecedenti,
814 2741 902 2804 quam
924 2723 1043 2785 Arabes
1066 2721 1195 2785 reddunt
1217 2740 1274 2803 per
1296 2741 1362 2785 eam
1385 2739 1463 2803 quae
1485 2720 1620 2784 membro
1642 2719 1800 2804 significat.

560 2827 668 2887 Versio
693 2843 770 2906 quae
793 2825 823 2884 in
846 2823 1017 2904 Spmmictis
1040 2821 1187 2900 refertur,
1218 2827 1326 2901 peccat
1349 2821 1448 2882 statim
1472 2820 1501 2882 in
1525 2818 1610 2882 titulo
1629 2821 1679 2899 qui
1697 2817 1765 2880 talis
1789 2823 1840 2892 cst,

472 2925 648 2987 Benedictio
671 2924 856 3003 corporalis,
880 2929 997 2982 etcum
1018 2921 1093 2981 illud
1111 2918 1268 2997 foedatum
1288 2919 1392 2998 suerit.
1437 2917 1517 2980 Nihil
1540 2935 1613 2980 sane
1636 2917 1752 2995 atinus,
1780 2933 1841 2976 nam

472 3042 581 3104 mappa
604 3043 682 3104 quae
706 3023 791 3085 altari
813 3021 988 3100 imponitur,
1024 3037 1084 3080 non
1116 3025 1163 3079 est
1186 3018 1363 3099 corporale:
1395 3027 1424 3080 et
1454 3019 1548 3082 verba
1578 3017 1737 3096 sequentia
1768 3014 1842 3077 unde

472 3123 625 3204 interpres
648 3122 825 3205 deduxerit,
850 3120 984 3180 divinare
1008 3136 1068 3179 non
1092 3125 1139 3178 est
1161 3115 1265 3194 facile,
1297 3133 1364 3179 curn
1394 3116 1475 3179 nulla
1502 3134 1565 3178 vox
1593 3113 1662 3176 hnic
1691 3115 1842 3196 significa-

473 3224 548 3284 tioni
579 3221 734 3302 proxima,
758 3218 883 3299 Coptica
912 3216 962 3280 vel
985 3215 1136 3294 Arabica,
1161 3217 1218 3278 ista
1241 3219 1270 3279 in
1295 3216 1433 3278 oratione
1456 3222 1612 3291 occurrat,
1641 3216 1717 3288 imo,
1741 3213 1842 3276 eadem

472 3323 556 3402 ipsa,
580 3337 667 3400 quam
691 3319 721 3379 in
744 3317 802 3378 alia
824 3316 1035 3380 benedictione
1065 3317 1233 3377 laceratam
1262 3323 1374 3376 oestem
1401 3314 1618 3395 interpretatus
1649 3311 1762 3391 luerat,
1797 3313 1842 3375 bic

473 3421 511 3483 ab
534 3419 585 3482 illo
608 3436 666 3499 per
685 3417 842 3496 foedatum
865 3415 1061 3497 exprimitur,
1092 3430 1188 3494 aeque
1211 3415 1385 3494 improprie.
1431 3413 1506 3475 Nara
1540 3413 1567 3476 si
1594 3414 1746 3492 interpres
1777 3411 1839 3493 qui·

473 3537 602 3601 cumque
624 3515 679 3580 luit
691 3515 874 3578 mediocrem
889 3514 1066 3594 disciplinae
1080 3511 1242 3575 Orientalis
1256 3519 1378 3594 gustum
1396 3512 1560 3588 habuisset,
1584 3512 1724 3574 scivisset
1738 3511 1842 3575 lintea-

472 3619 551 3680 mina
575 3634 679 3694 sacra,
704 3615 730 3677 si
753 3612 862 3677 sordes
885 3613 1107 3689 contraxerint,
1133 3611 1228 3686 ablui,
1251 3629 1313 3673 non
1336 3611 1518 3674 consecrari.

558 3715 602 3778 lta
624 3721 722 3776 autem
745 3713 873 3774 vertitur
894 3712 971 3774 baec
985 3709 1088 3773 Oratio
1106 3709 1142 3771 ab
1158 3717 1274 3772 autore.
1299 3707 1465 3772 ODomiae
1481 3710 1556 3772 Jesu
1571 3708 1700 3784 Christe,
1719 3726 1844 3788 praeses

471 3817 682 3877 thesaurorum
704 3812 948 3888 misericordiae,
971 3812 1050 3871 dans
1073 3809 1152 3871 bonu
1175 3809 1312 3870 amahus
1333 3811 1530 3889 quisperant
1551 3813 1582 3872 in
1605 3820 1643 3884 te,
1666 3811 1719 3889 qui
1739 3815 1843 3870 ecten-

471 3914 520 3975 dis
542 3913 643 3975 coelos
663 3913 696 3972 ia
718 3910 899 3972 sublimitate
921 3916 986 3984 tua,
1011 3911 1101 3970 cario
1124 3908 1227 3969 colore
1249 3926 1344 3968 omas
1354 3909 1584 3986 paramentum,
1608 3914 1638 3969 et
1657 3908 1752 3969 nubes
1774 3925 1843 3969 coc·

470 4013 567 4074 lorum
588 4013 640 4090 qui
661 4009 790 4072 timebam
812 4016 842 4068 et
861 4027 923 4070 non
945 4009 1131 4069 alterantur:
1160 4025 1240 4068 nunc
1261 4026 1280 4068 o
1303 4007 1430 4068 Domine
1460 4014 1580 4068 amator
1607 4007 1776 4081 hominum,
1809 4006 1845 4065 sit

469 4114 568 4172 virtus
591 4118 644 4172 tuo
664 4109 770 4170 diuina
792 4109 915 4168 oenicrm
936 4116 1032 4187 sopra
1054 4107 1131 4169 haec
1151 4123 1247 4179 oasa,
1277 4123 1355 4185 quae
1385 4108 1591 4185 conficnpimus
1619 4107 1662 4167 ad
1691 4107 1844 4167 lavacrum

471 4210 611 4288 eorporis
639 4209 683 4268 tui
708 4207 823 4268 saneti:
855 4207 937 4267 mitte
966 4224 1057 4285 super
1085 4224 1123 4266 ea
1151 4207 1290 4266 oirmtem
1318 4204 1477 4266 velaminis
1495 4207 1529 4273 in
1551 4223 1610 4285 quo
1633 4223 1746 4284 corpus
1768 4212 1844 4265 mam

469 4314 607 4368 sanetum
628 4308 660 4368 in
683 4306 837 4386 sepultura
859 4306 1022 4367 inuolutum
1042 4304 1118 4383 suit.-
1140 4305 1180 4366 iis
1202 4303 1316 4365 similes
1337 4305 1399 4364 sint
1420 4303 1610 4377 coelestibus,
1635 4311 1692 4367 ete.
1716 4303 1845 4365 Praeses

470 4405 700 4480 thesaurorum,
723 4403 820 4482 male,
851 4421 918 4464 nam
941 4421 1004 4465 vox
1033 4403 1164 4465 Arabica
1198 4415 1296 4469 uttan
1327 4402 1489 4463 Dominum
1521 4403 1687 4485 significat:
1722 4417 1845 4482 praeses

471 4503 587 4566 alienos
616 4505 777 4568 thesauros
807 4503 1007 4579 administrat,
1038 4522 1099 4565 non
1127 4519 1211 4564 suos.
1255 4500 1288 4562 ln
1319 4500 1516 4582 sequentibus
1547 4502 1648 4564 verbis
1679 4509 1727 4566 est
1750 4501 1846 4580 aliqua

470 4601 658 4682 perplexitas
683 4603 845 4679 orationis,
876 4591 961 4684 eujus
992 4609 1107 4676 tamen,
1135 4609 1167 4662 ut
1195 4600 1329 4678 videtur,
1359 4601 1509 4663 sententia
1538 4609 1599 4677 est,
1630 4604 1682 4681 qui
1711 4599 1846 4663 calenda

471 4701 572 4761 coelos
594 4708 716 4775 ornate,
739 4708 769 4762 et
788 4701 909 4762 nubium
930 4702 1035 4774 colore
1053 4700 1226 4782 distimulo.
1273 4699 1332 4762 Sed
1348 4699 1423 4762 baec
1439 4699 1511 4762 nibil
1535 4698 1572 4760 ad
1589 4698 1845 4762 benedictionem:

473 4799 629 4878 sequentia
659 4799 730 4862 nibil
753 4801 849 4861 minus
872 4799 1009 4861 referunt
1032 4815 1120 4878 qaam
1143 4804 1257 4860 textum
1271 4797 1427 4879 Copticum
1450 4806 1481 4861 et
1507 4795 1680 4875 Arabicum,
1703 4805 1734 4859 et
1757 4811 1846 4860 sensu

473 4904 593 4959 carent:
618 4897 688 4978 quid
712 4898 790 4958 enim
814 4899 867 4975 sit,
891 4900 1071 4976 conjanpere
1092 4915 1170 4958 casa
1193 4899 1236 4958 ad
1252 4897 1421 4959 lavacrum
1451 4899 1593 4976 eorporis
1620 4895 1736 4958 Olor-isti
1761 4911 1846 4957 nemo

475 4994 601 5058 dixerit:
624 5013 724 5076 neque
748 5013 807 5077 qua
829 4997 947 5059 ratione
969 4996 1036 5058 fieri
1057 4997 1205 5078 potuerit,
1229 5003 1261 5058 ut
1284 4995 1315 5057 in
1338 4995 1453 5058 duabus
1474 4996 1563 5059 lineis
1586 4995 1719 5059 eamdem
1743 5009 1846 5056 uocem
