4680 6044
616 631 669 707 io
685 627 892 707 LITURGIAM
908 626 1308 707 conturbamini.
1577 629 1651 706 179

320 815 504 898 Adiungitur
525 815 572 878 his
595 814 678 877 vasis
706 814 802 877 sacris
824 812 981 892 cochlear,
1012 813 1092 894 quod
1114 814 1226 877 habent
1249 812 1358 876 Graeci
1379 815 1496 895 pariter
1524 813 1564 878 et‘
1585 813 1651 879 Co·
1698 834 1835 890 cochlear.

278 916 373 996 ptitae
393 905 506 998 ‘Apios
527 908 652 996 λαβίδα
674 920 793 991 vocant,
818 913 887 994 quia
909 912 1026 976 scilicet
1048 921 1138 996 typus
1161 920 1210 975 ast
1221 913 1351 992 forcipis
1366 931 1425 994 quo
1445 913 1562 995 seraph
1578 934 1651 978 car-

277 1015 388 1077 bonem
411 1015 530 1095 accepit
553 1014 592 1076 de
615 1011 702 1074 altari
725 1019 755 1074 et
776 1012 873 1074 Isaiae
886 1011 965 1075 labia
978 1013 1086 1093 tetigit.
1109 1010 1261 1074 Christum
1275 1013 1354 1074 enim
1366 1019 1477 1074 vocant
1487 1013 1651 1076 carbonem

275 1115 392 1190 monor,
414 1115 483 1194 ipae
505 1114 674 1175 divinitatis
692 1111 822 1192 plorum.
871 1110 980 1172 Forma
1008 1110 1115 1174 eadem
1145 1129 1223 1192 quaa
1252 1111 1331 1193 apud
1362 1110 1511 1190 Graecos,
1541 1129 1650 1192 nempe

276 1211 444 1276 cochlearis
467 1211 652 1274 manubrium
675 1212 705 1272 in
733 1208 914 1272 cruciculam
943 1209 1066 1286 desinit3
1095 1210 1175 1272 unde
1205 1210 1242 1272 ab
1273 1209 1472 1291 Aethiopibus
1504 1209 1652 1272 Cochleor

276 1315 377 1375 cnecia
400 1309 577 1392 appellatur.
624 1309 829 1373 Consecratur
850 1325 910 1372 non
934 1308 1041 1372 minori
1064 1317 1210 1390 apparatu
1239 1327 1329 1390 quam
1351 1308 1461 1371 Discus
1491 1315 1522 1371 et
1544 1307 1648 1373 Calin:

276 1418 461 1492 rogaturque
484 1410 567 1472 Deus
590 1411 620 1472 in
643 1408 723 1470 bunc
745 1406 875 1470 modurn.
919 1406 1059 1471 Extende
1080 1427 1202 1470 maurim
1223 1417 1306 1470 mam
1322 1428 1413 1489 super
1427 1408 1485 1471 hoc
1498 1409 1649 1484 cochlear,

274 1511 307 1570 in
333 1527 392 1589 quo
414 1509 608 1588 emdpimdo
629 1505 852 1569 enimenim
878 1509 1019 1586 corporis
1047 1511 1163 1583 ronch,
1193 1509 1274 1588 qrtod
1300 1515 1347 1568 est
1374 1525 1484 1587 corpur
1509 1507 1579 1568 Filii
1607 1507 1652 1568 tui

275 1608 428 1687 waigcaiti.
473 1603 615 1689 Figuram
638 1605 720 1669 dedit
744 1605 870 1668 Goarius
893 1606 923 1666 in
945 1605 1032 1668 Notis
1056 1605 1093 1668 ad
1115 1606 1238 1669 Missam
1261 1605 1484 1687 chrysostomi:
1508 1614 1538 1668 et
1558 1605 1649 1669 multa
1696 1640 1801 1694 M„
1818 1661 1843 1712 P·
1864 1643 1924 1695 ,52⁸

276 1705 489 1793 dacochleari
512 1706 683 1783 annotavit,
704 1711 737 1766 ut
759 1711 791 1766 et
814 1703 1006 1768 Clarissimus
1030 1705 1164 1788 Congius
1186 1707 1218 1768 in
1241 1705 1408 1770 Glossario.
1434 1706 1479 1767 lle
1503 1703 1568 1784 ejus
1590 1719 1650 1764 usu

274 1804 361 1885 plura
384 1805 541 1883 dicentur,
564 1805 614 1866 uhi
637 1804 853 1866 communionis
875 1804 950 1866 ritus
974 1805 1030 1865 erit
1053 1804 1270 1884 explicandus:

362 1904 449 1978 Quae
478 1911 617 1984 spectant
653 1909 830 1985 apparatum
867 1904 1124 1966 caeremoniarum
1157 1902 1199 1968 ,ad
1228 1902 1395 1986 liturgiam
1426 1900 1648 1978 celebrandam,
1681 1917 1820 1970 thuribula
1834 1926 1861 1971 et
1878 1919 1957 1973 cersi.

276 2005 444 2067 communia
466 2010 535 2065 sunt
566 2003 703 2066 omnibus
731 2001 897 2065 Ecclesiis:
927 2008 1128 2083 praeparatur
1155 2002 1339 2065 thuribulum
1367 2009 1399 2064 et
1425 2003 1456 2062 io
1486 2002 1649 2084 majoribus

274 2100 421 2165 Ecclesiis
444 2101 548 2183 plura,
578 2101 616 2164 ad
639 2100 818 2164 adolendum
846 2103 1015 2164 incensum:
1044 2119 1163 2177 cruces,
1190 2101 1338 2183 reliquiae
1368 2100 1553 2182 martyrum,
1581 2100 1651 2162 libri

276 2199 529 2282 Evangeliorum,
561 2207 591 2262 et
620 2199 669 2261 alii
692 2217 799 2262 sacrae
823 2198 1016 2281 Scripturae,
1052 2221 1092 2264 ex
1120 2199 1228 2282 quibus
1257 2201 1405 2264 lectiones
1434 2201 1500 2262 heri
1528 2198 1650 2278 debent,

276 2299 444 2362 afferuntur
465 2317 483 2360 a
506 2298 723 2362 Sacerdotibus
746 2306 777 2361 et
799 2299 960 2378 Diaconis,
983 2306 1015 2362 et
1036 2302 1067 2362 in
1089 2300 1228 2362 Prothasi
1247 2299 1451 2363 collocantur:
1475 2296 1651 2360 accendun-

274 2408 384 2479 turque
409 2399 507 2462 cerei:
531 2416 659 2479 quorum
681 2415 774 2478 saepe
796 2400 910 2462 mentio
933 2399 966 2460 lit
988 2401 1018 2460 in
1040 2399 1174 2480 pompis,
1204 2397 1441 2479 solennihosque
1472 2399 1651 2478 processio-

274 2497 364 2560 nibus
388 2496 645 2573 Christianorum,
669 2514 793 2577 quarum
815 2497 959 2560 memoria
984 2505 1031 2560 est
1059 2499 1091 2559 in
1114 2498 1245 2562 llistoria
1266 2495 1482 2561 Alexandrina.
1529 2493 1651 2559 Gabriel

273 2597 352 2660 lilius
376 2594 486 2658 Tarich
509 2595 681 2658 Patriaroha
705 2595 736 2657 in
759 2595 1031 2659 Constitutionibus
1053 2599 1094 2659 ita
1117 2597 1235 2661 delinit:
1258 2595 1397 2677 Litarpio
1410 2615 1472 2658 noa
1486 2595 1653 2658 celebretur

273 2695 388 2776 oham
411 2697 508 2757 cereis
529 2695 647 2757 duobus
667 2694 834 2774 majoribus
856 2704 910 2758 out
930 2697 1112 2773 ariamirus,
1135 2698 1187 2776 qui
1205 2699 1289 2759 circo
1303 2697 1403 2758 altore
1418 2697 1545 2758 luceant.
1569 2694 1652 2756 ldem

272 2795 466 2876 praecipiunt
489 2793 587 2861 Autor
609 2795 759 2858 scientiae
781 2793 1028 2875 Ecclesiasticae,
1052 2793 1245 2876 linthres,
1272 2811 1437 2877 omnesque
1449 2793 1651 2875 liturgiarum

273 2894 482 2975 expositores.

505 3097 651 3167 Ostende
674 3097 802 3189 [ocima
829 3101 920 3167 tuum
945 3119 1048 3190 super
1074 3097 1162 3168 hunc
1185 3119 1320 3189 ponera,
1349 3103 1412 3168 etc.
1697 3121 1729 3174 r.
1747 3122 1774 3173 a.
1794 3121 1810 3172 1.
1829 3121 1855 3172 o.

357 3271 450 3350 Hono
472 3283 568 3364 prima
591 3280 688 3344 oratio
711 3289 773 3360 est,
796 3283 829 3344 in
851 3300 909 3362 qua
933 3282 997 3344 bnis
1020 3283 1117 3344 totius.
1134 3280 1282 3367 liturgici
1305 3281 1396 3347 ollicii
1422 3285 1586 3364 perspicue
1604 3285 1650 3345 si·
1714 3291 1845 3345 invocatio
1865 3293 1976 3359 Spiritus

271 3387 451 3470 gnilicatur,
473 3400 583 3463 nempe
606 3381 813 3444 transmutatio
837 3381 1054 3444 elementorum
1076 3384 1302 3461 propositorum
1324 3383 1411 3464 panis
1430 3390 1462 3446 et
1485 3384 1547 3446 vini
1571 3403 1647 3465 aqua
1660 3379 1741 3429 sancti
1768 3379 1866 3445 primo,
1896 3395 1977 3447 super

271 3485 452 3568 temperati,
474 3483 505 3544 in
529 3497 640 3562 corpus
665 3487 696 3542 et
718 3480 895 3560 sanguinem
919 3479 1030 3544 Christi
1053 3479 1182 3543 Domini.
1213 3481 1351 3544 Notanda
1372 3499 1448 3544 vero
1464 3491 1533 3545 sunt
1552 3485 1648 3548 verba
1662 3463 1729 3515 ‘¹⁰⁰⁸
1747 3465 1887 3531 ⁹¹⁰P⁰⁵¹¹⁸·

273 3585 385 3666 quihus
415 3580 586 3646 Orientales
615 3577 789 3662 significare
819 3577 919 3640 solent
947 3578 1213 3641 sanctificationem
1243 3598 1344 3642 reram
1374 3596 1590 3660 corporearum
1619 3589 1650 3645 et

273 3682 477 3760 sensibilium,
502 3697 590 3759 quam
613 3679 643 3740 in
666 3677 860 3742 Orationibus
883 3677 946 3740 suis
970 3695 987 3739 a
1009 3675 1075 3739 Deo
1099 3677 1269 3757 postulant,
1295 3697 1403 3759 nempe
1420 3686 1453 3741 ut
1469 3679 1562 3741 mittat
1578 3679 1649 3762 Spi-

272 3783 363 3843 ritum
387 3788 539 3856 sanctum,
563 3777 615 3859 qui
637 3785 685 3840 est
708 3777 804 3840 omnis
827 3777 1072 3840 sanctificationis
1096 3785 1201 3854 autor,
1223 3784 1254 3838 et
1275 3775 1333 3840 Dei
1355 3778 1478 3859 digitos.
1518 3778 1650 3844 Invoca-

272 3888 324 3943 tur
346 3887 445 3942 autem
468 3879 685 3958 superomnia
708 3893 785 3956 quae
809 3874 846 3938 ad
870 3893 989 3938 sacrum
1017 3893 1103 3938 usum
1131 3874 1336 3955 destinantur,
1369 3895 1426 3957 qua
1456 3879 1649 3940 invocatione

273 3977 464 4061 significatur
486 3977 676 4039 consecratio
700 3976 746 4038 rei
768 3975 827 4055 ipsi
849 3974 1026 4051 inhaerens,
1049 3976 1137 4036 ctiam
1154 3974 1269 4055 absque
1283 3992 1460 4056 ususacro,
1484 3977 1649 4038 materiae-

275 4094 336 4158 que
360 4076 535 4158 dignitatem
557 4076 703 4138 tribuens.
748 4069 792 4136 lta
814 4074 846 4135 in
868 4075 1052 4136 orationibus
1081 4091 1207 4154 quarum
1233 4073 1397 4154 particulas
1426 4075 1582 4138 retulimus
1611 4075 1649 4135 ad

274 4193 350 4238 vasa
373 4193 462 4238 sacra
484 4171 711 4252 benedicenda,
734 4172 894 4235 invocatur
915 4173 1015 4250 Deus,
1038 4181 1071 4235 ut
1093 4191 1129 4236 ea
1152 4181 1327 4250 consecret,
1351 4191 1388 4235 eo
1412 4173 1471 4236 hne
1492 4181 1525 4236 ot
1545 4173 1650 4236 inillis

275 4275 475 4336 conficiantur
498 4271 699 4335 Sacramenta.
735 4270 810 4333 lnde
832 4288 908 4333 uero
938 4272 1044 4334 cadem
1067 4291 1139 4336 vasa
1162 4279 1266 4336 sancta
1288 4271 1454 4350 habentur,
1485 4289 1543 4336 neo
1572 4290 1651 4353 pro-

274 4373 355 4436 lanis
377 4373 514 4436 manibus
537 4372 653 4452 absque
675 4371 799 4434 crimine
823 4371 946 4432 tractari
967 4378 1105 4450 possunt.
1155 4373 1316 4435 invocatur
1344 4389 1466 4453 quoque
1495 4379 1528 4434 ut
1554 4371 1651 4434 mittat

275 4471 420 4553 Spiritum
442 4479 577 4534 sanctum
601 4488 694 4552 super
716 4486 811 4550 aquas
833 4468 1044 4550 baptismales,
1067 4481 1100 4535 ut
1122 4472 1153 4534 in
1175 4471 1233 4534 illis
1255 4470 1396 4551 baptisati
1424 4470 1573 4550 accipiant
1594 4489 1650 4533 re·

275 4573 524 4654 generationem,
548 4571 738 4649 omniumque
761 4575 957 4650 peccatorum
978 4571 1208 4633 remissionem:
1231 4586 1326 4650 super
1348 4568 1448 4631 oleum
1467 4576 1496 4630 et
1509 4569 1648 4650 chrisma,

275 4680 309 4734 ut
330 4671 461 4754 gratiam
483 4670 641 4751 baptisatis
664 4685 771 4731 novam
794 4666 969 4730 conferant:
993 4686 1086 4750 super
1109 4668 1309 4746 ordinandos,
1337 4674 1370 4729 ut
1399 4666 1548 4748 accipiant
1575 4687 1650 4732 san-

277 4771 463 4849 ctimoniam,
487 4775 518 4832 et
539 4775 719 4849 potestatem
741 4766 780 4830 ad
802 4783 890 4828 sacra
912 4767 1076 4830 ministeria
1098 4775 1204 4830 sancta
1227 4766 1416 4830 exercenda:
1438 4785 1531 4848 super
1549 4759 1651 4830 oleunl

277 4869 488 4948 infirmorum,
521 4874 554 4930 ut
575 4867 643 4950 ejus
664 4866 766 4929 unctio
788 4866 887 4946 prosit
908 4865 1050 4943 inlirmis,
1080 4866 1119 4929 ad
1146 4865 1272 4928 salutem
1301 4868 1417 4929 animae
1448 4874 1479 4929 et
1501 4869 1651 4948 corporis,

279 4986 359 5048 quae
383 4967 482 5030 omnia
505 4966 587 5030 clare
609 4974 641 5028 et
662 4965 826 5046 perspicue
848 4982 905 5046 per
927 4964 1050 5027 easdem
1072 4967 1227 5029 orationes
1250 4965 1448 5046 explicantur.
1486 4967 1599 5030 Verum
1621 4967 1652 5027 in

279 5064 469 5128 Eucharistiae
492 5064 701 5128 consecranda
730 5062 811 5127 aliud
833 5062 974 5144 quiddam
996 5081 1031 5126 ac
1051 5071 1160 5146 petere
1183 5063 1359 5146 designant,
1381 5082 1489 5146 nempe
1512 5065 1651 5147 illapsum
