<?xml version="1.0" encoding="UTF-8"?>
<!DOCTYPE html PUBLIC "-//W3C//DTD XHTML 1.0 Transitional//EN"
    "http://www.w3.org/TR/xhtml1/DTD/xhtml1-transitional.dtd">
<html xmlns="http://www.w3.org/1999/xhtml" xml:lang="en" lang="en">
 <head>
  <title>
</title>
<meta http-equiv="Content-Type" content="text/html;charset=utf-8" />
  <meta name='ocr-system' content='tesseract 3.04.00' />
  <meta name='ocr-capabilities' content='ocr_page ocr_carea ocr_par ocr_line ocrx_word'/>
</head>
<body>
  <div class='ocr_page' id='page_1' title='image "./liturgiarumorie03renagoog_0045.png"; bbox 0 0 4778 6034; ppageno 0'>
   <div class='ocr_carea' id='block_1_1' title="bbox 643 509 1489 614">
    <p class='ocr_par' dir='ltr' id='par_1_1' title="bbox 643 509 1489 614">
     <span class='ocr_line' id='line_1_1' title="bbox 643 509 1489 614; baseline 0.007 -8"><span class='ocrx_word' id='word_1_1' title='bbox 643 533 721 607; x_wconf 87' lang='lat' dir='ltr'>vnr</span> <span class='ocrx_word' id='word_1_2' title='bbox 810 533 813 539; x_wconf 89' lang='lat'>·</span> <span class='ocrx_word' id='word_1_3' title='bbox 1108 509 1489 614; x_wconf 81' lang='lat' dir='ltr'>nissumrrro</span> 
     </span>
    </p>
   </div>
   <div class='ocr_carea' id='block_1_2' title="bbox 1182 783 1421 866">
    <p class='ocr_par' dir='ltr' id='par_1_2' title="bbox 1182 783 1421 866">
     <span class='ocr_line' id='line_1_2' title="bbox 1182 783 1421 866; baseline -0.021 0"><span class='ocrx_word' id='word_1_4' title='bbox 1182 783 1348 866; x_wconf 80' lang='lat' dir='ltr'>OAI’OT</span> <span class='ocrx_word' id='word_1_5' title='bbox 1381 783 1421 866; x_wconf 92' lang='lat'>11.</span> 
     </span>
    </p>
   </div>
   <div class='ocr_carea' id='block_1_3' title="bbox 644 959 2021 1284">
    <p class='ocr_par' dir='ltr' id='par_1_3' title="bbox 644 959 2021 1284">
     <span class='ocr_line' id='line_1_3' title="bbox 644 959 2020 1059; baseline 0.001 -24"><span class='ocrx_word' id='word_1_6' title='bbox 644 966 820 1059; x_wconf 76' lang='lat' dir='ltr'>Liturpiae</span> <span class='ocrx_word' id='word_1_7' title='bbox 846 983 960 1033; x_wconf 76' lang='lat' dir='ltr'>omnes</span> <span class='ocrx_word' id='word_1_8' title='bbox 984 967 1119 1032; x_wconf 81' lang='lat' dir='ltr'>celeres</span> <span class='ocrx_word' id='word_1_9' title='bbox 1145 981 1191 1031; x_wconf 71' lang='lat' dir='ltr'>eor</span> <span class='ocrx_word' id='word_1_10' title='bbox 1218 983 1283 1055; x_wconf 82' lang='lat' dir='ltr'>qao</span> <span class='ocrx_word' id='word_1_11' title='bbox 1310 964 1462 1053; x_wconf 79' lang='lat' dir='ltr'>scriptae</span> <span class='ocrx_word' id='word_1_12' title='bbox 1487 965 1582 1047; x_wconf 75' lang='lat' dir='ltr'>aaut,</span> <span class='ocrx_word' id='word_1_13' title='bbox 1614 959 1701 1030; x_wconf 81' lang='lat' dir='ltr'>otttt</span> <span class='ocrx_word' id='word_1_14' title='bbox 1726 964 1902 1034; x_wconf 80' lang='lat' dir='ltr'>continere</span> <span class='ocrx_word' id='word_1_15' title='bbox 1929 966 2020 1058; x_wconf 89' lang='lat' dir='ltr'>quod</span> 
     </span>
     <span class='ocr_line' id='line_1_4' title="bbox 644 1075 2021 1171; baseline 0.001 -21"><span class='ocrx_word' id='word_1_16' title='bbox 644 1084 755 1151; x_wconf 84' lang='lat' dir='ltr'>ceteri</span> <span class='ocrx_word' id='word_1_17' title='bbox 781 1085 815 1148; x_wconf 89' lang='lat' dir='ltr'>et</span> <span class='ocrx_word' id='word_1_18' title='bbox 840 1079 1066 1171; x_wconf 77' lang='lat' dir='ltr'>Apostolicoe</span> <span class='ocrx_word' id='word_1_19' title='bbox 1092 1076 1347 1150; x_wconf 73' lang='lat' dir='ltr'>Ermborirtiom</span> <span class='ocrx_word' id='word_1_20' title='bbox 1380 1075 1577 1146; x_wconf 79' lang='lat' dir='ltr'>celebrandi</span> <span class='ocrx_word' id='word_1_21' title='bbox 1599 1079 1735 1167; x_wconf 75' lang='lat' dir='ltr'>soranae</span> <span class='ocrx_word' id='word_1_22' title='bbox 1761 1097 1829 1147; x_wconf 83' lang='lat' dir='ltr'>aon</span> <span class='ocrx_word' id='word_1_23' title='bbox 1856 1087 2021 1150; x_wconf 84' lang='lat' dir='ltr'>cecarote</span> 
     </span>
     <span class='ocr_line' id='line_1_5' title="bbox 1225 1190 1444 1284; baseline 0.014 -23"><span class='ocrx_word' id='word_1_24' title='bbox 1225 1190 1444 1284; x_wconf 72' lang='lat' dir='ltr'>respondeat.</span> 
     </span>
    </p>
   </div>
   <div class='ocr_carea' id='block_1_4' title="bbox 322 1389 2021 1518">
    <p class='ocr_par' dir='ltr' id='par_1_4' title="bbox 322 1389 2021 1518">
     <span class='ocr_line' id='line_1_6' title="bbox 322 1389 2021 1518; baseline -0.001 -30"><span class='ocrx_word' id='word_1_25' title='bbox 322 1437 398 1490; x_wconf 68' lang='lat' dir='ltr'>vara</span> <span class='ocrx_word' id='word_1_26' title='bbox 417 1438 491 1490; x_wconf 71' lang='lat' dir='ltr'>erun</span> <span class='ocrx_word' id='word_1_27' title='bbox 509 1439 536 1488; x_wconf 85' lang='lat' dir='ltr'>in</span> <span class='ocrx_word' id='word_1_28' title='bbox 555 1435 633 1490; x_wconf 73' lang='lat' dir='ltr'>oeci·</span> <span class='ocrx_word' id='word_1_29' title='bbox 726 1389 887 1518; x_wconf 76' lang='lat' dir='ltr'>Quando</span> <span class='ocrx_word' id='word_1_30' title='bbox 915 1435 1012 1487; x_wconf 89' lang='lat' dir='ltr'>sacra</span> <span class='ocrx_word' id='word_1_31' title='bbox 1040 1411 1146 1485; x_wconf 85' lang='lat' dir='ltr'>officia</span> <span class='ocrx_word' id='word_1_32' title='bbox 1174 1413 1299 1506; x_wconf 92' lang='lat' dir='ltr'>scripto</span> <span class='ocrx_word' id='word_1_33' title='bbox 1323 1413 1516 1502; x_wconf 81' lang='lat' dir='ltr'>consignari</span> <span class='ocrx_word' id='word_1_34' title='bbox 1539 1415 1723 1507; x_wconf 77' lang='lat' dir='ltr'>coeperint,</span> <span class='ocrx_word' id='word_1_35' title='bbox 1753 1414 1855 1486; x_wconf 90' lang='lat' dir='ltr'>ardua</span> <span class='ocrx_word' id='word_1_36' title='bbox 1884 1425 1917 1486; x_wconf 90' lang='lat' dir='ltr'>ct</span> <span class='ocrx_word' id='word_1_37' title='bbox 1941 1439 2021 1488; x_wconf 90' lang='lat' dir='ltr'>ma-</span> 
     </span>
    </p>
   </div>
   <div class='ocr_carea' id='block_1_5' title="bbox 321 1521 2020 1621">
    <p class='ocr_par' dir='ltr' id='par_1_5' title="bbox 321 1521 2020 1621">
     <span class='ocr_line' id='line_1_7' title="bbox 321 1521 2020 1621; baseline 0.004 -25"><span class='ocrx_word' id='word_1_38' title='bbox 321 1524 399 1576; x_wconf 67' lang='lat'>‘1011‘0</span> <span class='ocrx_word' id='word_1_39' title='bbox 427 1524 474 1574; x_wconf 61' lang='grc' dir='ltr'>Μ’</span> <span class='ocrx_word' id='word_1_40' title='bbox 499 1521 632 1574; x_wconf 65' lang='lat' dir='ltr'>l¹³⁵ffl¹¹¹¹¹</span> <span class='ocrx_word' id='word_1_41' title='bbox 645 1533 744 1604; x_wconf 90' lang='lat' dir='ltr'>ximis</span> <span class='ocrx_word' id='word_1_42' title='bbox 789 1527 936 1600; x_wconf 89' lang='lat' dir='ltr'>tenebris</span> <span class='ocrx_word' id='word_1_43' title='bbox 978 1527 1127 1599; x_wconf 88' lang='lat' dir='ltr'>involuta</span> <span class='ocrx_word' id='word_1_44' title='bbox 1171 1529 1322 1621; x_wconf 79' lang='lat' dir='ltr'><strong>quaestio</strong></span> <span class='ocrx_word' id='word_1_45' title='bbox 1364 1535 1426 1620; x_wconf 89' lang='lat' dir='ltr'>cst,</span> <span class='ocrx_word' id='word_1_46' title='bbox 1468 1549 1555 1621; x_wconf 92' lang='lat' dir='ltr'>quae</span> <span class='ocrx_word' id='word_1_47' title='bbox 1593 1527 1672 1599; x_wconf 87' lang='lat' dir='ltr'>licet</span> <span class='ocrx_word' id='word_1_48' title='bbox 1714 1533 1802 1601; x_wconf 87' lang='lat' dir='ltr'>seria</span> <span class='ocrx_word' id='word_1_49' title='bbox 1845 1529 2020 1602; x_wconf 80' lang='lat' dir='ltr'><strong>admodum</strong></span> 
     </span>
    </p>
   </div>
   <div class='ocr_carea' id='block_1_6' title="bbox 321 1609 466 1661">
    <p class='ocr_par' dir='ltr' id='par_1_6' title="bbox 321 1609 466 1661">
     <span class='ocr_line' id='line_1_8' title="bbox 321 1609 466 1661; baseline -0.007 0"><span class='ocrx_word' id='word_1_50' title='bbox 321 1609 466 1661; x_wconf 83' lang='lat' dir='ltr'>diversitas.</span> 
     </span>
    </p>
   </div>
   <div class='ocr_carea' id='block_1_7' title="bbox 645 1641 2018 1736">
    <p class='ocr_par' dir='ltr' id='par_1_7' title="bbox 645 1641 2018 1736">
     <span class='ocr_line' id='line_1_9' title="bbox 645 1641 2018 1736; baseline 0 -19"><span class='ocrx_word' id='word_1_51' title='bbox 645 1647 811 1734; x_wconf 90' lang='lat' dir='ltr'>videatur,</span> <span class='ocrx_word' id='word_1_52' title='bbox 835 1646 878 1715; x_wconf 91' lang='lat' dir='ltr'>ad</span> <span class='ocrx_word' id='word_1_53' title='bbox 904 1645 1130 1736; x_wconf 83' lang='lat' dir='ltr'>Liturgiarum</span> <span class='ocrx_word' id='word_1_54' title='bbox 1163 1653 1272 1713; x_wconf 88' lang='lat' dir='ltr'>tamen</span> <span class='ocrx_word' id='word_1_55' title='bbox 1296 1641 1512 1713; x_wconf 78' lang='lat' dir='ltr'>Orientalium</span> <span class='ocrx_word' id='word_1_56' title='bbox 1540 1652 1574 1714; x_wconf 92' lang='lat' dir='ltr'>et</span> <span class='ocrx_word' id='word_1_57' title='bbox 1601 1642 1859 1716; x_wconf 89' lang='lat' dir='ltr'>Occidentalium</span> <span class='ocrx_word' id='word_1_58' title='bbox 1887 1649 2018 1717; x_wconf 89' lang='lat' dir='ltr'>autori-</span> 
     </span>
    </p>
   </div>
   <div class='ocr_carea' id='block_1_8' title="bbox 550 1757 2019 1851">
    <p class='ocr_par' dir='ltr' id='par_1_8' title="bbox 550 1757 2019 1851">
     <span class='ocr_line' id='line_1_10' title="bbox 550 1757 2019 1851; baseline 0 -19"><span class='ocrx_word' id='word_1_59' title='bbox 550 1779 556 1792; x_wconf 92' lang='lat'>·</span> <span class='ocrx_word' id='word_1_60' title='bbox 645 1768 746 1832; x_wconf 89' lang='lat' dir='ltr'>tatem</span> <span class='ocrx_word' id='word_1_61' title='bbox 773 1758 927 1832; x_wconf 90' lang='lat' dir='ltr'>tuendam</span> <span class='ocrx_word' id='word_1_62' title='bbox 954 1781 1021 1830; x_wconf 94' lang='lat' dir='ltr'>non</span> <span class='ocrx_word' id='word_1_63' title='bbox 1044 1767 1167 1829; x_wconf 89' lang='lat' dir='ltr'>tanturn</span> <span class='ocrx_word' id='word_1_64' title='bbox 1194 1761 1348 1851; x_wconf 90' lang='lat' dir='ltr'>pertinet,</span> <span class='ocrx_word' id='word_1_65' title='bbox 1372 1766 1526 1850; x_wconf 92' lang='lat' dir='ltr'>quantum</span> <span class='ocrx_word' id='word_1_66' title='bbox 1553 1757 1662 1830; x_wconf 89' lang='lat' dir='ltr'>multis</span> <span class='ocrx_word' id='word_1_67' title='bbox 1687 1757 1856 1832; x_wconf 82' lang='lat' dir='ltr'>autoribus</span> <span class='ocrx_word' id='word_1_68' title='bbox 1887 1759 2019 1832; x_wconf 80' lang='lat' dir='ltr'>Catho-</span> 
     </span>
    </p>
   </div>
   <div class='ocr_carea' id='block_1_9' title="bbox 641 1871 2081 3698">
    <p class='ocr_par' dir='ltr' id='par_1_9' title="bbox 641 1871 2081 3698">
     <span class='ocr_line' id='line_1_11' title="bbox 645 1871 2018 1970; baseline 0.001 -23"><span class='ocrx_word' id='word_1_69' title='bbox 645 1876 731 1966; x_wconf 94' lang='lat' dir='ltr'>licis,</span> <span class='ocrx_word' id='word_1_70' title='bbox 767 1886 823 1947; x_wconf 91' lang='lat' dir='ltr'>aut</span> <span class='ocrx_word' id='word_1_71' title='bbox 848 1872 1111 1947; x_wconf 86' lang='lat' dir='ltr'>Protestantibus</span> <span class='ocrx_word' id='word_1_72' title='bbox 1140 1875 1363 1944; x_wconf 88' lang='lat' dir='ltr'>existimatum</span> <span class='ocrx_word' id='word_1_73' title='bbox 1391 1881 1452 1943; x_wconf 87' lang='lat' dir='ltr'>est</span> <span class='ocrx_word' id='word_1_74' title='bbox 1506 1872 1542 1943; x_wconf 95' lang='lat' dir='ltr'>ln</span> <span class='ocrx_word' id='word_1_75' title='bbox 1570 1871 1688 1945; x_wconf 89' lang='lat' dir='ltr'>Latina</span> <span class='ocrx_word' id='word_1_76' title='bbox 1719 1873 1875 1946; x_wconf 84' lang='lat' dir='ltr'>Ecclesia</span> <span class='ocrx_word' id='word_1_77' title='bbox 1909 1899 2018 1970; x_wconf 89' lang='lat' dir='ltr'>prae-</span> 
     </span>
     <span class='ocr_line' id='line_1_12' title="bbox 646 1985 2081 2086; baseline 0.001 -25"><span class='ocrx_word' id='word_1_78' title='bbox 646 1993 776 2085; x_wconf 90' lang='lat' dir='ltr'>cipuum</span> <span class='ocrx_word' id='word_1_79' title='bbox 810 1988 918 2061; x_wconf 95' lang='lat' dir='ltr'>locum</span> <span class='ocrx_word' id='word_1_80' title='bbox 953 1987 1080 2060; x_wconf 90' lang='lat' dir='ltr'>obtinet</span> <span class='ocrx_word' id='word_1_81' title='bbox 1112 1989 1232 2061; x_wconf 84' lang='lat' dir='ltr'>Canon</span> <span class='ocrx_word' id='word_1_82' title='bbox 1267 1985 1459 2076; x_wconf 88' lang='lat' dir='ltr'>Romanus,</span> <span class='ocrx_word' id='word_1_83' title='bbox 1495 1990 1561 2082; x_wconf 91' lang='lat' dir='ltr'>qui,</span> <span class='ocrx_word' id='word_1_84' title='bbox 1599 1988 1688 2082; x_wconf 92' lang='lat' dir='ltr'>quod</span> <span class='ocrx_word' id='word_1_85' title='bbox 1714 2012 1733 2059; x_wconf 90' lang='lat' dir='ltr'>a</span> <span class='ocrx_word' id='word_1_86' title='bbox 1762 1986 1899 2062; x_wconf 82' lang='lat' dir='ltr'>Gelasio</span> <span class='ocrx_word' id='word_1_87' title='bbox 1927 1991 2017 2086; x_wconf 90' lang='lat' dir='ltr'>Papa</span> <span class='ocrx_word' id='word_1_88' title='bbox 2076 1999 2081 2005; x_wconf 84' lang='grc'><strong>’</strong></span> 
     </span>
     <span class='ocr_line' id='line_1_13' title="bbox 644 2103 2016 2200; baseline 0.002 -25"><span class='ocrx_word' id='word_1_89' title='bbox 644 2108 796 2200; x_wconf 90' lang='lat' dir='ltr'>primum,</span> <span class='ocrx_word' id='word_1_90' title='bbox 826 2104 944 2178; x_wconf 87' lang='lat' dir='ltr'>deinde</span> <span class='ocrx_word' id='word_1_91' title='bbox 971 2103 1172 2196; x_wconf 85' lang='lat' dir='ltr'>aGregorio</span> <span class='ocrx_word' id='word_1_92' title='bbox 1200 2122 1336 2192; x_wconf 81' lang='lat' dir='ltr'>magno,</span> <span class='ocrx_word' id='word_1_93' title='bbox 1363 2105 1396 2172; x_wconf 94' lang='lat' dir='ltr'>in</span> <span class='ocrx_word' id='word_1_94' title='bbox 1423 2124 1496 2172; x_wconf 88' lang='lat' dir='ltr'>earn</span> <span class='ocrx_word' id='word_1_95' title='bbox 1525 2125 1622 2196; x_wconf 89' lang='lat' dir='ltr'>quarn</span> <span class='ocrx_word' id='word_1_96' title='bbox 1648 2125 1735 2175; x_wconf 92' lang='lat' dir='ltr'>nunc</span> <span class='ocrx_word' id='word_1_97' title='bbox 1752 2103 1852 2176; x_wconf 88' lang='lat' dir='ltr'>babet</span> <span class='ocrx_word' id='word_1_98' title='bbox 1877 2105 2016 2178; x_wconf 85' lang='lat' dir='ltr'>formam</span> 
     </span>
     <span class='ocr_line' id='line_1_14' title="bbox 644 2216 2018 2314; baseline 0.002 -24"><span class='ocrx_word' id='word_1_99' title='bbox 644 2220 801 2291; x_wconf 91' lang='lat' dir='ltr'>reductus</span> <span class='ocrx_word' id='word_1_100' title='bbox 829 2228 890 2314; x_wconf 96' lang='grc' dir='ltr'><strong>εει,</strong></span> <span class='ocrx_word' id='word_1_101' title='bbox 919 2218 1148 2310; x_wconf 84' lang='lat' dir='ltr'>Gregorianus</span> <span class='ocrx_word' id='word_1_102' title='bbox 1176 2217 1280 2309; x_wconf 85' lang='lat' dir='ltr'>vulgo</span> <span class='ocrx_word' id='word_1_103' title='bbox 1299 2216 1492 2312; x_wconf 88' lang='lat' dir='ltr'>appellatur.</span> <span class='ocrx_word' id='word_1_104' title='bbox 1521 2218 1682 2303; x_wconf 80' lang='lat' dir='ltr'>Quamvis</span> <span class='ocrx_word' id='word_1_105' title='bbox 1700 2217 1853 2291; x_wconf 89' lang='lat' dir='ltr'>Ecclesia</span> <span class='ocrx_word' id='word_1_106' title='bbox 1865 2219 2018 2294; x_wconf 88' lang='lat' dir='ltr'>Romana</span> 
     </span>
     <span class='ocr_line' id='line_1_15' title="bbox 644 2333 2018 2430; baseline 0.001 -24"><span class='ocrx_word' id='word_1_107' title='bbox 644 2335 847 2429; x_wconf 90' lang='lat' dir='ltr'>reliquarum</span> <span class='ocrx_word' id='word_1_108' title='bbox 874 2337 992 2430; x_wconf 89' lang='lat' dir='ltr'>prima,</span> <span class='ocrx_word' id='word_1_109' title='bbox 1019 2333 1061 2405; x_wconf 87' lang='lat' dir='ltr'>ab</span> <span class='ocrx_word' id='word_1_110' title='bbox 1089 2334 1328 2429; x_wconf 88' lang='lat' dir='ltr'>Apostolorum</span> <span class='ocrx_word' id='word_1_111' title='bbox 1355 2335 1504 2428; x_wconf 84' lang='lat' dir='ltr'>principe</span> <span class='ocrx_word' id='word_1_112' title='bbox 1530 2334 1677 2424; x_wconf 87' lang='lat' dir='ltr'>lundata,</span> <span class='ocrx_word' id='word_1_113' title='bbox 1710 2357 1870 2406; x_wconf 90' lang='lat' dir='ltr'>summam</span> <span class='ocrx_word' id='word_1_114' title='bbox 1896 2335 2018 2408; x_wconf 89' lang='lat' dir='ltr'>habeat</span> 
     </span>
     <span class='ocr_line' id='line_1_16' title="bbox 643 2448 2014 2543; baseline 0.003 -22"><span class='ocrx_word' id='word_1_115' title='bbox 643 2451 834 2543; x_wconf 84' lang='lat' dir='ltr'>dignitatem</span> <span class='ocrx_word' id='word_1_116' title='bbox 862 2459 896 2520; x_wconf 91' lang='lat' dir='ltr'>et</span> <span class='ocrx_word' id='word_1_117' title='bbox 922 2451 1143 2539; x_wconf 81' lang='lat' dir='ltr'>autoritatem,</span> <span class='ocrx_word' id='word_1_118' title='bbox 1166 2452 1222 2541; x_wconf 87' lang='lat' dir='ltr'>jus</span> <span class='ocrx_word' id='word_1_119' title='bbox 1249 2451 1347 2520; x_wconf 89' lang='lat' dir='ltr'>etiarn</span> <span class='ocrx_word' id='word_1_120' title='bbox 1375 2449 1544 2540; x_wconf 82' lang='lat' dir='ltr'>singulare</span> <span class='ocrx_word' id='word_1_121' title='bbox 1570 2452 1604 2520; x_wconf 91' lang='lat' dir='ltr'>in</span> <span class='ocrx_word' id='word_1_122' title='bbox 1628 2448 1801 2524; x_wconf 87' lang='lat' dir='ltr'>Ecclesias</span> <span class='ocrx_word' id='word_1_123' title='bbox 1824 2448 2014 2525; x_wconf 84' lang='lat' dir='ltr'>Occidentis</span> 
     </span>
     <span class='ocr_line' id='line_1_17' title="bbox 643 2560 2016 2661; baseline 0 -22"><span class='ocrx_word' id='word_1_124' title='bbox 643 2587 778 2661; x_wconf 86' lang='lat' dir='ltr'>semper</span> <span class='ocrx_word' id='word_1_125' title='bbox 803 2563 965 2654; x_wconf 90' lang='lat' dir='ltr'>habuerit,</span> <span class='ocrx_word' id='word_1_126' title='bbox 992 2587 1159 2659; x_wconf 88' lang='lat' dir='ltr'>nunquam</span> <span class='ocrx_word' id='word_1_127' title='bbox 1193 2575 1305 2635; x_wconf 89' lang='lat' dir='ltr'>tamen</span> <span class='ocrx_word' id='word_1_128' title='bbox 1339 2565 1453 2656; x_wconf 90' lang='lat' dir='ltr'>primis</span> <span class='ocrx_word' id='word_1_129' title='bbox 1490 2564 1634 2636; x_wconf 89' lang='lat' dir='ltr'>saeculis</span> <span class='ocrx_word' id='word_1_130' title='bbox 1663 2560 1811 2636; x_wconf 85' lang='lat' dir='ltr'>Cononis</span> <span class='ocrx_word' id='word_1_131' title='bbox 1845 2564 2016 2639; x_wconf 90' lang='lat' dir='ltr'>Euchari-</span> 
     </span>
     <span class='ocr_line' id='line_1_18' title="bbox 642 2679 2015 2777; baseline 0.002 -24"><span class='ocrx_word' id='word_1_132' title='bbox 642 2685 727 2753; x_wconf 87' lang='lat' dir='ltr'>stiae</span> <span class='ocrx_word' id='word_1_133' title='bbox 749 2679 973 2752; x_wconf 86' lang='lat' dir='ltr'>celebrandae</span> <span class='ocrx_word' id='word_1_134' title='bbox 987 2685 1050 2770; x_wconf 93' lang='lat' dir='ltr'>sui,</span> <span class='ocrx_word' id='word_1_135' title='bbox 1076 2680 1217 2751; x_wconf 79' lang='lat' dir='ltr'>formam</span> <span class='ocrx_word' id='word_1_136' title='bbox 1244 2680 1315 2754; x_wconf 90' lang='lat' dir='ltr'>aliis</span> <span class='ocrx_word' id='word_1_137' title='bbox 1333 2679 1497 2754; x_wconf 90' lang='lat' dir='ltr'>Ecclesiis</span> <span class='ocrx_word' id='word_1_138' title='bbox 1524 2684 1569 2751; x_wconf 88' lang='lat' dir='ltr'>ita</span> <span class='ocrx_word' id='word_1_139' title='bbox 1589 2684 1817 2777; x_wconf 82' lang='lat' dir='ltr'>praescripsit,</span> <span class='ocrx_word' id='word_1_140' title='bbox 1844 2691 1880 2752; x_wconf 92' lang='lat' dir='ltr'>ut</span> <span class='ocrx_word' id='word_1_141' title='bbox 1905 2684 2015 2757; x_wconf 90' lang='lat' dir='ltr'>multis</span> 
     </span>
     <span class='ocr_line' id='line_1_19' title="bbox 642 2796 2016 2893; baseline 0.005 -28"><span class='ocrx_word' id='word_1_142' title='bbox 642 2798 774 2889; x_wconf 89' lang='lat' dir='ltr'>antiqua</span> <span class='ocrx_word' id='word_1_143' title='bbox 802 2819 863 2869; x_wconf 91' lang='lat' dir='ltr'>sua</span> <span class='ocrx_word' id='word_1_144' title='bbox 890 2796 1107 2885; x_wconf 88' lang='lat' dir='ltr'>consuetudo,</span> <span class='ocrx_word' id='word_1_145' title='bbox 1135 2797 1251 2889; x_wconf 90' lang='lat' dir='ltr'>suique</span> <span class='ocrx_word' id='word_1_146' title='bbox 1283 2799 1364 2866; x_wconf 92' lang='lat' dir='ltr'>ritus</span> <span class='ocrx_word' id='word_1_147' title='bbox 1390 2817 1458 2867; x_wconf 96' lang='lat' dir='ltr'>non</span> <span class='ocrx_word' id='word_1_148' title='bbox 1492 2807 1784 2870; x_wconf 88' lang='lat' dir='ltr'>conservarentur.</span> <span class='ocrx_word' id='word_1_149' title='bbox 1838 2799 1952 2893; x_wconf 90' lang='lat' dir='ltr'>ltaque</span> <span class='ocrx_word' id='word_1_150' title='bbox 1979 2809 2016 2872; x_wconf 88' lang='lat' dir='ltr'>ut</span> 
     </span>
     <span class='ocr_line' id='line_1_20' title="bbox 642 2909 2016 3007; baseline 0.002 -25"><span class='ocrx_word' id='word_1_151' title='bbox 642 2935 662 2982; x_wconf 91' lang='lat' dir='ltr'>a</span> <span class='ocrx_word' id='word_1_152' title='bbox 689 2915 763 2982; x_wconf 90' lang='lat' dir='ltr'>viro</span> <span class='ocrx_word' id='word_1_153' title='bbox 791 2935 956 3007; x_wconf 89' lang='lat' dir='ltr'>nunquam</span> <span class='ocrx_word' id='word_1_154' title='bbox 984 2916 1066 2986; x_wconf 90' lang='lat' dir='ltr'>satis</span> <span class='ocrx_word' id='word_1_155' title='bbox 1092 2911 1227 2983; x_wconf 89' lang='lat' dir='ltr'>laudato</span> <span class='ocrx_word' id='word_1_156' title='bbox 1257 2911 1388 2982; x_wconf 83' lang='lat' dir='ltr'>loanne</span> <span class='ocrx_word' id='word_1_157' title='bbox 1420 2909 1614 2983; x_wconf 88' lang='lat' dir='ltr'>Mabillonio</span> <span class='ocrx_word' id='word_1_158' title='bbox 1649 2912 1863 2986; x_wconf 89' lang='lat' dir='ltr'>observatum</span> <span class='ocrx_word' id='word_1_159' title='bbox 1890 2923 1954 3005; x_wconf 91' lang='lat' dir='ltr'>est,</span> <span class='ocrx_word' id='word_1_160' title='bbox 1982 2924 2016 2986; x_wconf 90' lang='lat' dir='ltr'>et</span> 
     </span>
     <span class='ocr_line' id='line_1_21' title="bbox 641 3027 2016 3122; baseline 0.003 -23"><span class='ocrx_word' id='word_1_161' title='bbox 641 3030 812 3099; x_wconf 86' lang='lat' dir='ltr'>variorum</span> <span class='ocrx_word' id='word_1_162' title='bbox 846 3028 1031 3100; x_wconf 89' lang='lat' dir='ltr'>Missalium</span> <span class='ocrx_word' id='word_1_163' title='bbox 1063 3027 1222 3100; x_wconf 90' lang='lat' dir='ltr'>librorum</span> <span class='ocrx_word' id='word_1_164' title='bbox 1264 3028 1513 3122; x_wconf 91' lang='lat' dir='ltr'>comparatione</span> <span class='ocrx_word' id='word_1_165' title='bbox 1548 3027 1819 3120; x_wconf 87' lang='lat' dir='ltr'>demonstratum,</span> <span class='ocrx_word' id='word_1_166' title='bbox 1853 3029 2016 3122; x_wconf 86' lang='lat' dir='ltr'>vigebant</span> 
     </span>
     <span class='ocr_line' id='line_1_22' title="bbox 642 3140 2013 3238; baseline 0.001 -25"><span class='ocrx_word' id='word_1_167' title='bbox 642 3149 819 3238; x_wconf 78' lang='lat' dir='ltr'>praeterea</span> <span class='ocrx_word' id='word_1_168' title='bbox 853 3141 950 3215; x_wconf 90' lang='lat' dir='ltr'>Ritus</span> <span class='ocrx_word' id='word_1_169' title='bbox 987 3143 1230 3216; x_wconf 81' lang='lat' dir='ltr'>Ambrosianus</span> <span class='ocrx_word' id='word_1_170' title='bbox 1270 3145 1303 3213; x_wconf 95' lang='lat' dir='ltr'>in</span> <span class='ocrx_word' id='word_1_171' title='bbox 1335 3140 1489 3214; x_wconf 88' lang='lat' dir='ltr'>Ecclesia</span> <span class='ocrx_word' id='word_1_172' title='bbox 1527 3142 1782 3232; x_wconf 84' lang='lat' dir='ltr'>Mediolanensi,</span> <span class='ocrx_word' id='word_1_173' title='bbox 1823 3141 2013 3215; x_wconf 86' lang='lat' dir='ltr'>Gallicanus</span> 
     </span>
     <span class='ocr_line' id='line_1_23' title="bbox 641 3255 2014 3353; baseline 0.001 -24"><span class='ocrx_word' id='word_1_174' title='bbox 641 3262 676 3329; x_wconf 94' lang='lat' dir='ltr'>in</span> <span class='ocrx_word' id='word_1_175' title='bbox 704 3257 822 3348; x_wconf 88' lang='lat' dir='ltr'>Gallia,</span> <span class='ocrx_word' id='word_1_176' title='bbox 851 3257 1010 3330; x_wconf 90' lang='lat' dir='ltr'>Gothicus</span> <span class='ocrx_word' id='word_1_177' title='bbox 1037 3262 1071 3330; x_wconf 95' lang='lat' dir='ltr'>in</span> <span class='ocrx_word' id='word_1_178' title='bbox 1097 3258 1255 3353; x_wconf 88' lang='lat' dir='ltr'>Hispania</span> <span class='ocrx_word' id='word_1_179' title='bbox 1290 3267 1324 3329; x_wconf 90' lang='lat' dir='ltr'>et</span> <span class='ocrx_word' id='word_1_180' title='bbox 1355 3260 1389 3328; x_wconf 92' lang='lat' dir='ltr'>in</span> <span class='ocrx_word' id='word_1_181' title='bbox 1425 3255 1530 3329; x_wconf 92' lang='lat' dir='ltr'>Gallia</span> <span class='ocrx_word' id='word_1_182' title='bbox 1566 3257 1788 3346; x_wconf 85' lang='lat' dir='ltr'>Narbonensi,</span> <span class='ocrx_word' id='word_1_183' title='bbox 1817 3263 1902 3331; x_wconf 89' lang='lat' dir='ltr'>inter</span> <span class='ocrx_word' id='word_1_184' title='bbox 1930 3281 2014 3353; x_wconf 91' lang='lat' dir='ltr'>quos</span> 
     </span>
     <span class='ocr_line' id='line_1_24' title="bbox 642 3372 2014 3468; baseline 0 -24"><span class='ocrx_word' id='word_1_185' title='bbox 642 3376 742 3444; x_wconf 89' lang='lat' dir='ltr'>etiam</span> <span class='ocrx_word' id='word_1_186' title='bbox 769 3383 841 3444; x_wconf 89' lang='lat' dir='ltr'>erat</span> <span class='ocrx_word' id='word_1_187' title='bbox 867 3373 977 3468; x_wconf 89' lang='lat' dir='ltr'>aliqua</span> <span class='ocrx_word' id='word_1_188' title='bbox 1004 3375 1188 3445; x_wconf 90' lang='lat' dir='ltr'>orationum</span> <span class='ocrx_word' id='word_1_189' title='bbox 1216 3373 1403 3445; x_wconf 87' lang='lat' dir='ltr'>diversitas.</span> <span class='ocrx_word' id='word_1_190' title='bbox 1431 3372 1529 3444; x_wconf 89' lang='lat' dir='ltr'>Nulla</span> <span class='ocrx_word' id='word_1_191' title='bbox 1561 3376 1648 3444; x_wconf 89' lang='lat' dir='ltr'>inter</span> <span class='ocrx_word' id='word_1_192' title='bbox 1680 3373 1913 3447; x_wconf 90' lang='lat' dir='ltr'>Occidentales</span> <span class='ocrx_word' id='word_1_193' title='bbox 1940 3373 2014 3444; x_wconf 90' lang='lat' dir='ltr'>Ec-</span> 
     </span>
     <span class='ocr_line' id='line_1_25' title="bbox 642 3487 2061 3584; baseline 0.003 -21"><span class='ocrx_word' id='word_1_194' title='bbox 642 3490 744 3563; x_wconf 88' lang='lat' dir='ltr'>olesia</span> <span class='ocrx_word' id='word_1_195' title='bbox 770 3489 954 3581; x_wconf 83' lang='lat' dir='ltr'>Liturgiam</span> <span class='ocrx_word' id='word_1_196' title='bbox 995 3511 1090 3561; x_wconf 89' lang='lat' dir='ltr'>suam</span> <span class='ocrx_word' id='word_1_197' title='bbox 1123 3488 1165 3559; x_wconf 88' lang='lat' dir='ltr'>ad</span> <span class='ocrx_word' id='word_1_198' title='bbox 1197 3487 1385 3582; x_wconf 84' lang='lat' dir='ltr'>Apostolos</span> <span class='ocrx_word' id='word_1_199' title='bbox 1421 3499 1477 3559; x_wconf 89' lang='lat' dir='ltr'>aut</span> <span class='ocrx_word' id='word_1_200' title='bbox 1509 3510 1623 3560; x_wconf 92' lang='lat' dir='ltr'>corum</span> <span class='ocrx_word' id='word_1_201' title='bbox 1651 3489 1831 3584; x_wconf 89' lang='lat' dir='ltr'>discipulos</span> <span class='ocrx_word' id='word_1_202' title='bbox 1859 3499 2014 3583; x_wconf 86' lang='lat' dir='ltr'>tanquam</span> <span class='ocrx_word' id='word_1_203' title='bbox 2057 3557 2061 3567; x_wconf 93' lang='lat'>.</span> 
     </span>
     <span class='ocr_line' id='line_1_26' title="bbox 642 3602 2013 3698; baseline 0.002 -25"><span class='ocrx_word' id='word_1_204' title='bbox 642 3613 778 3675; x_wconf 88' lang='lat' dir='ltr'>autores</span> <span class='ocrx_word' id='word_1_205' title='bbox 811 3604 941 3676; x_wconf 90' lang='lat' dir='ltr'>retulit:</span> <span class='ocrx_word' id='word_1_206' title='bbox 976 3607 1124 3698; x_wconf 88' lang='lat' dir='ltr'>satisque</span> <span class='ocrx_word' id='word_1_207' title='bbox 1157 3602 1365 3676; x_wconf 85' lang='lat' dir='ltr'>intellexisse</span> <span class='ocrx_word' id='word_1_208' title='bbox 1404 3604 1560 3675; x_wconf 82' lang='lat' dir='ltr'>videntur</span> <span class='ocrx_word' id='word_1_209' title='bbox 1594 3608 1791 3676; x_wconf 85' lang='lat' dir='ltr'>sanctissimi</span> <span class='ocrx_word' id='word_1_210' title='bbox 1824 3604 2013 3694; x_wconf 88' lang='lat' dir='ltr'>Antistites,</span> 
     </span>
    </p>
   </div>
   <div class='ocr_carea' id='block_1_10' title="bbox 586 3719 2013 3814">
    <p class='ocr_par' dir='ltr' id='par_1_10' title="bbox 586 3719 2013 3814">
     <span class='ocr_line' id='line_1_27' title="bbox 586 3719 2013 3814; baseline 0.001 -25"><span class='ocrx_word' id='word_1_211' title='bbox 586 3773 587 3778; x_wconf 65' lang='lat'>,</span> <span class='ocrx_word' id='word_1_212' title='bbox 641 3720 878 3808; x_wconf 87' lang='lat' dir='ltr'>commendari,</span> <span class='ocrx_word' id='word_1_213' title='bbox 907 3729 1062 3813; x_wconf 92' lang='lat' dir='ltr'>quantum</span> <span class='ocrx_word' id='word_1_214' title='bbox 1089 3741 1172 3814; x_wconf 91' lang='lat' dir='ltr'>opus</span> <span class='ocrx_word' id='word_1_215' title='bbox 1201 3729 1284 3808; x_wconf 90' lang='lat' dir='ltr'>erat,</span> <span class='ocrx_word' id='word_1_216' title='bbox 1312 3740 1431 3813; x_wconf 89' lang='lat' dir='ltr'>preces</span> <span class='ocrx_word' id='word_1_217' title='bbox 1459 3741 1574 3792; x_wconf 88' lang='lat' dir='ltr'>sacras</span> <span class='ocrx_word' id='word_1_218' title='bbox 1602 3741 1648 3790; x_wconf 89' lang='lat' dir='ltr'>ex</span> <span class='ocrx_word' id='word_1_219' title='bbox 1673 3742 1736 3792; x_wconf 90' lang='lat' dir='ltr'>usu</span> <span class='ocrx_word' id='word_1_220' title='bbox 1761 3724 1924 3793; x_wconf 88' lang='lat' dir='ltr'>constanti</span> <span class='ocrx_word' id='word_1_221' title='bbox 1938 3719 2013 3791; x_wconf 90' lang='lat' dir='ltr'>Ee-</span> 
     </span>
    </p>
   </div>
   <div class='ocr_carea' id='block_1_11' title="bbox 642 3833 2013 4159">
    <p class='ocr_par' dir='ltr' id='par_1_11' title="bbox 642 3833 2013 4159">
     <span class='ocr_line' id='line_1_28' title="bbox 642 3833 2012 3929; baseline 0.001 -24"><span class='ocrx_word' id='word_1_222' title='bbox 642 3834 829 3924; x_wconf 89' lang='lat' dir='ltr'>clesiarum,</span> <span class='ocrx_word' id='word_1_223' title='bbox 856 3857 922 3905; x_wconf 90' lang='lat' dir='ltr'>nec</span> <span class='ocrx_word' id='word_1_224' title='bbox 948 3838 1045 3908; x_wconf 88' lang='lat' dir='ltr'>vanis</span> <span class='ocrx_word' id='word_1_225' title='bbox 1073 3834 1172 3906; x_wconf 92' lang='lat' dir='ltr'>titulis</span> <span class='ocrx_word' id='word_1_226' title='bbox 1191 3856 1274 3929; x_wconf 89' lang='lat' dir='ltr'>opus</span> <span class='ocrx_word' id='word_1_227' title='bbox 1299 3833 1436 3924; x_wconf 91' lang='lat' dir='ltr'>babere,</span> <span class='ocrx_word' id='word_1_228' title='bbox 1465 3858 1551 3929; x_wconf 88' lang='lat' dir='ltr'>quae</span> <span class='ocrx_word' id='word_1_229' title='bbox 1577 3838 1677 3908; x_wconf 85' lang='lat' dir='ltr'>totius</span> <span class='ocrx_word' id='word_1_230' title='bbox 1705 3835 1881 3907; x_wconf 90' lang='lat' dir='ltr'>Ecclesiae</span> <span class='ocrx_word' id='word_1_231' title='bbox 1906 3857 2012 3907; x_wconf 86' lang='lat' dir='ltr'>voces</span> 
     </span>
     <span class='ocr_line' id='line_1_29' title="bbox 642 3947 2012 4045; baseline -0.001 -24"><span class='ocrx_word' id='word_1_232' title='bbox 642 3959 675 4021; x_wconf 91' lang='grc' dir='ltr'><strong>ει</strong></span> <span class='ocrx_word' id='word_1_233' title='bbox 709 3948 815 4021; x_wconf 90' lang='lat' dir='ltr'>verba</span> <span class='ocrx_word' id='word_1_234' title='bbox 849 3961 954 4025; x_wconf 92' lang='lat' dir='ltr'>erant.</span> <span class='ocrx_word' id='word_1_235' title='bbox 1004 3949 1124 4043; x_wconf 84' lang='lat' dir='ltr'>Neque</span> <span class='ocrx_word' id='word_1_236' title='bbox 1158 3947 1345 4041; x_wconf 92' lang='lat' dir='ltr'>objicienda</span> <span class='ocrx_word' id='word_1_237' title='bbox 1381 3949 1479 4022; x_wconf 91' lang='lat' dir='ltr'>nobis</span> <span class='ocrx_word' id='word_1_238' title='bbox 1520 3959 1572 4022; x_wconf 90' lang='grc' dir='ltr'>εει</span> <span class='ocrx_word' id='word_1_239' title='bbox 1611 3950 1713 4038; x_wconf 90' lang='lat' dir='ltr'>Petri,</span> <span class='ocrx_word' id='word_1_240' title='bbox 1759 3974 1845 4045; x_wconf 92' lang='lat' dir='ltr'>quae</span> <span class='ocrx_word' id='word_1_241' title='bbox 1885 3951 2012 4042; x_wconf 88' lang='lat' dir='ltr'>dicitur,</span> 
     </span>
     <span class='ocr_line' id='line_1_30' title="bbox 642 4063 2013 4159; baseline -0.001 -22"><span class='ocrx_word' id='word_1_242' title='bbox 642 4063 774 4138; x_wconf 88' lang='lat' dir='ltr'>Graeca</span> <span class='ocrx_word' id='word_1_243' title='bbox 809 4066 980 4157; x_wconf 86' lang='lat' dir='ltr'>Liturgia,</span> <span class='ocrx_word' id='word_1_244' title='bbox 1016 4065 1058 4136; x_wconf 92' lang='lat' dir='ltr'>de</span> <span class='ocrx_word' id='word_1_245' title='bbox 1092 4087 1155 4158; x_wconf 91' lang='lat' dir='ltr'>qua</span> <span class='ocrx_word' id='word_1_246' title='bbox 1191 4069 1307 4157; x_wconf 86' lang='lat' dir='ltr'>nugati</span> <span class='ocrx_word' id='word_1_247' title='bbox 1340 4087 1448 4159; x_wconf 89' lang='lat' dir='ltr'>aeque</span> <span class='ocrx_word' id='word_1_248' title='bbox 1482 4075 1557 4136; x_wconf 91' lang='lat' dir='ltr'>sunt</span> <span class='ocrx_word' id='word_1_249' title='bbox 1590 4065 1748 4137; x_wconf 87' lang='lat' dir='ltr'>Catholici</span> <span class='ocrx_word' id='word_1_250' title='bbox 1781 4067 1947 4156; x_wconf 90' lang='lat' dir='ltr'>nonnulli,</span> <span class='ocrx_word' id='word_1_251' title='bbox 1979 4076 2013 4136; x_wconf 94' lang='grc' dir='ltr'><strong>ει</strong></span> 
     </span>
    </p>
   </div>
   <div class='ocr_carea' id='block_1_12' title="bbox 588 4179 2012 4393">
    <p class='ocr_par' dir='ltr' id='par_1_12' title="bbox 588 4179 2012 4393">
     <span class='ocr_line' id='line_1_31' title="bbox 592 4179 2012 4275; baseline -0.004 -18"><span class='ocrx_word' id='word_1_252' title='bbox 592 4264 599 4274; x_wconf 58' lang='grc'><strong>,</strong></span> <span class='ocrx_word' id='word_1_253' title='bbox 641 4182 755 4257; x_wconf 83' lang='lat' dir='ltr'>Critici</span> <span class='ocrx_word' id='word_1_254' title='bbox 781 4182 1021 4253; x_wconf 89' lang='lat' dir='ltr'>Protestantes.</span> <span class='ocrx_word' id='word_1_255' title='bbox 1055 4179 1161 4270; x_wconf 89' lang='lat' dir='ltr'>Hujus</span> <span class='ocrx_word' id='word_1_256' title='bbox 1198 4181 1371 4274; x_wconf 88' lang='lat' dir='ltr'>exemplar</span> <span class='ocrx_word' id='word_1_257' title='bbox 1404 4180 1527 4275; x_wconf 87' lang='lat' dir='ltr'>duplex</span> <span class='ocrx_word' id='word_1_258' title='bbox 1562 4190 1631 4270; x_wconf 73' lang='lat' dir='ltr'>est,</span> <span class='ocrx_word' id='word_1_259' title='bbox 1666 4203 1766 4252; x_wconf 87' lang='lat' dir='ltr'>unum</span> <span class='ocrx_word' id='word_1_260' title='bbox 1791 4185 1906 4255; x_wconf 89' lang='lat' dir='ltr'>versio</span> <span class='ocrx_word' id='word_1_261' title='bbox 1932 4180 2012 4252; x_wconf 85' lang='lat' dir='ltr'>Ro-</span> 
     </span>
     <span class='ocr_line' id='line_1_32' title="bbox 588 4294 2010 4393; baseline -0.001 -24"><span class='ocrx_word' id='word_1_262' title='bbox 588 4363 592 4369; x_wconf 86' lang='lat'><em>.</em></span> <span class='ocrx_word' id='word_1_263' title='bbox 640 4303 728 4370; x_wconf 90' lang='lat' dir='ltr'>mani</span> <span class='ocrx_word' id='word_1_264' title='bbox 756 4299 950 4388; x_wconf 72' lang='lat' dir='ltr'>canoniae</span> <span class='ocrx_word' id='word_1_265' title='bbox 979 4294 1128 4387; x_wconf 87' lang='lat' dir='ltr'>Georgia</span> <span class='ocrx_word' id='word_1_266' title='bbox 1157 4295 1286 4368; x_wconf 85' lang='lat' dir='ltr'>Codino</span> <span class='ocrx_word' id='word_1_267' title='bbox 1313 4295 1416 4369; x_wconf 85' lang='lat' dir='ltr'>faeta:</span> <span class='ocrx_word' id='word_1_268' title='bbox 1443 4296 1581 4368; x_wconf 87' lang='lat' dir='ltr'>alterum</span> <span class='ocrx_word' id='word_1_269' title='bbox 1597 4319 1681 4391; x_wconf 90' lang='lat' dir='ltr'>opus</span> <span class='ocrx_word' id='word_1_270' title='bbox 1695 4301 1799 4389; x_wconf 82' lang='lat' dir='ltr'>ignoti</span> <span class='ocrx_word' id='word_1_271' title='bbox 1827 4300 2010 4393; x_wconf 89' lang='lat' dir='ltr'>cujuspiam</span> 
     </span>
    </p>
   </div>
   <div class='ocr_carea' id='block_1_13' title="bbox 638 4411 2012 4854">
    <p class='ocr_par' dir='ltr' id='par_1_13' title="bbox 638 4411 2012 4854">
     <span class='ocr_line' id='line_1_33' title="bbox 641 4411 2012 4508; baseline -0.001 -24"><span class='ocrx_word' id='word_1_272' title='bbox 641 4413 798 4485; x_wconf 87' lang='lat' dir='ltr'>Graeculi</span> <span class='ocrx_word' id='word_1_273' title='bbox 825 4416 880 4508; x_wconf 94' lang='lat' dir='ltr'>qui</span> <span class='ocrx_word' id='word_1_274' title='bbox 912 4435 958 4484; x_wconf 90' lang='lat' dir='ltr'>ex</span> <span class='ocrx_word' id='word_1_275' title='bbox 991 4411 1155 4501; x_wconf 90' lang='lat' dir='ltr'>Romana,</span> <span class='ocrx_word' id='word_1_276' title='bbox 1183 4421 1217 4482; x_wconf 92' lang='lat' dir='ltr'>et</span> <span class='ocrx_word' id='word_1_277' title='bbox 1244 4411 1475 4506; x_wconf 75' lang='lat' dir='ltr'>chrysostomi</span> <span class='ocrx_word' id='word_1_278' title='bbox 1503 4412 1607 4484; x_wconf 86' lang='lat' dir='ltr'>Missa</span> <span class='ocrx_word' id='word_1_279' title='bbox 1639 4435 1774 4501; x_wconf 90' lang='lat' dir='ltr'>novam,</span> <span class='ocrx_word' id='word_1_280' title='bbox 1802 4415 1896 4505; x_wconf 89' lang='lat' dir='ltr'>cujus</span> <span class='ocrx_word' id='word_1_281' title='bbox 1923 4411 2012 4484; x_wconf 86' lang='lat' dir='ltr'>nulla</span> 
     </span>
     <span class='ocr_line' id='line_1_34' title="bbox 638 4526 2011 4623; baseline 0.001 -24"><span class='ocrx_word' id='word_1_282' title='bbox 638 4532 674 4600; x_wconf 92' lang='lat' dir='ltr'>in</span> <span class='ocrx_word' id='word_1_283' title='bbox 702 4532 894 4623; x_wconf 83' lang='lat' dir='ltr'>antiquitate</span> <span class='ocrx_word' id='word_1_284' title='bbox 920 4531 1081 4599; x_wconf 91' lang='lat' dir='ltr'>memoria</span> <span class='ocrx_word' id='word_1_285' title='bbox 1108 4537 1172 4616; x_wconf 90' lang='lat' dir='ltr'>est,</span> <span class='ocrx_word' id='word_1_286' title='bbox 1199 4526 1306 4598; x_wconf 93' lang='lat' dir='ltr'>nullus</span> <span class='ocrx_word' id='word_1_287' title='bbox 1332 4549 1475 4621; x_wconf 92' lang='lat' dir='ltr'>unquam</span> <span class='ocrx_word' id='word_1_288' title='bbox 1502 4550 1581 4600; x_wconf 89' lang='lat' dir='ltr'>usus</span> <span class='ocrx_word' id='word_1_289' title='bbox 1607 4532 1641 4599; x_wconf 92' lang='lat' dir='ltr'>in</span> <span class='ocrx_word' id='word_1_290' title='bbox 1661 4528 1799 4600; x_wconf 87' lang='lat' dir='ltr'>Oriente</span> <span class='ocrx_word' id='word_1_291' title='bbox 1826 4526 1897 4616; x_wconf 81' lang='lat' dir='ltr'>fuit,</span> <span class='ocrx_word' id='word_1_292' title='bbox 1924 4550 2011 4623; x_wconf 87' lang='lat' dir='ltr'>pes-</span> 
     </span>
     <span class='ocr_line' id='line_1_35' title="bbox 639 4640 2011 4737; baseline -0.001 -21"><span class='ocrx_word' id='word_1_293' title='bbox 639 4647 723 4716; x_wconf 91' lang='lat' dir='ltr'>simo</span> <span class='ocrx_word' id='word_1_294' title='bbox 752 4642 908 4737; x_wconf 90' lang='lat' dir='ltr'>exemplo</span> <span class='ocrx_word' id='word_1_295' title='bbox 936 4645 1190 4715; x_wconf 89' lang='lat' dir='ltr'>consarcinavit.</span> <span class='ocrx_word' id='word_1_296' title='bbox 1218 4640 1383 4736; x_wconf 89' lang='lat' dir='ltr'>Reliquae</span> <span class='ocrx_word' id='word_1_297' title='bbox 1404 4641 1663 4715; x_wconf 88' lang='lat' dir='ltr'>Occidentalium</span> <span class='ocrx_word' id='word_1_298' title='bbox 1682 4643 1854 4737; x_wconf 85' lang='lat' dir='ltr'>Liturgiae</span> <span class='ocrx_word' id='word_1_299' title='bbox 1877 4646 1904 4714; x_wconf 93' lang='lat' dir='ltr'>si</span> <span class='ocrx_word' id='word_1_300' title='bbox 1920 4645 2011 4715; x_wconf 91' lang='lat' dir='ltr'>Arn-</span> 
     </span>
     <span class='ocr_line' id='line_1_36' title="bbox 638 4757 2012 4854; baseline 0 -25"><span class='ocrx_word' id='word_1_301' title='bbox 638 4757 828 4830; x_wconf 89' lang='lat' dir='ltr'>brosianum</span> <span class='ocrx_word' id='word_1_302' title='bbox 871 4759 1068 4851; x_wconf 85' lang='lat' dir='ltr'>excipimus,</span> <span class='ocrx_word' id='word_1_303' title='bbox 1104 4767 1255 4830; x_wconf 89' lang='lat' dir='ltr'>autorum</span> <span class='ocrx_word' id='word_1_304' title='bbox 1290 4759 1476 4832; x_wconf 91' lang='lat' dir='ltr'>nominibus</span> <span class='ocrx_word' id='word_1_305' title='bbox 1516 4783 1583 4833; x_wconf 94' lang='lat' dir='ltr'>non</span> <span class='ocrx_word' id='word_1_306' title='bbox 1627 4761 1860 4852; x_wconf 83' lang='lat' dir='ltr'>designantur:</span> <span class='ocrx_word' id='word_1_307' title='bbox 1902 4781 2012 4854; x_wconf 90' lang='lat' dir='ltr'>neque</span> 
     </span>
    </p>
   </div>
   <div class='ocr_carea' id='block_1_14' title="bbox 637 4869 2128 4970">
    <p class='ocr_par' dir='ltr' id='par_1_14' title="bbox 637 4869 2128 4970">
     <span class='ocr_line' id='line_1_37' title="bbox 637 4869 2128 4970; baseline 0.003 -27"><span class='ocrx_word' id='word_1_308' title='bbox 637 4875 705 4961; x_wconf 91' lang='lat' dir='ltr'>illa,</span> <span class='ocrx_word' id='word_1_309' title='bbox 734 4875 885 4968; x_wconf 90' lang='lat' dir='ltr'>quamvis</span> <span class='ocrx_word' id='word_1_310' title='bbox 914 4869 955 4942; x_wconf 91' lang='lat' dir='ltr'>ab</span> <span class='ocrx_word' id='word_1_311' title='bbox 983 4871 1165 4945; x_wconf 92' lang='lat' dir='ltr'>Ambrosio</span> <span class='ocrx_word' id='word_1_312' title='bbox 1193 4874 1342 4946; x_wconf 89' lang='lat' dir='ltr'>ordinata</span> <span class='ocrx_word' id='word_1_313' title='bbox 1370 4897 1448 4947; x_wconf 89' lang='lat' dir='ltr'>esse</span> <span class='ocrx_word' id='word_1_314' title='bbox 1474 4878 1629 4970; x_wconf 89' lang='lat' dir='ltr'>potuerit,</span> <span class='ocrx_word' id='word_1_315' title='bbox 1657 4886 1768 4947; x_wconf 89' lang='lat' dir='ltr'>tamen</span> <span class='ocrx_word' id='word_1_316' title='bbox 1796 4873 1837 4946; x_wconf 90' lang='lat' dir='ltr'>ab</span> <span class='ocrx_word' id='word_1_317' title='bbox 1866 4897 1908 4946; x_wconf 93' lang='lat' dir='ltr'>eo</span> <span class='ocrx_word' id='word_1_318' title='bbox 1934 4876 2009 4970; x_wconf 87' lang='lat' dir='ltr'>pri·</span> <span class='ocrx_word' id='word_1_319' title='bbox 2125 4943 2128 4948; x_wconf 87' lang='lat'>.</span> 
     </span>
    </p>
   </div>
   <div class='ocr_carea' id='block_1_15' title="bbox 638 4989 2011 5085">
    <p class='ocr_par' dir='ltr' id='par_1_15' title="bbox 638 4989 2011 5085">
     <span class='ocr_line' id='line_1_38' title="bbox 638 4989 2011 5085; baseline 0.003 -24"><span class='ocrx_word' id='word_1_320' title='bbox 638 5012 724 5061; x_wconf 92' lang='lat' dir='ltr'>muru</span> <span class='ocrx_word' id='word_1_321' title='bbox 761 4989 944 5081; x_wconf 89' lang='lat' dir='ltr'>composita</span> <span class='ocrx_word' id='word_1_322' title='bbox 979 4995 1041 5075; x_wconf 85' lang='lat' dir='ltr'>est,</span> <span class='ocrx_word' id='word_1_323' title='bbox 1078 4990 1186 5080; x_wconf 84' lang='lat' dir='ltr'>magis</span> <span class='ocrx_word' id='word_1_324' title='bbox 1214 5013 1312 5085; x_wconf 91' lang='lat' dir='ltr'>quam</span> <span class='ocrx_word' id='word_1_325' title='bbox 1341 4989 1494 5062; x_wconf 88' lang='lat' dir='ltr'>Romana</span> <span class='ocrx_word' id='word_1_326' title='bbox 1531 4989 1714 5063; x_wconf 90' lang='lat' dir='ltr'>aGelasio</span> <span class='ocrx_word' id='word_1_327' title='bbox 1743 5001 1799 5062; x_wconf 91' lang='lat' dir='ltr'>aut</span> <span class='ocrx_word' id='word_1_328' title='bbox 1831 4991 2011 5083; x_wconf 84' lang='lat' dir='ltr'>Gregorio.</span> 
     </span>
    </p>
   </div>
   <div class='ocr_carea' id='block_1_16' title="bbox 0 0 2394 6034">
    <p class='ocr_par' dir='ltr' id='par_1_16' title="bbox 0 0 2394 6034">
     <span class='ocr_line' id='line_1_39' title="bbox 0 0 2394 6034; baseline 0 3"><span class='ocrx_word' id='word_1_329' title='bbox 0 0 2394 6034; x_wconf 95' lang='lat' dir='ltr'> </span> 
     </span>
    </p>
   </div>
  </div>
 </body>
</html>
