<?xml version="1.0" encoding="UTF-8"?>
<!DOCTYPE html PUBLIC "-//W3C//DTD XHTML 1.0 Transitional//EN"
    "http://www.w3.org/TR/xhtml1/DTD/xhtml1-transitional.dtd">
<html xmlns="http://www.w3.org/1999/xhtml" xml:lang="en" lang="en">
 <head>
  <title>
</title>
<meta http-equiv="Content-Type" content="text/html;charset=utf-8" />
  <meta name='ocr-system' content='tesseract 3.04.00' />
  <meta name='ocr-capabilities' content='ocr_page ocr_carea ocr_par ocr_line ocrx_word'/>
</head>
<body>
  <div class='ocr_page' id='page_1' title='image "./liturgiarumorie03renagoog_0132.png"; bbox 0 0 4760 6038; ppageno 0'>
   <div class='ocr_carea' id='block_1_1' title="bbox 611 537 1744 633">
    <p class='ocr_par' dir='ltr' id='par_1_1' title="bbox 611 537 1744 633">
     <span class='ocr_line' id='line_1_1' title="bbox 611 537 1744 633; baseline -0.009 0"><span class='ocrx_word' id='word_1_1' title='bbox 611 559 661 633; x_wconf 89' lang='lat' dir='ltr'><strong>nn</strong></span> <span class='ocrx_word' id='word_1_2' title='bbox 676 555 920 633; x_wconf 81' lang='lat' dir='ltr'><strong>oovvrvnnux</strong></span> <span class='ocrx_word' id='word_1_3' title='bbox 933 537 1489 632; x_wconf 80' lang='lat' dir='ltr'><strong>xnnmxnvuonuxmuaons</strong></span> <span class='ocrx_word' id='word_1_4' title='bbox 1647 551 1744 624; x_wconf 85' lang='lat' dir='ltr'><strong>xcv</strong></span> 
     </span>
    </p>
   </div>
   <div class='ocr_carea' id='block_1_2' title="bbox 365 735 1833 1538">
    <p class='ocr_par' dir='ltr' id='par_1_2' title="bbox 365 735 1833 1189">
     <span class='ocr_line' id='line_1_2' title="bbox 365 735 1744 838; baseline -0.007 -18"><span class='ocrx_word' id='word_1_5' title='bbox 365 747 520 820; x_wconf 88' lang='lat' dir='ltr'><strong>haeresin</strong></span> <span class='ocrx_word' id='word_1_6' title='bbox 547 745 711 817; x_wconf 78' lang='lat' dir='ltr'>contineri</span> <span class='ocrx_word' id='word_1_7' title='bbox 736 765 915 838; x_wconf 82' lang='lat' dir='ltr'><strong>perperam</strong></span> <span class='ocrx_word' id='word_1_8' title='bbox 942 742 1153 832; x_wconf 73' lang='lat' dir='ltr'><strong>existiment,</strong></span> <span class='ocrx_word' id='word_1_9' title='bbox 1180 750 1215 811; x_wconf 89' lang='lat' dir='ltr'><strong>et</strong></span> <span class='ocrx_word' id='word_1_10' title='bbox 1239 763 1282 812; x_wconf 93' lang='lat' dir='ltr'><strong>eo</strong></span> <span class='ocrx_word' id='word_1_11' title='bbox 1309 741 1444 812; x_wconf 92' lang='lat' dir='ltr'><strong>nomine</strong></span> <span class='ocrx_word' id='word_1_12' title='bbox 1467 735 1744 812; x_wconf 81' lang='lat' dir='ltr'><strong>Odchedonense</strong></span> 
     </span>
     <span class='ocr_line' id='line_1_3' title="bbox 367 849 1833 954; baseline -0.007 -18"><span class='ocrx_word' id='word_1_13' title='bbox 367 860 550 936; x_wconf 83' lang='lat' dir='ltr'><strong>Concilium</strong></span> <span class='ocrx_word' id='word_1_14' title='bbox 577 863 717 954; x_wconf 88' lang='lat' dir='ltr'><strong>ejusque</strong></span> <span class='ocrx_word' id='word_1_15' title='bbox 745 857 954 930; x_wconf 85' lang='lat' dir='ltr'><strong>definitiones</strong></span> <span class='ocrx_word' id='word_1_16' title='bbox 979 859 1140 947; x_wconf 87' lang='lat' dir='ltr'><strong>rejiciant</strong></span> <span class='ocrx_word' id='word_1_17' title='bbox 1182 855 1267 940; x_wconf 82' lang='lat' dir='ltr'><strong>Quia</strong></span> <span class='ocrx_word' id='word_1_18' title='bbox 1293 858 1392 948; x_wconf 92' lang='lat' dir='ltr'><strong>igitur</strong></span> <span class='ocrx_word' id='word_1_19' title='bbox 1417 865 1622 952; x_wconf 89' lang='lat' dir='ltr'><strong>postremam</strong></span> <span class='ocrx_word' id='word_1_20' title='bbox 1647 857 1743 928; x_wconf 88' lang='lat' dir='ltr'><strong>istius</strong></span> <span class='ocrx_word' id='word_1_21' title='bbox 1827 849 1833 856; x_wconf 82' lang='grc'><strong>’</strong></span> 
     </span>
     <span class='ocr_line' id='line_1_4' title="bbox 367 969 1745 1071; baseline -0.008 -18"><span class='ocrx_word' id='word_1_22' title='bbox 367 976 598 1053; x_wconf 83' lang='lat' dir='ltr'><strong>Confessionis</strong></span> <span class='ocrx_word' id='word_1_23' title='bbox 624 972 837 1071; x_wconf 73' lang='lat' dir='ltr'><strong>particulam,</strong></span> <span class='ocrx_word' id='word_1_24' title='bbox 866 995 953 1066; x_wconf 91' lang='lat' dir='ltr'><strong>quae</strong></span> <span class='ocrx_word' id='word_1_25' title='bbox 978 971 1056 1046; x_wconf 90' lang='lat' dir='ltr'><strong>licei</strong></span> <span class='ocrx_word' id='word_1_26' title='bbox 1081 969 1314 1044; x_wconf 79' lang='lat' dir='ltr'><strong>Eucharistiae</strong></span> <span class='ocrx_word' id='word_1_27' title='bbox 1338 969 1436 1042; x_wconf 85' lang='lat' dir='ltr'><strong>fidem</strong></span> <span class='ocrx_word' id='word_1_28' title='bbox 1462 973 1639 1068; x_wconf 87' lang='lat' dir='ltr'><strong>respiciat,</strong></span> <span class='ocrx_word' id='word_1_29' title='bbox 1669 993 1745 1042; x_wconf 90' lang='lat' dir='ltr'><strong>eam</strong></span> 
     </span>
     <span class='ocr_line' id='line_1_5' title="bbox 367 1085 1770 1189; baseline -0.009 -22"><span class='ocrx_word' id='word_1_30' title='bbox 367 1106 477 1168; x_wconf 90' lang='lat' dir='ltr'><strong>tamen</strong></span> <span class='ocrx_word' id='word_1_31' title='bbox 503 1115 590 1189; x_wconf 88' lang='lat' dir='ltr'><strong>quae</strong></span> <span class='ocrx_word' id='word_1_32' title='bbox 618 1089 660 1162; x_wconf 89' lang='lat' dir='ltr'><strong>de</strong></span> <span class='ocrx_word' id='word_1_33' title='bbox 686 1088 926 1162; x_wconf 88' lang='lat' dir='ltr'><strong>lucarnationis</strong></span> <span class='ocrx_word' id='word_1_34' title='bbox 953 1090 1115 1182; x_wconf 74' lang='lat' dir='ltr'><strong>mysterio</strong></span> <span class='ocrx_word' id='word_1_35' title='bbox 1145 1097 1215 1176; x_wconf 91' lang='lat' dir='ltr'><strong>est,</strong></span> <span class='ocrx_word' id='word_1_36' title='bbox 1243 1086 1390 1181; x_wconf 87' lang='lat' dir='ltr'><strong>explicat</strong></span> <span class='ocrx_word' id='word_1_37' title='bbox 1416 1089 1588 1183; x_wconf 88' lang='lat' dir='ltr'><strong>conceptis</strong></span> <span class='ocrx_word' id='word_1_38' title='bbox 1615 1085 1770 1174; x_wconf 56' lang='lat' dir='ltr'><strong>verbis,</strong></span> 
     </span>
    </p>

    <p class='ocr_par' dir='ltr' id='par_1_3' title="bbox 368 1200 1744 1538">
     <span class='ocr_line' id='line_1_6' title="bbox 368 1200 1744 1302; baseline -0.008 -20"><span class='ocrx_word' id='word_1_39' title='bbox 368 1221 401 1282; x_wconf 90' lang='lat' dir='ltr'><strong>ut</strong></span> <span class='ocrx_word' id='word_1_40' title='bbox 428 1209 471 1281; x_wconf 86' lang='lat' dir='ltr'><strong>ad</strong></span> <span class='ocrx_word' id='word_1_41' title='bbox 496 1203 807 1302; x_wconf 74' lang='lat' dir='ltr'><strong>blonopbpsitarum</strong></span> <span class='ocrx_word' id='word_1_42' title='bbox 833 1208 964 1298; x_wconf 92' lang='lat' dir='ltr'><strong>potius,</strong></span> <span class='ocrx_word' id='word_1_43' title='bbox 992 1223 1089 1297; x_wconf 89' lang='lat' dir='ltr'><strong>quarn</strong></span> <span class='ocrx_word' id='word_1_44' title='bbox 1117 1202 1159 1273; x_wconf 90' lang='lat' dir='ltr'><strong>ad</strong></span> <span class='ocrx_word' id='word_1_45' title='bbox 1185 1200 1456 1274; x_wconf 88' lang='lat' dir='ltr'><strong>Ortbodoxorum</strong></span> <span class='ocrx_word' id='word_1_46' title='bbox 1484 1223 1620 1274; x_wconf 88' lang='lat' dir='ltr'><strong>sensum</strong></span> <span class='ocrx_word' id='word_1_47' title='bbox 1644 1201 1744 1272; x_wconf 88' lang='lat' dir='ltr'><strong>reie-</strong></span> 
     </span>
     <span class='ocr_line' id='line_1_7' title="bbox 368 1315 1743 1415; baseline -0.007 -17"><span class='ocrx_word' id='word_1_48' title='bbox 368 1324 504 1398; x_wconf 86' lang='lat' dir='ltr'><strong>rendam</strong></span> <span class='ocrx_word' id='word_1_49' title='bbox 531 1342 749 1411; x_wconf 83' lang='lat' dir='ltr'><strong>censeamus,</strong></span> <span class='ocrx_word' id='word_1_50' title='bbox 777 1318 863 1392; x_wconf 92' lang='lat' dir='ltr'><strong>duae</strong></span> <span class='ocrx_word' id='word_1_51' title='bbox 889 1319 1096 1415; x_wconf 88' lang='lat' dir='ltr'><strong>potissimum</strong></span> <span class='ocrx_word' id='word_1_52' title='bbox 1123 1341 1248 1391; x_wconf 88' lang='lat' dir='ltr'><strong>causae</strong></span> <span class='ocrx_word' id='word_1_53' title='bbox 1263 1327 1347 1389; x_wconf 81' lang='lat' dir='ltr'><strong>sunt</strong></span> <span class='ocrx_word' id='word_1_54' title='bbox 1375 1317 1504 1408; x_wconf 90' lang='lat' dir='ltr'><strong>Prima,</strong></span> <span class='ocrx_word' id='word_1_55' title='bbox 1532 1315 1620 1412; x_wconf 91' lang='lat' dir='ltr'><strong>quod</strong></span> <span class='ocrx_word' id='word_1_56' title='bbox 1640 1315 1743 1389; x_wconf 76' lang='grc' dir='ltr'>ἕποι’-</span> 
     </span>
     <span class='ocr_line' id='line_1_8' title="bbox 369 1431 1740 1538; baseline -0.008 -24"><span class='ocrx_word' id='word_1_57' title='bbox 369 1465 452 1538; x_wconf 79' lang='grc' dir='ltr'>ησεν</span> <span class='ocrx_word' id='word_1_58' title='bbox 478 1436 594 1534; x_wconf 76' lang='grc' dir='ltr'><em>αὐτὴν</em></span> <span class='ocrx_word' id='word_1_59' title='bbox 619 1436 722 1533; x_wconf 77' lang='grc' dir='ltr'><strong><em>μίαν,</em></strong></span> <span class='ocrx_word' id='word_1_60' title='bbox 739 1438 827 1529; x_wconf 82' lang='lat' dir='ltr'><strong>[ecit</strong></span> <span class='ocrx_word' id='word_1_61' title='bbox 852 1457 990 1506; x_wconf 74' lang='lat' dir='ltr'><strong>caruca</strong></span> <span class='ocrx_word' id='word_1_62' title='bbox 1016 1440 1195 1505; x_wconf 73' lang='lat' dir='ltr'><strong>menmium</strong></span> <span class='ocrx_word' id='word_1_63' title='bbox 1220 1457 1321 1503; x_wconf 82' lang='lat' dir='ltr'><strong>unum</strong></span> <span class='ocrx_word' id='word_1_64' title='bbox 1348 1455 1422 1504; x_wconf 87' lang='lat' dir='ltr'><strong>curn</strong></span> <span class='ocrx_word' id='word_1_65' title='bbox 1449 1431 1638 1522; x_wconf 87' lang='lat' dir='ltr'><strong>divinitate,</strong></span> <span class='ocrx_word' id='word_1_66' title='bbox 1659 1454 1740 1503; x_wconf 89' lang='lat' dir='ltr'><strong>rna-</strong></span> 
     </span>
    </p>
   </div>
   <div class='ocr_carea' id='block_1_3' title="bbox 369 1547 2077 5002">
    <p class='ocr_par' dir='ltr' id='par_1_4' title="bbox 369 1547 1747 2798">
     <span class='ocr_line' id='line_1_9' title="bbox 369 1547 1744 1645; baseline -0.009 -15"><span class='ocrx_word' id='word_1_67' title='bbox 369 1557 520 1631; x_wconf 88' lang='lat' dir='ltr'><strong>niiestam</strong></span> <span class='ocrx_word' id='word_1_68' title='bbox 546 1554 647 1627; x_wconf 86' lang='lat' dir='ltr'><strong>babet</strong></span> <span class='ocrx_word' id='word_1_69' title='bbox 672 1553 768 1625; x_wconf 90' lang='lat' dir='ltr'><strong>unius</strong></span> <span class='ocrx_word' id='word_1_70' title='bbox 795 1561 935 1622; x_wconf 91' lang='lat' dir='ltr'><strong>naturae</strong></span> <span class='ocrx_word' id='word_1_71' title='bbox 961 1551 1243 1640; x_wconf 87' lang='lat' dir='ltr'><strong>enunciationem,</strong></span> <span class='ocrx_word' id='word_1_72' title='bbox 1269 1571 1379 1645; x_wconf 89' lang='lat' dir='ltr'><strong>neque</strong></span> <span class='ocrx_word' id='word_1_73' title='bbox 1402 1547 1499 1618; x_wconf 89' lang='lat' dir='ltr'><strong>alium</strong></span> <span class='ocrx_word' id='word_1_74' title='bbox 1522 1569 1657 1619; x_wconf 90' lang='lat' dir='ltr'><strong>sensum</strong></span> <span class='ocrx_word' id='word_1_75' title='bbox 1676 1547 1744 1619; x_wconf 89' lang='lat' dir='ltr'><strong>ad-</strong></span> 
     </span>
     <span class='ocr_line' id='line_1_10' title="bbox 370 1663 1745 1762; baseline -0.008 -17"><span class='ocrx_word' id='word_1_76' title='bbox 370 1677 483 1762; x_wconf 87' lang='lat' dir='ltr'><strong>mittit,</strong></span> <span class='ocrx_word' id='word_1_77' title='bbox 520 1694 595 1742; x_wconf 95' lang='lat' dir='ltr'><strong>cum</strong></span> <span class='ocrx_word' id='word_1_78' title='bbox 630 1667 673 1742; x_wconf 89' lang='lat' dir='ltr'><strong>ad</strong></span> <span class='ocrx_word' id='word_1_79' title='bbox 707 1664 956 1759; x_wconf 84' lang='lat' dir='ltr'><strong>significandam</strong></span> <span class='ocrx_word' id='word_1_80' title='bbox 990 1668 1168 1754; x_wconf 91' lang='lat' dir='ltr'><strong>unionem,</strong></span> <span class='ocrx_word' id='word_1_81' title='bbox 1208 1663 1303 1738; x_wconf 91' lang='lat' dir='ltr'><strong>salva</strong></span> <span class='ocrx_word' id='word_1_82' title='bbox 1335 1666 1542 1761; x_wconf 87' lang='lat' dir='ltr'><strong>proprietate</strong></span> <span class='ocrx_word' id='word_1_83' title='bbox 1575 1664 1745 1757; x_wconf 90' lang='lat' dir='ltr'><strong>utriusque</strong></span> 
     </span>
     <span class='ocr_line' id='line_1_11' title="bbox 370 1775 1747 1878; baseline -0.009 -16"><span class='ocrx_word' id='word_1_84' title='bbox 370 1797 528 1878; x_wconf 81' lang='lat' dir='ltr'><strong>catuna,</strong></span> <span class='ocrx_word' id='word_1_85' title='bbox 557 1787 631 1858; x_wconf 89' lang='lat' dir='ltr'><strong>sive</strong></span> <span class='ocrx_word' id='word_1_86' title='bbox 658 1779 878 1874; x_wconf 87' lang='lat' dir='ltr'><strong>substantiae,</strong></span> <span class='ocrx_word' id='word_1_87' title='bbox 906 1779 978 1853; x_wconf 88' lang='lat' dir='ltr'><strong>aliis</strong></span> <span class='ocrx_word' id='word_1_88' title='bbox 1006 1783 1139 1852; x_wconf 91' lang='lat' dir='ltr'><strong>omnino</strong></span> <span class='ocrx_word' id='word_1_89' title='bbox 1167 1778 1281 1853; x_wconf 90' lang='lat' dir='ltr'><strong>verbis</strong></span> <span class='ocrx_word' id='word_1_90' title='bbox 1305 1775 1519 1851; x_wconf 82' lang='lat' dir='ltr'><strong>Calchedona</strong></span> <span class='ocrx_word' id='word_1_91' title='bbox 1546 1781 1747 1870; x_wconf 84' lang='lat' dir='ltr'><strong>congregati</strong></span> 
     </span>
     <span class='ocr_line' id='line_1_12' title="bbox 371 1888 1746 1991; baseline -0.009 -15"><span class='ocrx_word' id='word_1_92' title='bbox 371 1905 487 1976; x_wconf 85' lang='lat' dir='ltr'><strong>Patres</strong></span> <span class='ocrx_word' id='word_1_93' title='bbox 513 1904 566 1974; x_wconf 89' lang='lat' dir='ltr'><strong>usi</strong></span> <span class='ocrx_word' id='word_1_94' title='bbox 591 1899 729 1987; x_wconf 89' lang='lat' dir='ltr'><strong>suerint,</strong></span> <span class='ocrx_word' id='word_1_95' title='bbox 764 1897 936 1991; x_wconf 91' lang='lat' dir='ltr'><strong>multaque</strong></span> <span class='ocrx_word' id='word_1_96' title='bbox 958 1895 1021 1966; x_wconf 88' lang='lat' dir='ltr'><strong>alia</strong></span> <span class='ocrx_word' id='word_1_97' title='bbox 1062 1893 1216 1967; x_wconf 84' lang='lat' dir='ltr'><strong>Graecae</strong></span> <span class='ocrx_word' id='word_1_98' title='bbox 1248 1895 1382 1988; x_wconf 83' lang='lat' dir='ltr'><strong>linguae</strong></span> <span class='ocrx_word' id='word_1_99' title='bbox 1408 1893 1543 1966; x_wconf 90' lang='lat' dir='ltr'><strong>ubertas</strong></span> <span class='ocrx_word' id='word_1_100' title='bbox 1579 1888 1746 1964; x_wconf 89' lang='lat' dir='ltr'><strong>submini-</strong></span> 
     </span>
     <span class='ocr_line' id='line_1_13' title="bbox 372 2008 1746 2092; baseline -0.007 -2"><span class='ocrx_word' id='word_1_101' title='bbox 372 2028 462 2092; x_wconf 90' lang='lat' dir='ltr'><strong>stret.</strong></span> <span class='ocrx_word' id='word_1_102' title='bbox 516 2015 671 2090; x_wconf 87' lang='lat' dir='ltr'><strong>Secunda</strong></span> <span class='ocrx_word' id='word_1_103' title='bbox 697 2015 783 2085; x_wconf 89' lang='lat' dir='ltr'><strong>ratio</strong></span> <span class='ocrx_word' id='word_1_104' title='bbox 811 2035 857 2084; x_wconf 89' lang='lat' dir='ltr'><strong>ex</strong></span> <span class='ocrx_word' id='word_1_105' title='bbox 882 2011 1050 2084; x_wconf 89' lang='lat' dir='ltr'><strong>Historiae</strong></span> <span class='ocrx_word' id='word_1_106' title='bbox 1071 2010 1336 2083; x_wconf 90' lang='lat' dir='ltr'><strong>Patriarcbarum</strong></span> <span class='ocrx_word' id='word_1_107' title='bbox 1356 2008 1663 2084; x_wconf 86' lang='lat' dir='ltr'><strong>Alexandrinorum</strong></span> <span class='ocrx_word' id='word_1_108' title='bbox 1678 2008 1746 2080; x_wconf 89' lang='lat' dir='ltr'><strong>Ja-</strong></span> 
     </span>
     <span class='ocr_line' id='line_1_14' title="bbox 373 2123 1743 2207; baseline -0.007 -1"><span class='ocrx_word' id='word_1_109' title='bbox 373 2133 490 2207; x_wconf 88' lang='lat' dir='ltr'><strong>cobitis</strong></span> <span class='ocrx_word' id='word_1_110' title='bbox 524 2129 694 2203; x_wconf 85' lang='lat' dir='ltr'><strong>autoribus</strong></span> <span class='ocrx_word' id='word_1_111' title='bbox 730 2129 866 2199; x_wconf 91' lang='lat' dir='ltr'><strong>ducitur.</strong></span> <span class='ocrx_word' id='word_1_112' title='bbox 926 2124 1012 2198; x_wconf 91' lang='lat' dir='ltr'><strong>Nam</strong></span> <span class='ocrx_word' id='word_1_113' title='bbox 1047 2126 1184 2200; x_wconf 89' lang='lat' dir='ltr'><strong>saeculo</strong></span> <span class='ocrx_word' id='word_1_114' title='bbox 1218 2127 1348 2198; x_wconf 91' lang='lat' dir='ltr'><strong>demum</strong></span> <span class='ocrx_word' id='word_1_115' title='bbox 1383 2126 1578 2198; x_wconf 90' lang='lat' dir='ltr'><strong>duodecimo</strong></span> <span class='ocrx_word' id='word_1_116' title='bbox 1614 2123 1743 2196; x_wconf 88' lang='lat' dir='ltr'><strong>additas</strong></span> 
     </span>
     <span class='ocr_line' id='line_1_15' title="bbox 373 2241 1745 2342; baseline -0.004 -24"><span class='ocrx_word' id='word_1_117' title='bbox 373 2247 480 2319; x_wconf 90' lang='lat' dir='ltr'><strong>dicunt</strong></span> <span class='ocrx_word' id='word_1_118' title='bbox 506 2257 622 2342; x_wconf 90' lang='lat' dir='ltr'><strong>partes</strong></span> <span class='ocrx_word' id='word_1_119' title='bbox 648 2245 721 2317; x_wconf 90' lang='lat' dir='ltr'><strong>illas</strong></span> <span class='ocrx_word' id='word_1_120' title='bbox 748 2243 879 2316; x_wconf 91' lang='lat' dir='ltr'><strong>ultimas</strong></span> <span class='ocrx_word' id='word_1_121' title='bbox 907 2241 1137 2332; x_wconf 83' lang='lat' dir='ltr'><strong>Confessioni3</strong></span> <span class='ocrx_word' id='word_1_122' title='bbox 1166 2264 1286 2337; x_wconf 92' lang='lat' dir='ltr'><strong>nempe</strong></span> <span class='ocrx_word' id='word_1_123' title='bbox 1312 2263 1434 2314; x_wconf 89' lang='lat' dir='ltr'><strong>vocem</strong></span> <span class='ocrx_word' id='word_1_124' title='bbox 1460 2243 1647 2332; x_wconf 78' lang='lat' dir='ltr'><strong>vivificum:</strong></span> <span class='ocrx_word' id='word_1_125' title='bbox 1676 2250 1745 2312; x_wconf 94' lang='lat' dir='ltr'><strong>tum</strong></span> 
     </span>
     <span class='ocr_line' id='line_1_16' title="bbox 371 2357 1746 2454; baseline -0.007 -18"><span class='ocrx_word' id='word_1_126' title='bbox 371 2362 426 2436; x_wconf 87' lang='lat' dir='ltr'><strong>illa</strong></span> <span class='ocrx_word' id='word_1_127' title='bbox 452 2360 578 2452; x_wconf 90' lang='lat' dir='ltr'><strong>verba,</strong></span> <span class='ocrx_word' id='word_1_128' title='bbox 601 2364 690 2454; x_wconf 83' lang='lat' dir='ltr'><strong>fecit</strong></span> <span class='ocrx_word' id='word_1_129' title='bbox 714 2361 806 2432; x_wconf 84' lang='lat' dir='ltr'><strong>illum</strong></span> <span class='ocrx_word' id='word_1_130' title='bbox 832 2383 933 2430; x_wconf 81' lang='lat' dir='ltr'><strong>atnam</strong></span> <span class='ocrx_word' id='word_1_131' title='bbox 960 2381 1031 2430; x_wconf 82' lang='lat' dir='ltr'><strong>cwn</strong></span> <span class='ocrx_word' id='word_1_132' title='bbox 1060 2359 1238 2429; x_wconf 81' lang='lat' dir='ltr'><strong>divinitate</strong></span> <span class='ocrx_word' id='word_1_133' title='bbox 1265 2357 1393 2453; x_wconf 79' lang='lat' dir='ltr'><strong>absque</strong></span> <span class='ocrx_word' id='word_1_134' title='bbox 1411 2360 1656 2443; x_wconf 76' lang='lat' dir='ltr'><strong>commistione,</strong></span> <span class='ocrx_word' id='word_1_135' title='bbox 1685 2357 1746 2426; x_wconf 84' lang='lat' dir='ltr'><strong>di-</strong></span> 
     </span>
     <span class='ocr_line' id='line_1_17' title="bbox 373 2457 1747 2566; baseline -0.007 -14"><span class='ocrx_word' id='word_1_136' title='bbox 373 2483 516 2566; x_wconf 82' lang='lat' dir='ltr'><strong>cieioue,</strong></span> <span class='ocrx_word' id='word_1_137' title='bbox 552 2484 612 2548; x_wconf 84' lang='lat' dir='ltr'><strong>cut</strong></span> <span class='ocrx_word' id='word_1_138' title='bbox 637 2477 866 2565; x_wconf 80' lang='lat' dir='ltr'><strong>alteratione,</strong></span> <span class='ocrx_word' id='word_1_139' title='bbox 902 2484 936 2546; x_wconf 90' lang='lat' dir='ltr'><strong>et</strong></span> <span class='ocrx_word' id='word_1_140' title='bbox 969 2482 1077 2546; x_wconf 87' lang='lat' dir='ltr'><strong>tamen</strong></span> <span class='ocrx_word' id='word_1_141' title='bbox 1105 2457 1234 2548; x_wconf 40' lang='lat' dir='ltr'><strong>Codex¹</strong></span> <span class='ocrx_word' id='word_1_142' title='bbox 1251 2475 1381 2566; x_wconf 90' lang='lat' dir='ltr'><strong>Regius</strong></span> <span class='ocrx_word' id='word_1_143' title='bbox 1408 2496 1450 2545; x_wconf 87' lang='lat' dir='ltr'><strong>ea</strong></span> <span class='ocrx_word' id='word_1_144' title='bbox 1478 2481 1588 2544; x_wconf 89' lang='lat' dir='ltr'><strong>aetate</strong></span> <span class='ocrx_word' id='word_1_145' title='bbox 1614 2471 1747 2546; x_wconf 87' lang='lat' dir='ltr'><strong>videtur</strong></span> 
     </span>
     <span class='ocr_line' id='line_1_18' title="bbox 375 2590 1747 2690; baseline -0.003 -23"><span class='ocrx_word' id='word_1_146' title='bbox 375 2597 544 2690; x_wconf 88' lang='lat' dir='ltr'><strong>antiquior.</strong></span> <span class='ocrx_word' id='word_1_147' title='bbox 598 2592 667 2665; x_wconf 86' lang='lat' dir='ltr'><strong>Sed</strong></span> <span class='ocrx_word' id='word_1_148' title='bbox 694 2616 780 2687; x_wconf 92' lang='lat' dir='ltr'><strong>quae</strong></span> <span class='ocrx_word' id='word_1_149' title='bbox 807 2590 849 2663; x_wconf 91' lang='lat' dir='ltr'><strong>ad</strong></span> <span class='ocrx_word' id='word_1_150' title='bbox 876 2591 961 2661; x_wconf 91' lang='lat' dir='ltr'><strong>banc</strong></span> <span class='ocrx_word' id='word_1_151' title='bbox 988 2594 1172 2663; x_wconf 88' lang='lat' dir='ltr'><strong>orationem</strong></span> <span class='ocrx_word' id='word_1_152' title='bbox 1207 2599 1360 2688; x_wconf 90' lang='lat' dir='ltr'><strong>speciant</strong></span> <span class='ocrx_word' id='word_1_153' title='bbox 1392 2597 1603 2686; x_wconf 90' lang='lat' dir='ltr'><strong>exponuntur</strong></span> <span class='ocrx_word' id='word_1_154' title='bbox 1639 2614 1747 2662; x_wconf 88' lang='lat' dir='ltr'><strong>accu-</strong></span> 
     </span>
     <span class='ocr_line' id='line_1_19' title="bbox 374 2705 1072 2798; baseline -0.006 -16"><span class='ocrx_word' id='word_1_155' title='bbox 374 2712 474 2784; x_wconf 90' lang='lat' dir='ltr'><strong>ratius</strong></span> <span class='ocrx_word' id='word_1_156' title='bbox 501 2713 535 2781; x_wconf 90' lang='lat' dir='ltr'><strong>iu</strong></span> <span class='ocrx_word' id='word_1_157' title='bbox 562 2711 798 2780; x_wconf 85' lang='lat' dir='ltr'><strong>commentario</strong></span> <span class='ocrx_word' id='word_1_158' title='bbox 826 2706 869 2779; x_wconf 95' lang='lat' dir='ltr'><strong>ad</strong></span> <span class='ocrx_word' id='word_1_159' title='bbox 894 2705 1072 2798; x_wconf 88' lang='lat' dir='ltr'><strong>Liturgias.</strong></span> 
     </span>
    </p>

    <p class='ocr_par' dir='ltr' id='par_1_5' title="bbox 375 2821 2077 5002">
     <span class='ocr_line' id='line_1_20' title="bbox 475 2821 2076 2916; baseline -0.001 -18"><span class='ocrx_word' id='word_1_160' title='bbox 475 2823 632 2898; x_wconf 87' lang='lat' dir='ltr'><strong>XXXIV.</strong></span> <span class='ocrx_word' id='word_1_161' title='bbox 664 2823 746 2895; x_wconf 92' lang='lat' dir='ltr'><strong>Illud</strong></span> <span class='ocrx_word' id='word_1_162' title='bbox 779 2823 883 2896; x_wconf 89' lang='lat' dir='ltr'><strong>solum</strong></span> <span class='ocrx_word' id='word_1_163' title='bbox 918 2821 1199 2913; x_wconf 86' lang='lat' dir='ltr'><strong>observabimus,</strong></span> <span class='ocrx_word' id='word_1_164' title='bbox 1232 2845 1273 2893; x_wconf 89' lang='lat' dir='ltr'><strong>ea</strong></span> <span class='ocrx_word' id='word_1_165' title='bbox 1306 2844 1392 2916; x_wconf 91' lang='lat' dir='ltr'><strong>quae</strong></span> <span class='ocrx_word' id='word_1_166' title='bbox 1424 2825 1515 2894; x_wconf 91' lang='lat' dir='ltr'><strong>circa</strong></span> <span class='ocrx_word' id='word_1_167' title='bbox 1549 2825 1750 2898; x_wconf 87' lang='lat' dir='ltr'><strong>additionem</strong></span> <span class='ocrx_word' id='word_1_168' title='bbox 1780 2841 2076 2897; x_wconf 74' lang='lat' dir='ltr'><strong>nuutvtouteuranu-</strong></span> 
     </span>
     <span class='ocr_line' id='line_1_21' title="bbox 375 2928 2076 3066; baseline -0.002 -52"><span class='ocrx_word' id='word_1_169' title='bbox 375 2941 493 3014; x_wconf 86' lang='lat' dir='ltr'><strong>iactam</strong></span> <span class='ocrx_word' id='word_1_170' title='bbox 521 2939 734 3012; x_wconf 78' lang='lat' dir='ltr'><strong>Comesstont</strong></span> <span class='ocrx_word' id='word_1_171' title='bbox 761 2936 921 3008; x_wconf 89' lang='lat' dir='ltr'><strong>dicendae</strong></span> <span class='ocrx_word' id='word_1_172' title='bbox 952 2947 1029 3010; x_wconf 91' lang='lat' dir='ltr'><strong>ante</strong></span> <span class='ocrx_word' id='word_1_173' title='bbox 1062 2928 1348 3026; x_wconf 85' lang='lat' dir='ltr'><strong>communionem,</strong></span> <span class='ocrx_word' id='word_1_174' title='bbox 1381 2937 1570 3012; x_wconf 78' lang='lat' dir='ltr'><strong>referuntur</strong></span> <span class='ocrx_word' id='word_1_175' title='bbox 1605 2939 1647 3014; x_wconf 91' lang='lat' dir='ltr'><strong>ab</strong></span> <span class='ocrx_word' id='word_1_176' title='bbox 1679 2940 1748 3012; x_wconf 89' lang='lat' dir='ltr'><strong>lli-</strong></span> <span class='ocrx_word' id='word_1_177' title='bbox 1761 2929 1840 3066; x_wconf 40' lang='lat'><strong>1¹:52¹</strong></span> <span class='ocrx_word' id='word_1_178' title='bbox 1859 2943 1935 3028; x_wconf 50' lang='lat' dir='ltr'><strong>tva</strong></span> <span class='ocrx_word' id='word_1_179' title='bbox 1955 2929 2076 3029; x_wconf 67' lang='lat' dir='ltr'><strong>tutarier</strong></span> 
     </span>
     <span class='ocr_line' id='line_1_22' title="bbox 376 3014 2077 3152; baseline -0.002 -21"><span class='ocrx_word' id='word_1_180' title='bbox 376 3062 504 3132; x_wconf 89' lang='lat' dir='ltr'><strong>storicis</strong></span> <span class='ocrx_word' id='word_1_181' title='bbox 530 3057 729 3152; x_wconf 75' lang='lat' dir='ltr'><strong>Aegyptiis,</strong></span> <span class='ocrx_word' id='word_1_182' title='bbox 755 3056 940 3145; x_wconf 87' lang='lat' dir='ltr'><strong>contigisse</strong></span> <span class='ocrx_word' id='word_1_183' title='bbox 967 3057 1001 3126; x_wconf 90' lang='lat' dir='ltr'><strong>in</strong></span> <span class='ocrx_word' id='word_1_184' title='bbox 1027 3053 1233 3128; x_wconf 89' lang='lat' dir='ltr'><strong>Monastevio</strong></span> <span class='ocrx_word' id='word_1_185' title='bbox 1261 3057 1365 3127; x_wconf 90' lang='lat' dir='ltr'><strong>sancti</strong></span> <span class='ocrx_word' id='word_1_186' title='bbox 1387 3055 1544 3146; x_wconf 88' lang='lat' dir='ltr'><strong>Macarii,</strong></span> <span class='ocrx_word' id='word_1_187' title='bbox 1571 3056 1627 3128; x_wconf 92' lang='lat' dir='ltr'><strong>ubi</strong></span> <span class='ocrx_word' id='word_1_188' title='bbox 1651 3061 1748 3148; x_wconf 89' lang='lat' dir='ltr'><strong>juxta</strong></span> <span class='ocrx_word' id='word_1_189' title='bbox 1762 3014 1929 3151; x_wconf 46' lang='lat' dir='ltr'><strong>,instanciam</strong></span> <span class='ocrx_word' id='word_1_190' title='bbox 1960 3015 2077 3070; x_wconf 65' lang='lat' dir='ltr'><strong>tranite-</strong></span> 
     </span>
     <span class='ocr_line' id='line_1_23' title="bbox 377 3170 1750 3266; baseline 0 -23"><span class='ocrx_word' id='word_1_191' title='bbox 377 3177 556 3266; x_wconf 88' lang='lat' dir='ltr'><strong>antiquam,</strong></span> <span class='ocrx_word' id='word_1_192' title='bbox 583 3183 618 3243; x_wconf 92' lang='lat' dir='ltr'><strong>ut</strong></span> <span class='ocrx_word' id='word_1_193' title='bbox 644 3174 751 3262; x_wconf 89' lang='lat' dir='ltr'><strong>aiunt,</strong></span> <span class='ocrx_word' id='word_1_194' title='bbox 778 3170 1069 3260; x_wconf 86' lang='lat' dir='ltr'><strong>consuetudinem,</strong></span> <span class='ocrx_word' id='word_1_195' title='bbox 1097 3170 1158 3243; x_wconf 90' lang='lat' dir='ltr'><strong>sed</strong></span> <span class='ocrx_word' id='word_1_196' title='bbox 1185 3193 1271 3265; x_wconf 90' lang='lat' dir='ltr'><strong>quae</strong></span> <span class='ocrx_word' id='word_1_197' title='bbox 1297 3170 1482 3263; x_wconf 89' lang='lat' dir='ltr'><strong>Benjamini</strong></span> <span class='ocrx_word' id='word_1_198' title='bbox 1516 3183 1659 3245; x_wconf 89' lang='lat' dir='ltr'><strong>aetatem</strong></span> <span class='ocrx_word' id='word_1_199' title='bbox 1685 3194 1750 3245; x_wconf 90' lang='lat' dir='ltr'><strong>su-</strong></span> 
     </span>
     <span class='ocr_line' id='line_1_24' title="bbox 376 3271 1751 3383; baseline 0.001 -24"><span class='ocrx_word' id='word_1_200' title='bbox 376 3309 513 3383; x_wconf 89' lang='lat' dir='ltr'><strong>perasse</strong></span> <span class='ocrx_word' id='word_1_201' title='bbox 539 3309 608 3359; x_wconf 94' lang='lat' dir='ltr'><strong>non</strong></span> <span class='ocrx_word' id='word_1_202' title='bbox 634 3285 787 3376; x_wconf 90' lang='lat' dir='ltr'><strong>videtur,</strong></span> <span class='ocrx_word' id='word_1_203' title='bbox 814 3288 896 3357; x_wconf 89' lang='lat' dir='ltr'><strong>novi</strong></span> <span class='ocrx_word' id='word_1_204' title='bbox 923 3285 1138 3357; x_wconf 89' lang='lat' dir='ltr'><strong>Patriarchae</strong></span> <span class='ocrx_word' id='word_1_205' title='bbox 1165 3295 1242 3381; x_wconf 91' lang='lat' dir='ltr'><strong>post</strong></span> <span class='ocrx_word' id='word_1_206' title='bbox 1258 3271 1751 3383; x_wconf 62' lang='lat' dir='ltr'><strong>esperoptvntexantriac</strong></span> 
     </span>
     <span class='ocr_line' id='line_1_25' title="bbox 379 3399 1752 3493; baseline 0.001 -20"><span class='ocrx_word' id='word_1_207' title='bbox 379 3401 516 3490; x_wconf 86' lang='lat' dir='ltr'><strong>lactum,</strong></span> <span class='ocrx_word' id='word_1_208' title='bbox 545 3401 718 3475; x_wconf 85' lang='lat' dir='ltr'><strong>solennem</strong></span> <span class='ocrx_word' id='word_1_209' title='bbox 744 3402 929 3492; x_wconf 75' lang='lat' dir='ltr'><strong>liturgiam</strong></span> <span class='ocrx_word' id='word_1_210' title='bbox 956 3399 1130 3474; x_wconf 89' lang='lat' dir='ltr'><strong>celebrare</strong></span> <span class='ocrx_word' id='word_1_211' title='bbox 1157 3399 1362 3472; x_wconf 89' lang='lat' dir='ltr'><strong>tenebantur.</strong></span> <span class='ocrx_word' id='word_1_212' title='bbox 1404 3403 1453 3474; x_wconf 92' lang='lat' dir='ltr'><strong>lta</strong></span> <span class='ocrx_word' id='word_1_213' title='bbox 1482 3403 1581 3476; x_wconf 90' lang='lat' dir='ltr'><strong>docet</strong></span> <span class='ocrx_word' id='word_1_214' title='bbox 1602 3403 1752 3493; x_wconf 90' lang='lat' dir='ltr'><strong>historia,</strong></span> 
     </span>
     <span class='ocr_line' id='line_1_26' title="bbox 379 3515 1753 3614; baseline 0 -25"><span class='ocrx_word' id='word_1_215' title='bbox 379 3529 410 3589; x_wconf 89' lang='lat' dir='ltr'><strong>et</strong></span> <span class='ocrx_word' id='word_1_216' title='bbox 441 3518 616 3590; x_wconf 87' lang='lat' dir='ltr'><strong>confirmat</strong></span> <span class='ocrx_word' id='word_1_217' title='bbox 647 3515 875 3608; x_wconf 86' lang='lat' dir='ltr'><strong>Ebnassalus,</strong></span> <span class='ocrx_word' id='word_1_218' title='bbox 907 3527 1001 3588; x_wconf 92' lang='lat' dir='ltr'><strong>autor</strong></span> <span class='ocrx_word' id='word_1_219' title='bbox 1033 3519 1146 3608; x_wconf 88' lang='lat' dir='ltr'><strong>magni</strong></span> <span class='ocrx_word' id='word_1_220' title='bbox 1180 3519 1265 3588; x_wconf 90' lang='lat' dir='ltr'><strong>inter</strong></span> <span class='ocrx_word' id='word_1_221' title='bbox 1298 3517 1469 3590; x_wconf 84' lang='lat' dir='ltr'><strong>lacebitas</strong></span> <span class='ocrx_word' id='word_1_222' title='bbox 1499 3521 1664 3610; x_wconf 91' lang='lat' dir='ltr'><strong>nominis,</strong></span> <span class='ocrx_word' id='word_1_223' title='bbox 1698 3521 1753 3614; x_wconf 91' lang='lat' dir='ltr'><strong>qui</strong></span> 
     </span>
     <span class='ocr_line' id='line_1_27' title="bbox 380 3631 1753 3724; baseline 0.001 -21"><span class='ocrx_word' id='word_1_224' title='bbox 380 3632 418 3704; x_wconf 89' lang='lat' dir='ltr'><strong>de</strong></span> <span class='ocrx_word' id='word_1_225' title='bbox 445 3633 667 3705; x_wconf 89' lang='lat' dir='ltr'><strong>observandis</strong></span> <span class='ocrx_word' id='word_1_226' title='bbox 695 3636 785 3704; x_wconf 89' lang='lat' dir='ltr'><strong>circa</strong></span> <span class='ocrx_word' id='word_1_227' title='bbox 813 3631 1077 3704; x_wconf 86' lang='lat' dir='ltr'><strong>Patriarcbarum</strong></span> <span class='ocrx_word' id='word_1_228' title='bbox 1105 3631 1302 3703; x_wconf 85' lang='lat' dir='ltr'><strong>electionem</strong></span> <span class='ocrx_word' id='word_1_229' title='bbox 1323 3643 1357 3704; x_wconf 89' lang='lat' dir='ltr'><strong>et</strong></span> <span class='ocrx_word' id='word_1_230' title='bbox 1373 3633 1633 3724; x_wconf 89' lang='lat' dir='ltr'><strong>ordinationem,</strong></span> <span class='ocrx_word' id='word_1_231' title='bbox 1661 3639 1753 3706; x_wconf 89' lang='lat' dir='ltr'><strong>scri-</strong></span> 
     </span>
     <span class='ocr_line' id='line_1_28' title="bbox 380 3746 1753 3842; baseline 0.003 -24"><span class='ocrx_word' id='word_1_232' title='bbox 380 3753 443 3842; x_wconf 87' lang='lat' dir='ltr'><strong>psit</strong></span> <span class='ocrx_word' id='word_1_233' title='bbox 468 3747 730 3840; x_wconf 87' lang='lat' dir='ltr'><strong>diligentissirne.</strong></span> <span class='ocrx_word' id='word_1_234' title='bbox 757 3747 863 3819; x_wconf 87' lang='lat' dir='ltr'><strong>Erant</strong></span> <span class='ocrx_word' id='word_1_235' title='bbox 888 3747 1045 3821; x_wconf 84' lang='lat' dir='ltr'><strong>Monacbi</strong></span> <span class='ocrx_word' id='word_1_236' title='bbox 1070 3746 1252 3819; x_wconf 87' lang='lat' dir='ltr'><strong>Macariani</strong></span> <span class='ocrx_word' id='word_1_237' title='bbox 1278 3749 1396 3819; x_wconf 89' lang='lat' dir='ltr'><strong>rituum</strong></span> <span class='ocrx_word' id='word_1_238' title='bbox 1433 3771 1567 3822; x_wconf 89' lang='lat' dir='ltr'><strong>suorum</strong></span> <span class='ocrx_word' id='word_1_239' title='bbox 1598 3753 1753 3822; x_wconf 90' lang='lat' dir='ltr'><strong>retinen-</strong></span> 
     </span>
     <span class='ocr_line' id='line_1_29' title="bbox 381 3860 1753 3961; baseline 0.003 -27"><span class='ocrx_word' id='word_1_240' title='bbox 381 3867 516 3953; x_wconf 89' lang='lat' dir='ltr'><strong>tissimi,</strong></span> <span class='ocrx_word' id='word_1_241' title='bbox 551 3866 597 3935; x_wconf 88' lang='lat' dir='ltr'><strong>ita</strong></span> <span class='ocrx_word' id='word_1_242' title='bbox 629 3875 664 3934; x_wconf 90' lang='lat' dir='ltr'><strong>ut</strong></span> <span class='ocrx_word' id='word_1_243' title='bbox 699 3886 773 3934; x_wconf 92' lang='lat' dir='ltr'><strong>cum</strong></span> <span class='ocrx_word' id='word_1_244' title='bbox 807 3860 850 3935; x_wconf 92' lang='lat' dir='ltr'><strong>ab</strong></span> <span class='ocrx_word' id='word_1_245' title='bbox 883 3861 1009 3958; x_wconf 87' lang='lat' dir='ltr'><strong>aliquoi</strong></span> <span class='ocrx_word' id='word_1_246' title='bbox 1043 3861 1186 3934; x_wconf 90' lang='lat' dir='ltr'><strong>saeculis</strong></span> <span class='ocrx_word' id='word_1_247' title='bbox 1218 3883 1292 3934; x_wconf 91' lang='lat' dir='ltr'><strong>mos</strong></span> <span class='ocrx_word' id='word_1_248' title='bbox 1324 3863 1520 3938; x_wconf 89' lang='lat' dir='ltr'><strong>invaluisset</strong></span> <span class='ocrx_word' id='word_1_249' title='bbox 1554 3888 1616 3961; x_wconf 92' lang='lat' dir='ltr'><strong>per</strong></span> <span class='ocrx_word' id='word_1_250' title='bbox 1650 3875 1753 3938; x_wconf 87' lang='lat' dir='ltr'><strong>totam</strong></span> 
     </span>
     <span class='ocr_line' id='line_1_30' title="bbox 381 3974 1754 4076; baseline 0.002 -25"><span class='ocrx_word' id='word_1_251' title='bbox 381 3979 588 4076; x_wconf 75' lang='lat' dir='ltr'><strong>Aegyptum,</strong></span> <span class='ocrx_word' id='word_1_252' title='bbox 616 3982 710 4050; x_wconf 92' lang='lat' dir='ltr'><strong>utin</strong></span> <span class='ocrx_word' id='word_1_253' title='bbox 737 3977 922 4074; x_wconf 67' lang='lat' dir='ltr'><strong>synaxibus</strong></span> <span class='ocrx_word' id='word_1_254' title='bbox 949 3977 1104 4052; x_wconf 91' lang='lat' dir='ltr'><strong>nonnulla</strong></span> <span class='ocrx_word' id='word_1_255' title='bbox 1131 3974 1280 4050; x_wconf 89' lang='lat' dir='ltr'><strong>Arabice</strong></span> <span class='ocrx_word' id='word_1_256' title='bbox 1308 3977 1519 4075; x_wconf 88' lang='lat' dir='ltr'><strong>legerentur,</strong></span> <span class='ocrx_word' id='word_1_257' title='bbox 1546 4003 1667 4075; x_wconf 90' lang='lat' dir='ltr'><strong>nempe</strong></span> <span class='ocrx_word' id='word_1_258' title='bbox 1690 4004 1754 4054; x_wconf 90' lang='lat' dir='ltr'><strong>se-</strong></span> 
     </span>
     <span class='ocr_line' id='line_1_31' title="bbox 383 4094 1754 4192; baseline 0.001 -25"><span class='ocrx_word' id='word_1_259' title='bbox 383 4101 509 4169; x_wconf 89' lang='lat' dir='ltr'><strong>ctiones</strong></span> <span class='ocrx_word' id='word_1_260' title='bbox 545 4119 590 4167; x_wconf 90' lang='lat' dir='ltr'><strong>ex</strong></span> <span class='ocrx_word' id='word_1_261' title='bbox 624 4095 842 4186; x_wconf 85' lang='lat' dir='ltr'><strong>Evangeliis,</strong></span> <span class='ocrx_word' id='word_1_262' title='bbox 877 4095 1057 4191; x_wconf 78' lang='lat' dir='ltr'><strong>Epistolis,</strong></span> <span class='ocrx_word' id='word_1_263' title='bbox 1092 4104 1126 4167; x_wconf 92' lang='lat' dir='ltr'><strong>et</strong></span> <span class='ocrx_word' id='word_1_264' title='bbox 1159 4094 1278 4166; x_wconf 89' lang='lat' dir='ltr'><strong>Veteri</strong></span> <span class='ocrx_word' id='word_1_265' title='bbox 1308 4094 1541 4186; x_wconf 81' lang='lat' dir='ltr'><strong>Testamenta,</strong></span> <span class='ocrx_word' id='word_1_266' title='bbox 1581 4108 1754 4192; x_wconf 87' lang='lat' dir='ltr'><strong>postquam</strong></span> 
     </span>
     <span class='ocr_line' id='line_1_32' title="bbox 384 4192 1753 4309; baseline -0.002 -24"><span class='ocrx_word' id='word_1_267' title='bbox 384 4213 520 4309; x_wconf 83' lang='lat' dir='ltr'><strong>Coptica</strong></span> <span class='ocrx_word' id='word_1_268' title='bbox 546 4212 654 4284; x_wconf 88' lang='lat' dir='ltr'><strong>lectae</strong></span> <span class='ocrx_word' id='word_1_269' title='bbox 681 4192 825 4284; x_wconf 85' lang='lat' dir='ltr'><strong>iderant:</strong></span> <span class='ocrx_word' id='word_1_270' title='bbox 861 4211 1122 4286; x_wconf 80' lang='lat' dir='ltr'><strong>inllonnsterio</strong></span> <span class='ocrx_word' id='word_1_271' title='bbox 1158 4211 1214 4284; x_wconf 93' lang='lat' dir='ltr'><strong>illo</strong></span> <span class='ocrx_word' id='word_1_272' title='bbox 1249 4210 1328 4282; x_wconf 89' lang='lat' dir='ltr'><strong>nibil</strong></span> <span class='ocrx_word' id='word_1_273' title='bbox 1354 4234 1497 4305; x_wconf 91' lang='lat' dir='ltr'><strong>unquam</strong></span> <span class='ocrx_word' id='word_1_274' title='bbox 1519 4213 1668 4285; x_wconf 87' lang='lat' dir='ltr'><strong>Arabico</strong></span> <span class='ocrx_word' id='word_1_275' title='bbox 1695 4211 1753 4282; x_wconf 92' lang='lat' dir='ltr'><strong>le-</strong></span> 
     </span>
     <span class='ocr_line' id='line_1_33' title="bbox 385 4323 1755 4425; baseline 0.001 -28"><span class='ocrx_word' id='word_1_276' title='bbox 385 4337 468 4398; x_wconf 88' lang='lat' dir='ltr'><strong>ctum</strong></span> <span class='ocrx_word' id='word_1_277' title='bbox 496 4330 531 4398; x_wconf 93' lang='lat' dir='ltr'><strong>in</strong></span> <span class='ocrx_word' id='word_1_278' title='bbox 556 4327 721 4399; x_wconf 88' lang='lat' dir='ltr'><strong>Ecclesia.</strong></span> <span class='ocrx_word' id='word_1_279' title='bbox 752 4323 835 4399; x_wconf 84' lang='lat' dir='ltr'><strong>Cum</strong></span> <span class='ocrx_word' id='word_1_280' title='bbox 861 4331 961 4419; x_wconf 86' lang='lat' dir='ltr'><strong>igitur</strong></span> <span class='ocrx_word' id='word_1_281' title='bbox 987 4325 1065 4399; x_wconf 92' lang='lat' dir='ltr'><strong>nibil</strong></span> <span class='ocrx_word' id='word_1_282' title='bbox 1092 4332 1232 4417; x_wconf 85' lang='lat' dir='ltr'><strong>mutari,</strong></span> <span class='ocrx_word' id='word_1_283' title='bbox 1257 4325 1336 4398; x_wconf 93' lang='lat' dir='ltr'><strong>nibil</strong></span> <span class='ocrx_word' id='word_1_284' title='bbox 1364 4327 1439 4400; x_wconf 94' lang='lat' dir='ltr'><strong>addi</strong></span> <span class='ocrx_word' id='word_1_285' title='bbox 1455 4327 1650 4425; x_wconf 87' lang='lat' dir='ltr'><strong>disciplinae</strong></span> <span class='ocrx_word' id='word_1_286' title='bbox 1673 4350 1755 4402; x_wconf 93' lang='lat' dir='ltr'><strong>suae</strong></span> 
     </span>
     <span class='ocr_line' id='line_1_34' title="bbox 385 4441 1755 4539; baseline 0.001 -25"><span class='ocrx_word' id='word_1_287' title='bbox 385 4446 547 4532; x_wconf 87' lang='lat' dir='ltr'><strong>sinerent,</strong></span> <span class='ocrx_word' id='word_1_288' title='bbox 574 4441 645 4514; x_wconf 89' lang='lat' dir='ltr'><strong>lieri</strong></span> <span class='ocrx_word' id='word_1_289' title='bbox 673 4445 806 4515; x_wconf 90' lang='lat' dir='ltr'><strong>omnino</strong></span> <span class='ocrx_word' id='word_1_290' title='bbox 833 4447 960 4539; x_wconf 93' lang='lat' dir='ltr'><strong>potuit,</strong></span> <span class='ocrx_word' id='word_1_291' title='bbox 993 4453 1029 4515; x_wconf 93' lang='lat' dir='ltr'><strong>ut</strong></span> <span class='ocrx_word' id='word_1_292' title='bbox 1056 4467 1141 4538; x_wconf 91' lang='lat' dir='ltr'><strong>quae</strong></span> <span class='ocrx_word' id='word_1_293' title='bbox 1168 4442 1246 4514; x_wconf 90' lang='lat' dir='ltr'><strong>alibi</strong></span> <span class='ocrx_word' id='word_1_294' title='bbox 1274 4446 1307 4514; x_wconf 93' lang='lat' dir='ltr'><strong>in</strong></span> <span class='ocrx_word' id='word_1_295' title='bbox 1333 4463 1394 4514; x_wconf 91' lang='lat' dir='ltr'><strong>usu</strong></span> <span class='ocrx_word' id='word_1_296' title='bbox 1422 4453 1536 4534; x_wconf 87' lang='lat' dir='ltr'><strong>erant,</strong></span> <span class='ocrx_word' id='word_1_297' title='bbox 1571 4444 1658 4538; x_wconf 91' lang='lat' dir='ltr'><strong>apud</strong></span> <span class='ocrx_word' id='word_1_298' title='bbox 1692 4465 1755 4515; x_wconf 92' lang='lat' dir='ltr'><strong>eos</strong></span> 
     </span>
     <span class='ocr_line' id='line_1_35' title="bbox 384 4558 1755 4655; baseline 0.004 -27"><span class='ocrx_word' id='word_1_299' title='bbox 384 4560 636 4651; x_wconf 85' lang='lat' dir='ltr'><strong>ignorarentur,</strong></span> <span class='ocrx_word' id='word_1_300' title='bbox 672 4567 770 4655; x_wconf 87' lang='lat' dir='ltr'><strong>atque</strong></span> <span class='ocrx_word' id='word_1_301' title='bbox 804 4563 848 4632; x_wconf 88' lang='lat' dir='ltr'><strong>ita</strong></span> <span class='ocrx_word' id='word_1_302' title='bbox 883 4583 972 4631; x_wconf 92' lang='lat' dir='ltr'><strong>nova</strong></span> <span class='ocrx_word' id='word_1_303' title='bbox 1004 4560 1085 4654; x_wconf 90' lang='lat' dir='ltr'><strong>ipsis</strong></span> <span class='ocrx_word' id='word_1_304' title='bbox 1119 4558 1244 4648; x_wconf 90' lang='lat' dir='ltr'><strong>lorent,</strong></span> <span class='ocrx_word' id='word_1_305' title='bbox 1277 4581 1362 4653; x_wconf 91' lang='lat' dir='ltr'><strong>quae</strong></span> <span class='ocrx_word' id='word_1_306' title='bbox 1397 4561 1623 4632; x_wconf 88' lang='lat' dir='ltr'><strong>vetustissima</strong></span> <span class='ocrx_word' id='word_1_307' title='bbox 1650 4569 1755 4634; x_wconf 90' lang='lat' dir='ltr'><strong>erant.</strong></span> 
     </span>
     <span class='ocr_line' id='line_1_36' title="bbox 385 4669 1756 4784; baseline 0.002 -42"><span class='ocrx_word' id='word_1_308' title='bbox 385 4669 582 4784; x_wconf 79' lang='lat' dir='ltr'><strong>Exemplum</strong></span> <span class='ocrx_word' id='word_1_309' title='bbox 609 4678 688 4769; x_wconf 84' lang='lat' dir='ltr'><strong>capi·</strong></span> <span class='ocrx_word' id='word_1_310' title='bbox 709 4685 820 4771; x_wconf 89' lang='lat' dir='ltr'><strong>potest</strong></span> <span class='ocrx_word' id='word_1_311' title='bbox 845 4677 878 4746; x_wconf 93' lang='lat' dir='ltr'><strong>in</strong></span> <span class='ocrx_word' id='word_1_312' title='bbox 905 4675 1006 4748; x_wconf 90' lang='lat' dir='ltr'><strong>rebus</strong></span> <span class='ocrx_word' id='word_1_313' title='bbox 1034 4674 1121 4769; x_wconf 89' lang='lat' dir='ltr'><strong>apud</strong></span> <span class='ocrx_word' id='word_1_314' title='bbox 1147 4696 1209 4746; x_wconf 89' lang='lat' dir='ltr'><strong>nos</strong></span> <span class='ocrx_word' id='word_1_315' title='bbox 1235 4673 1486 4766; x_wconf 86' lang='lat' dir='ltr'><strong>vulgatissimis.</strong></span> <span class='ocrx_word' id='word_1_316' title='bbox 1543 4674 1627 4747; x_wconf 87' lang='lat' dir='ltr'><strong>Sunt</strong></span> <span class='ocrx_word' id='word_1_317' title='bbox 1653 4673 1756 4748; x_wconf 86' lang='lat' dir='ltr'><strong>Reli·</strong></span> 
     </span>
     <span class='ocr_line' id='line_1_37' title="bbox 387 4787 1756 4887; baseline 0.005 -28"><span class='ocrx_word' id='word_1_318' title='bbox 387 4791 504 4877; x_wconf 87' lang='lat' dir='ltr'><strong>giosae</strong></span> <span class='ocrx_word' id='word_1_319' title='bbox 530 4787 674 4860; x_wconf 81' lang='lat' dir='ltr'><strong>familiae</strong></span> <span class='ocrx_word' id='word_1_320' title='bbox 701 4813 788 4887; x_wconf 90' lang='lat' dir='ltr'><strong>quae</strong></span> <span class='ocrx_word' id='word_1_321' title='bbox 815 4790 969 4864; x_wconf 90' lang='lat' dir='ltr'><strong>diversos</strong></span> <span class='ocrx_word' id='word_1_322' title='bbox 996 4794 1029 4863; x_wconf 90' lang='lat' dir='ltr'><strong>in</strong></span> <span class='ocrx_word' id='word_1_323' title='bbox 1047 4789 1153 4864; x_wconf 87' lang='lat' dir='ltr'><strong>Missa</strong></span> <span class='ocrx_word' id='word_1_324' title='bbox 1175 4788 1376 4863; x_wconf 88' lang='lat' dir='ltr'><strong>celebranda</strong></span> <span class='ocrx_word' id='word_1_325' title='bbox 1403 4815 1422 4862; x_wconf 94' lang='lat' dir='ltr'><strong>a</strong></span> <span class='ocrx_word' id='word_1_326' title='bbox 1451 4794 1614 4864; x_wconf 89' lang='lat' dir='ltr'><strong>communi</strong></span> <span class='ocrx_word' id='word_1_327' title='bbox 1630 4791 1756 4866; x_wconf 88' lang='lat' dir='ltr'><strong>Ordine</strong></span> 
     </span>
     <span class='ocr_line' id='line_1_38' title="bbox 386 4903 1756 5002; baseline 0.004 -29"><span class='ocrx_word' id='word_1_328' title='bbox 386 4903 417 4973; x_wconf 91' lang='lat' dir='ltr'><strong>in</strong></span> <span class='ocrx_word' id='word_1_329' title='bbox 443 4903 598 4976; x_wconf 87' lang='lat' dir='ltr'><strong>Ecclesia</strong></span> <span class='ocrx_word' id='word_1_330' title='bbox 625 4903 776 4978; x_wconf 88' lang='lat' dir='ltr'><strong>Romana</strong></span> <span class='ocrx_word' id='word_1_331' title='bbox 804 4917 943 5002; x_wconf 90' lang='lat' dir='ltr'><strong>recepto</strong></span> <span class='ocrx_word' id='word_1_332' title='bbox 970 4910 1053 4979; x_wconf 87' lang='lat' dir='ltr'><strong>ritus</strong></span> <span class='ocrx_word' id='word_1_333' title='bbox 1084 4904 1225 4996; x_wconf 91' lang='lat' dir='ltr'><strong>babent,</strong></span> <span class='ocrx_word' id='word_1_334' title='bbox 1260 4917 1296 4978; x_wconf 92' lang='lat' dir='ltr'><strong>ut</strong></span> <span class='ocrx_word' id='word_1_335' title='bbox 1333 4909 1420 4979; x_wconf 90' lang='lat' dir='ltr'><strong>inter</strong></span> <span class='ocrx_word' id='word_1_336' title='bbox 1452 4908 1535 4980; x_wconf 89' lang='lat' dir='ltr'><strong>alios</strong></span> <span class='ocrx_word' id='word_1_337' title='bbox 1568 4903 1756 4982; x_wconf 74' lang='lat' dir='ltr'><strong>cartusiam</strong></span> 
     </span>
    </p>
   </div>
   <div class='ocr_carea' id='block_1_4' title="bbox 388 5020 1758 5120">
    <p class='ocr_par' dir='ltr' id='par_1_6' title="bbox 388 5020 1758 5120">
     <span class='ocr_line' id='line_1_39' title="bbox 388 5020 1758 5120; baseline 0.006 -32"><span class='ocrx_word' id='word_1_338' title='bbox 388 5027 419 5089; x_wconf 90' lang='lat' dir='ltr'><strong>et</strong></span> <span class='ocrx_word' id='word_1_339' title='bbox 445 5020 670 5113; x_wconf 88' lang='lat' dir='ltr'><strong>Dominicaui,</strong></span> <span class='ocrx_word' id='word_1_340' title='bbox 696 5043 764 5094; x_wconf 94' lang='lat' dir='ltr'><strong>non</strong></span> <span class='ocrx_word' id='word_1_341' title='bbox 791 5023 880 5117; x_wconf 92' lang='lat' dir='ltr'><strong>quod</strong></span> <span class='ocrx_word' id='word_1_342' title='bbox 906 5025 1110 5096; x_wconf 86' lang='lat' dir='ltr'><strong>institutores</strong></span> <span class='ocrx_word' id='word_1_343' title='bbox 1137 5023 1312 5119; x_wconf 89' lang='lat' dir='ltr'><strong>quidquam</strong></span> <span class='ocrx_word' id='word_1_344' title='bbox 1340 5027 1560 5115; x_wconf 86' lang='lat' dir='ltr'><strong>mutaverint,</strong></span> <span class='ocrx_word' id='word_1_345' title='bbox 1588 5023 1648 5097; x_wconf 88' lang='lat' dir='ltr'><strong>sed</strong></span> <span class='ocrx_word' id='word_1_346' title='bbox 1668 5024 1758 5120; x_wconf 92' lang='lat' dir='ltr'><strong>quod</strong></span> 
     </span>
    </p>
   </div>
   <div class='ocr_carea' id='block_1_5' title="bbox 0 0 2409 6036">
    <p class='ocr_par' dir='ltr' id='par_1_7' title="bbox 0 0 2409 6036">
     <span class='ocr_line' id='line_1_40' title="bbox 0 0 2409 6036; baseline 0 0"><span class='ocrx_word' id='word_1_347' title='bbox 0 0 2409 6036; x_wconf 95' lang='lat' dir='ltr'><strong> </strong></span> 
     </span>
    </p>
   </div>
  </div>
 </body>
</html>
