4778 6034
485 549 536 625 nu
550 541 807 622 LITURGIARUM
823 537 1076 617 oruntntlutt
1094 532 1245 610 ORlOlllll
1262 532 1310 607 ΕΤ
1324 528 1572 608 notoncurt.
1637 521 1720 594 XIX

350 733 569 810 monumentis
596 737 756 826 apparat,
784 747 843 798 eas
870 722 1047 796 tradih'one
1074 730 1229 816 acceptus
1256 717 1320 789 buc
1345 737 1452 811 usque
1485 714 1721 800 conservavit3¹

350 873 418 924 nou
444 843 636 920 melioribus
664 840 839 916 substituit.

455 1011 613 1084 Osculum
638 1009 754 1103 pacis,
781 1015 816 1076 et
843 1006 1011 1076 orationes
1039 999 1162 1093 aliquot
1188 1007 1363 1092 antequam
1377 995 1490 1085 detur,
1517 1017 1725 1090 repraesen-
1739 1002 1860 1057 osculum
1879 1001 1958 1068 paen.

352 1137 420 1200 taut
447 1145 563 1199 omnes
581 1120 769 1195 Orientales
796 1118 986 1210 Liturgiae3
1014 1125 1048 1187 et
1072 1113 1151 1185 illud
1169 1113 1348 1186 secundum
1377 1133 1490 1183 earum
1520 1111 1724 1210 disciplinam

352 1245 486 1317 Actioui
513 1261 632 1315 sacrae
657 1237 822 1332 praemitti
849 1234 951 1306 solet:
979 1253 1054 1304 curn
1078 1230 1233 1302 Romano
1265 1230 1328 1297 ritu
1362 1249 1432 1321 pax
1464 1230 1621 1298 nonnisi
1649 1237 1725 1298 anta

356 1358 629 1433 communionem
656 1353 728 1422 duri
755 1345 891 1439 soleret,
914 1351 982 1440 jam
1010 1343 1053 1417 ab
1081 1354 1190 1416 aetate
1202 1343 1382 1415 innocentii
1399 1343 1424 1414 l.
1469 1341 1538 1413 Sed
1557 1364 1622 1436 quo
1649 1341 1725 1414 loco

355 1475 449 1545 detur
477 1467 626 1543 osculum
652 1467 767 1561 pacis,
793 1485 911 1558 parum
936 1459 1049 1533 refert.
1103 1459 1266 1532 Servatur
1291 1457 1370 1529 illud
1393 1459 1571 1528 atiaumum
1585 1459 1618 1527 iu
1636 1455 1726 1528 Mis-

355 1589 402 1659 sis
435 1583 648 1658 solennibus:
688 1584 722 1651 iu
758 1579 896 1652 Oriente
932 1598 1067 1672 semper
1099 1575 1211 1646 datur:
1245 1573 1446 1646 sustulerunt
1487 1571 1566 1644 illud
1601 1571 1726 1644 Prote-

355 1711 497 1790 stantes,
525 1699 675 1793 manuvis
703 1694 745 1766 ab
778 1697 853 1788 ipso
880 1690 1047 1788 Apostolo
1074 1691 1179 1764 Paulo
1213 1693 1311 1762 toties
1345 1688 1630 1777 commendatum,
1664 1709 1728 1781 qua

354 1819 483 1888 ratione
510 1813 751 1908 superstitionis
778 1807 857 1879 illud
884 1830 1061 1897 accusare,
1087 1809 1211 1880 necin
1238 1804 1459 1878 Orientalibus
1485 1827 1549 1876 nec
1577 1808 1609 1875 in
1625 1803 1726 1874 Lati·
1860 1839 1862 1844 ·

355 1936 407 2005 uis
432 1939 581 2027 possunt

460 2103 630 2179 Praelatio
658 2124 743 2196 quae
768 2103 890 2172 initium
926 2099 1129 2194 Anaphorae
1164 2101 1300 2194 proprie
1331 2098 1438 2169 dictae
1472 2099 1546 2170 sive
1582 2096 1728 2172 Cononis
1743 2109 1880 2164 Praelatio.

357 2236 426 2315 est,
452 2225 487 2294 iu
514 2217 664 2292 omnibus
692 2219 927 2311 cujuscumque
952 2217 1034 2288 ritus
1061 2223 1117 2285 aut
1141 2214 1275 2308 liuguae
1307 2214 1466 2306 Litmgiis
1497 2223 1605 2303 extat3
1641 2213 1730 2286 nude

356 2342 474 2413 merito
500 2357 574 2408 eum
599 2332 788 2425 Anglicuua
812 2331 968 2404 Ecclesia
993 2333 1134 2404 retinuit.
1187 2329 1271 2402 Eam
1299 2340 1415 2426 aperte
1441 2329 1595 2422 designat
1620 2329 1731 2402 Justi-

355 2478 418 2528 nus
450 2453 582 2545 llartpr
615 2451 798 2541 gratiarum
834 2447 961 2521 scilicet
996 2449 1161 2518 actionem
1195 2455 1391 2541 perpetuam
1430 2445 1473 2516 ad
1506 2446 1636 2532 Deum,
1667 2465 1730 2540 pro

357 2567 509 2642 omnibus
536 2567 608 2656 ejus
626 2585 709 2655 erga
723 2562 898 2634 humanum
917 2583 1024 2654 genus
1039 2560 1227 2653 beneficiis,
1254 2563 1469 2652 creationem,
1494 2563 1730 2633 iustitutionem

356 2707 418 2780 per
443 2683 557 2773 legem
584 2688 618 2749 et
643 2677 847 2772 Prophetas,
875 2677 1007 2749 tandem
1035 2676 1290 2750 Redcmtionem
1316 2699 1377 2772 per
1408 2677 1526 2750 Jesunr
1553 2675 1732 2764 Christum,

358 2802 451 2891 ouius
480 2794 633 2870 salutaris
668 2793 872 2888 dispensatio
905 2801 1201 2883 commemoratur;
1234 2793 1432 2888 tmrdemque
1462 2796 1656 2889 pervenitur
1691 2791 1733 2864 ad

357 2914 595 2987 institutionem
622 2909 829 2981 Sacramenti
854 2909 1102 2998 Eucharistiae,
1130 2931 1216 3004 quae
1244 2932 1290 2982 ex
1321 2907 1539 3000 Evangeliis,
1573 2908 1735 3003 simulque

357 3031 443 3102 illius
470 3047 568 3099 sacra
593 3021 700 3096 verba
734 3045 835 3119 super
870 3023 981 3096 oblata
1018 3025 1105 3096 dona
1139 3029 1329 3096 recitantur.
1384 3024 1491 3098 Obvia
1527 3035 1602 3097 sunt
1633 3027 1734 3096 testi-

359 3146 471 3216 monie
499 3149 688 3213 sanctorum
714 3137 849 3210 Petrum
876 3143 931 3233 qui
957 3139 1042 3210 hanc
1069 3142 1254 3218 orationem
1280 3141 1473 3234 designant3
1501 3151 1536 3212 ιιι
1549 3145 1635 3212 iuter
1649 3139 1733 3212 alios

363 3259 571 3354 Cyprianus,
597 3251 827 3344 Augustinus,
854 3254 1135 3350 chrysostomus,
1169 3277 1285 3328 omnes
1312 3256 1464 3347 undem,
1495 3277 1634 3352 quorum
1667 3255 1734 3327 ali-
1749 3269 1909 3337 uentum.
1924 3271 1972 3322 ca.
1985 3268 2058 3321 ero.

361 3395 459 3468 (mam
493 3370 594 3442 multa
622 3366 724 3440 refert
752 3367 936 3443 Cardinahs
964 3371 1078 3461 Boua,
1115 3380 1148 3442 et
1179 3380 1314 3446 autores
1348 3393 1459 3444 rerum
1492 3372 1736 3464 [liturgicarum

360 3490 455 3560 varii.
508 3484 593 3556 Sunt
617 3505 720 3579 porro
748 3486 780 3555 in
807 3483 935 3557 Latinis
962 3485 1151 3558 blissalibus
1178 3485 1409 3559 Praelationes
1432 3487 1574 3578 multae,
1600 3509 1675 3560 curn
1702 3491 1738 3559 in

362 3601 555 3688 Gallicano,
583 3598 782 3688 Gelasiauo,
810 3599 952 3672 Gothico
963 3599 1233 3690 „Mosarabicm
1259 3600 1505 3692 Ambrosiano,
1533 3606 1610 3697 quin
1638 3605 1738 3675 etiam

363 3717 594 3811 Gregoriauo,
621 3737 689 3786 non
716 3714 815 3786 modo
842 3715 997 3788 infestis
1033 3716 1245 3806 solennibus,
1280 3717 1340 3788 sed
1366 3720 1400 3789 in
1435 3717 1605 3806 omnibus,
1639 3727 1673 3788 et
1705 3719 1737 3788 iu

363 3830 500 3925 siugulis
526 3830 710 3902 Dominicis
737 3831 925 3923 singulares
951 3829 1183 3904 Praelationes
1210 3843 1397 3906 occurrant.
1449 3832 1498 3903 Ita
1535 3855 1667 3928 quoque
1703 3835 1737 3904 iu

365 3949 504 4020 Graecis
538 3955 572 4016 et
606 3944 829 4018 Orientalibus
855 3945 1015 4039 Liturgiis
1042 3969 1108 4020 uon
1134 3970 1199 4019 una
1226 3959 1260 4022 et
1286 3948 1404 4021 eadam
1430 3948 1558 4021 illarum
1586 3948 1737 4044 disposi-

363 4068 407 4136 tio
442 4071 504 4135 est.
564 4059 637 4133 Una
673 4060 805 4156 quidem
837 4063 976 4154 singulis
1011 4067 1146 4161 propria
1181 4075 1250 4136 est:
1284 4067 1327 4136 ita
1361 4075 1396 4136 ιιι
1432 4064 1552 4137 Jacobi
1584 4063 1737 4156 Liturgia

364 4199 456 4248 suam
482 4173 625 4265 habeat,
662 4198 741 4250 suas
767 4176 883 4248 Basilii
911 4175 1209 4276 Chrysostom'ique
1241 4181 1422 4273 Liturgiae.
1475 4181 1523 4252 At
1558 4178 1738 4252 secuudum

363 4292 521 4382 Latinos,
547 4293 628 4364 ritus
657 4290 862 4380 Gallicanus,
889 4291 1080 4388 Romanus,
1108 4295 1287 4386 Gothicae,
1312 4295 1576 4384 Ambrosianus,
1610 4303 1644 4366 et
1671 4293 1740 4387 alii,

364 4407 476 4502 plures
502 4404 734 4480 Praefaticnes
768 4420 1029 4504 repraesentant.
1083 4411 1211 4486 Sensus
1244 4423 1356 4484 tamen
1392 4435 1526 4508 semper
1559 4410 1645 4481 idem
1673 4421 1738 4503 est,

362 4527 396 4595 in
421 4532 471 4596 tot
496 4523 640 4596 (liversis
666 4523 741 4594 Deo
768 4528 894 4616 gratias
922 4527 1043 4620 agendi
1068 4527 1241 4620 formulis,
1269 4551 1354 4623 quae
1376 4549 1492 4601 omnes
1515 4527 1639 4622 hymno
1655 4528 1738 4599 An-

366 4639 475 4730 gelico
492 4639 655 4726 Sanctus,
680 4639 928 4714 concluduntur.
980 4646 1028 4716 At
1055 4645 1140 4717 illius
1156 4641 1373 4738 Doxologiae
1400 4666 1486 4740 quae
1506 4645 1645 4714 extatin
1672 4665 1737 4714 sa-

367 4758 432 4828 cris
459 4755 579 4844 literis,
607 4764 697 4826 tantu
724 4766 776 4829 cst
802 4761 999 4854 antiquitas,
1025 4771 1061 4832 ut
1086 4763 1176 4833 initia
1189 4760 1365 4833 Ecclesiae
1393 4759 1594 4832 antecedere
1613 4758 1738 4830 videa-

368 4879 436 4958 tru,
469 4891 543 4940 cum
576 4872 763 4964 reperiatur
798 4875 831 4944 iu
863 4877 1003 4947 vetustis
1036 4875 1240 4950 Iudaicarum
1276 4880 1463 4951 orationum
1498 4874 1611 4966 libris,
1646 4873 1734 4944 urrde

367 4984 522 5058 fortassis
548 4988 645 5079 primi
673 4982 848 5059 Christiani
875 4989 964 5061 illam
992 4990 1235 5065 transtulerunt.

1479 5108 1534 5181 3.
