4670 6046
562 694 614 768 m
634 671 841 770 rrrmouu
857 690 1049 769 coruom
1063 693 1092 770 s.
1108 693 1252 770 cisun
1405 769 1411 776 ,
1518 698 1593 771 aaa

227 881 325 944 ctione
347 886 506 959 receptum
528 885 591 956 est,
615 886 647 940 ut
671 877 835 941 secundum
856 879 958 940 varios
980 876 1049 942 illos
1071 879 1147 942 ritus
1171 882 1337 943 communio
1353 880 1593 961 distribueretur,

227 980 340 1042 idcirco
363 995 463 1059 neque
486 976 538 1040 ubi
560 976 639 1039 calix
661 977 815 1058 praebitus
840 985 904 1055 cst,
928 984 980 1038 aut
1000 976 1051 1038 ubi
1076 977 1174 1042 solum
1202 978 1360 1057 cochlear,
1389 988 1440 1043 aut
1466 981 1517 1043 ubi
1543 981 1595 1041 in-

228 1081 337 1142 tinctae
358 1074 543 1158 particulae,
567 1075 663 1159 magis
686 1077 857 1139 autminus
880 1075 1040 1157 quidquam
1063 1079 1219 1158 accepisse
1242 1081 1494 1142 communicantes
1525 1082 1594 1142 exi-

228 1179 433 1243 stimaverunt.
726 1259 728 1266 y

313 1277 347 1339 ln
379 1275 524 1358 Syrorum
553 1273 755 1338 Jacobitarum
784 1273 999 1338 Nomocanone
1035 1281 1162 1355 utroquo
1201 1274 1355 1357 disciplina
1392 1277 1596 1342 indifferenter
1642 1279 1765 1346 Syrorum
1784 1279 1919 1348 dnciptim

229 1376 453 1460 praescribitur.
478 1375 523 1437 De
544 1373 766 1436 Ecclesiasticis
789 1374 927 1457 quidem,
950 1375 1126 1456 praesertim
1151 1373 1188 1436 ad
1210 1374 1357 1456 altarem
1379 1378 1444 1458 ipsa
1461 1377 1596 1461 Liturgia
1609 1366 1677 1416 ⁰³¹oe
1691 1367 1900 1418 commonionem.

228 1476 470 1540 ministrantibus.
493 1474 542 1550 lli,
564 1475 660 1554 inquit
683 1472 881 1550 Constitutia,
905 1475 1031 1536 calicem
1053 1474 1167 1549 bibent,
1191 1473 1305 1554 sibique
1333 1477 1462 1538 invicem
1489 1477 1597 1540 biben-

229 1579 299 1641 dum
317 1575 522 1657 praebebunt,
541 1581 650 1653 pastea
672 1573 889 1636 saemtlaribus.
913 1572 1075 1634 Sacerdoti
1096 1580 1196 1634 auimo
1216 1591 1276 1635 non
1306 1575 1376 1636 licet
1400 1575 1512 1656 absque
1539 1596 1598 1639 ca-

231 1678 288 1739 lice
310 1693 421 1754 empus
442 1679 579 1734 sanctum
604 1672 755 1746 tribuere;
778 1672 834 1733 sed
854 1674 884 1733 si
901 1672 972 1750 fieri
989 1678 1090 1750 potest
1111 1673 1175 1750 ipse
1193 1671 1279 1733 dabit
1292 1690 1420 1752 empus:
1441 1675 1599 1739 Diaconus

230 1795 303 1839 cero
331 1775 456 1836 calicem
482 1771 640 1833 bibendum
665 1770 839 1851 praebebit,
867 1771 948 1850 quod
975 1771 1104 1851 lepitime
1132 1777 1163 1832 et
1187 1771 1350 1833 secundum
1379 1791 1512 1836 canmws
1536 1777 1599 1855 fiet,

230 1888 296 1935 cum
315 1873 506 1953 praeceperit
524 1870 672 1932 Dominus
693 1871 726 1930 in
747 1869 825 1930 buna
846 1870 974 1931 modum.
999 1868 1085 1930 Edite
1109 1888 1149 1931 ex
1172 1887 1302 1949 corpore
1332 1889 1416 1949 meo,
1448 1881 1478 1935 et
1504 1873 1597 1937 bibite

229 1991 269 2035 ex
290 1972 437 2054 sanguine
459 1986 538 2035 mco.
561 1967 650 2043 Quod
670 1969 699 2029 si
719 1968 753 2029 id
771 1969 841 2046 peri
860 1987 921 2028 non
939 1973 1054 2046 potest,
1090 1985 1200 2047 corpus
1228 1969 1357 2048 intinpat
1383 1969 1536 2036 Sacerdos
1564 1977 1597 2034 in

230 2072 341 2146 calice,
363 2089 448 2150 quern
469 2068 626 2130 Diaconos
647 2066 759 2127 deuna
782 2073 874 2141 tenet,
906 2067 1196 2146 communionemque
1221 2068 1288 2142 det,
1315 2076 1349 2128 ut
1375 2070 1407 2129 in
1437 2067 1599 2132 Occidente

227 2169 331 2248 facere
352 2168 455 2231 saleru.
479 2166 568 2242 Ouad
588 2167 617 2227 si
636 2185 693 2227 nec
716 2165 789 2227 illud
808 2166 920 2243 poterit
941 2166 1099 2245 intinpere,
1128 2164 1166 2226 oh
1193 2167 1316 2227 nimiam
1339 2168 1443 2246 populi
1463 2171 1598 2232 multitu-

229 2269 337 2344 dinem,
360 2275 519 2348 antequam
540 2271 677 2344 separet,
700 2265 899 2344 marparitam
929 2265 1057 2343 intinpat
1083 2265 1115 2324 in
1145 2265 1240 2324 calice
1268 2272 1399 2344 tempore
1424 2266 1597 2347 fractionis,

230 2369 329 2430 etita
357 2369 408 2430 det
436 2366 685 2439 communionem,
713 2365 792 2425 siem
820 2364 851 2424 in
880 2360 1002 2423 Oriente
1032 2361 1161 2423 solemus
1185 2361 1301 2440 facere.
1354 2363 1469 2436 Quibus
1496 2366 1597 2429 verbis

230 2469 392 2551 perspicue
415 2463 618 2549 significatur,
641 2460 753 2526 nullum
776 2463 857 2524 circa
881 2461 1095 2523 communionis
1124 2461 1326 2542 integritatem
1356 2463 1516 2526 discrimen
1543 2483 1599 2527 re-

228 2569 343 2647 putari,
377 2567 441 2628 sive
479 2563 558 2626 calix
587 2562 734 2624 bibendus
764 2559 962 2643 praebeatur,
989 2560 1054 2622 sive
1084 2561 1207 2641 sanguis
1236 2559 1346 2624 Christi
1380 2582 1419 2625 ex
1448 2563 1600 2628 cochleari

231 2671 382 2743 sumatur,
406 2665 470 2726 sive
494 2663 661 2726 communio
685 2661 807 2724 intincta
831 2660 927 2722 detur.
950 2658 1025 2720 Nam
1047 2658 1127 2739 quod
1150 2659 1179 2720 io
1210 2659 1266 2722 hac
1296 2659 1411 2742 Syriaci
1446 2661 1598 2727 Nomoca-

230 2765 318 2826 nonis
349 2763 562 2826 constitutione
592 2768 775 2823 memoratur
805 2757 1040 2821 occidentalium
1071 2757 1274 2836 consuetudo,
1303 2761 1361 2823 etsi
1404 2760 1441 2823 ad
1474 2765 1598 2845 proprie

231 2863 326 2926 dictos
349 2862 521 2926 Occidentis
543 2859 688 2942 populos,
718 2860 776 2921 boc
805 2866 852 2921 est
880 2858 1023 2938 Latinos,
1054 2856 1164 2920 relerri
1193 2869 1283 2938 queat
1312 2867 1404 2938 (nam
1434 2863 1512 2944 apud
1543 2879 1598 2925 eos

232 2962 391 3044 aliquando
415 2960 629 3024 communionis
651 2961 794 3021 intinctae
818 2976 891 3020 usus
913 2957 983 3036 luit,
1015 2956 1074 3019 etsi
1096 2975 1156 3019 non
1178 2957 1289 3040 ubique
1312 2967 1471 3042 receptus)
1500 2970 1599 3026 tamen

233 3062 269 3124 ad
293 3061 368 3124 alios
390 3060 499 3123 reterri
521 3057 711 3121 verisimilius
735 3065 796 3136 est,
827 3056 961 3120 Graecos
991 3056 1106 3119 scilicet
1136 3065 1225 3139 atque
1247 3059 1426 3142 Aegyptios.
1480 3062 1599 3144 Quippe

232 3181 272 3224 ex
295 3161 443 3224 communi
465 3178 549 3222 moro
572 3158 733 3240 loquendi,
756 3157 927 3220 Orientales
956 3158 1081 3239 proprie
1109 3156 1304 3237 dicebantur,
1334 3163 1385 3241 qui
1412 3164 1443 3224 in
1466 3162 1599 3226 Orientis

232 3259 437 3324 Patriarchatu
460 3267 546 3321 erant
569 3257 748 3334 Christiani,
771 3275 880 3338 nempe
902 3257 957 3319 suh
980 3253 1170 3318 Patriarchae
1186 3255 1364 3322 Antiocheoi
1379 3261 1599 3342 jurisdictione,

234 3362 284 3441 qui
307 3359 418 3422 idcirco
440 3358 555 3421 titulum
576 3358 681 3438 Papae
703 3357 845 3431 Orientis,
867 3357 1045 3438 praesertim
1068 3355 1146 3436 apud
1168 3355 1337 3434 innobiles,
1371 3359 1480 3423 habuit.
1526 3362 1601 3426 lllo-

233 3479 298 3523 rum
321 3461 411 3543 igitur
433 3458 676 3539 comparatione,
699 3456 750 3537 qui
773 3463 860 3519 extra
883 3456 1093 3537 amplissimam
1116 3453 1270 3518 dioecesin
1292 3457 1372 3520 illam
1402 3469 1503 3534 erant,
1536 3460 1601 3523 Oc-

235 3558 400 3622 cidentales
423 3557 623 3635 vocabantur,
647 3564 736 3636 atque
760 3556 799 3618 ita
823 3555 931 3624 Graeci
955 3561 986 3616 et
1008 3554 1168 3635 Aegyptii,
1199 3555 1274 3618 tales
1304 3565 1398 3621 erant.
1465 3559 1599 3622 Eisone

235 3659 312 3740 apud
342 3676 395 3720 eos
422 3659 519 3739 viguit
547 3657 712 3737 praecipue
743 3657 885 3717 intinctae
915 3656 1129 3718 communionis
1160 3673 1249 3733 usuS,
1278 3654 1354 3719 adeo
1383 3665 1416 3719 ut
1444 3676 1503 3720 non
1532 3659 1600 3739 alia,
1700 3699 1707 3706 ·

235 3757 412 3840 praesertim
435 3757 657 3849 ergathaicoS,
681 3755 865 3818 adhibeatur.
911 3754 944 3816 ln
971 3773 1006 3815 ea
1029 3757 1116 3818 etiam
1139 3755 1311 3836 praebenda
1335 3756 1547 3820 Sacerdotibus
1570 3764 1602 3819 et

236 3858 299 3921 aliis
322 3856 526 3919 Ecclesiastici
549 3855 687 3932 Ordinis,
711 3854 818 3936 quibus
840 3853 933 3935 vulgo
956 3853 1033 3916 calix
1056 3855 1158 3918 ollerri
1180 3856 1380 3938 praecipitur,
1409 3855 1520 3919 tontum
1544 3856 1602 3918 ab·

237 3954 288 4018 luit
316 3964 350 4018 ut
376 3957 477 4018 calicis
507 3973 580 4018 usus
610 3953 647 4016 ad
670 3955 830 4018 essentiam
860 3953 1042 4017 sacramenti
1072 3957 1225 4037 pertinere
1250 3955 1403 4036 judicatus
1433 3955 1539 4034 luerit,
1568 3963 1601 4018 ut

236 4055 480 4136 quemadmodum
501 4061 585 4135 patet
612 4073 651 4115 ex
680 4052 786 4115 eodem
815 4053 1044 4131 Nomocanonc,
1074 4055 1223 4118 cochleari
1252 4072 1343 4135 posse
1373 4055 1431 4136 ipsi
1460 4057 1602 4138 praeberi

236 4155 411 4236 sanguinem
434 4153 559 4228 Christi,
583 4153 784 4234 perscriptum
806 4155 983 4234 reperiatur.
1027 4154 1208 4217 Sacerdotes
1231 4162 1260 4215 et
1271 4153 1427 4217 Diaconos
1449 4157 1603 4219 canthari

237 4253 465 4316 communicabit
485 4253 655 4328 Sacerdos,
678 4253 726 4312 cel
745 4251 920 4332 Episcopus.

321 4353 406 4426 Quae
429 4359 597 4433 sequuntur
619 4357 714 4413 sumta
737 4370 776 4412 ex
807 4349 940 4430 ejusdem
971 4351 1119 4414 Gabrielis
1149 4351 1271 4430 hiladi,
1301 4351 1416 4433 reliqua
1447 4352 1483 4415 ad
1512 4355 1600 4416 ritum
1665 4364 1789 4435 Reliquae
1808 4381 1926 4418 eommu-

236 4452 449 4514 communionis
471 4451 637 4532 spectantia
660 4448 827 4514 absolvunt.
850 4450 887 4511 Si
906 4451 1061 4513 Sacerdos
1082 4452 1174 4514 alium
1195 4454 1383 4513 assistentem
1406 4452 1466 4514 sihi
1482 4452 1599 4516 Sacer-
1612 4453 1698 4504 utonis
1716 4453 1901 4505 merchenlae.

235 4553 333 4613 mtem
354 4550 509 4627 babuerit,
532 4553 766 4613 communionem
788 4549 874 4611 dabit
895 4552 924 4612 ei
946 4551 1119 4628 celebrans,
1146 4559 1304 4631 posternam
1331 4553 1395 4630 ipse
1417 4571 1483 4613 eam
1507 4571 1601 4615 acae-

231 4651 321 4728 perit.
343 4649 466 4712 Scilicet
487 4650 643 4712 celebrans
661 4656 754 4728 pmret
773 4651 992 4728 marparitam,
1023 4669 1076 4711 seu
1100 4650 1296 4730 particulam,
1317 4658 1539 4728 consecratam,
1570 4655 1602 4714 in

235 4766 327 4810 manu
349 4749 474 4811 alterius
495 4749 686 4824 Sacerdotis,
710 4755 764 4810 aut
784 4751 815 4810 in
838 4749 1009 4810 cochleari:
1033 4757 1064 4811 et
1083 4752 1230 4811 assistens
1251 4750 1333 4811 iliam
1355 4751 1394 4812 ab
1417 4771 1453 4813 eo
1474 4753 1520 4814 ita
1542 4771 1601 4814 ac-

236 4849 333 4927 cipiet.
357 4847 439 4910 ldem
460 4851 606 4911 assistens
627 4849 758 4927 accipiet
778 4847 948 4927 mappulam
969 4848 1098 4927 desuper
1118 4850 1230 4925 calice,
1253 4857 1401 4929 ponetque
1423 4839 1489 4911 eam
1511 4871 1603 4930 super

236 4966 355 5009 manum
386 4947 579 5024 aebbramis,
610 4955 639 5009 et
663 4947 822 5026 praebebit
850 4947 880 5008 ei
908 4947 1047 5021 adiano,
1078 4967 1118 5008 ea
1146 4965 1204 5027 pua
1234 4967 1301 5010 cum
1330 4952 1602 5026 communicaverit,

237 5049 393 5108 assistenti
418 5047 580 5108 Sacerdoti
601 5045 760 5126 praebebit
784 5047 882 5123 illurm
915 5052 946 5106 et
976 5064 1043 5107 cum
1073 5064 1108 5107 eo
1137 5047 1255 5126 reliqua
1279 5049 1432 5127 perficiet,
1467 5048 1525 5111 hoc
1555 5057 1603 5111 est

240 5145 436 5208 Sacerdotum
456 5145 718 5227 reliquorumque,
754 5145 806 5227 qui
834 5143 915 5206 circa
944 5143 1038 5208 altare
1067 5152 1135 5207 sunt
1157 5144 1438 5210 Ecclesiasticorum
1467 5167 1603 5212 commu-
