4680 6044
617 631 669 707 lo
694 630 900 710 blTUllOlAbl
918 630 1112 710 OOPTIOAM
1131 634 1162 712 S.
1179 567 1325 712 BASlLlI.
1582 637 1652 713 171

285 815 525 878 existimandum.
548 816 644 881 Poma
667 823 796 898 quantm
824 814 923 879 honor
953 815 1152 881 sacramentis
1176 819 1339 899 deleratur,
1361 820 1432 884 hinc
1453 821 1524 886 licet
1546 817 1656 888 existiss

283 932 380 995 mare,
405 915 487 996 quod
515 932 577 978 non
598 914 687 978 modo
715 922 875 996 postquam
906 925 1087 980 consecrata·
1117 937 1225 981 novam
1254 919 1430 1004 dignitatem
1458 932 1654 1002 acceperunt,

283 1015 452 1078 sedetiam
476 1032 536 1096 quo
559 1023 709 1079 momento
737 1015 885 1078 destinata
914 1024 983 1079 sunt
1012 1018 1161 1081 sacrilieio
1183 1018 1403 1095 Eucharistiae,
1427 1023 1526 1084 statim
1548 1039 1654 1085 omnes

282 1113 336 1176 illa
359 1114 486 1197 speciali
509 1115 636 1195 quodam
660 1114 753 1192 cultu,
776 1122 808 1177 et
821 1115 927 1196 maJ'ori
943 1134 1031 1196 quam
1054 1125 1101 1180 est
1115 1118 1285 1202 imaginum,
1307 1130 1545 1202 prosequuntur.
1568 1120 1654 1185 Unde

281 1217 315 1278 in
337 1214 465 1277 historia
486 1214 701 1278 Ecclesiastica
722 1212 929 1276 Alexandrina
953 1233 1057 1278 eorum
1072 1225 1142 1280 ante
1158 1220 1416 1282 consecrationem
1435 1219 1562 1301 prolana
1575 1239 1655 1284 oon-

281 1313 414 1378 culcatio
443 1313 563 1394 piaculo
597 1313 705 1396 mandi
732 1320 922 1394 accensetur,
952 1321 985 1378 ut
1015 1322 1133 1378 constat
1162 1318 1301 1399 exemplo
1329 1319 1482 1400 cujusdam
1510 1321 1654 1402 Episcopi

281 1415 380 1493 Sacc,
411 1415 462 1495 qui
485 1430 552 1475 cum
574 1409 697 1496 Δῶρον,
727 1410 786 1474 hoc
810 1421 856 1475 est
879 1412 1009 1476 oblatam
1027 1415 1089 1496 jam
1113 1415 1199 1478 altari
1221 1415 1332 1480 illatam
1353 1417 1499 1502 fregisset
1521 1428 1551 1482 et
1575 1439 1654 1484 con-

280 1515 445 1592 culcassei,
469 1512 623 1594 depositus
645 1522 700 1577 est.

346 1613 431 1676 'Ubi
459 1631 531 1674 cero
559 1613 602 1674 od
628 1613 725 1675 altare
752 1611 843 1675 rediit
870 1611 1039 1689 Sacerdos,
1069 1615 1172 1676 omnia
1201 1634 1295 1678 saera
1322 1635 1402 1678 oasa
1427 1618 1536 1680 altana
1562 1637 1654 1682 amau
1700 1637 1803 1692 lituum
1817 1644 1979 1710 aquensium

279 1712 445 1788 tractabit,
473 1719 507 1774 ut
535 1718 619 1774 notat
649 1708 785 1790 Gabriel,
824 1714 1038 1792 cmudtuetpue
1064 1714 1180 1776 ducam
1208 1717 1240 1776 in
1267 1717 1334 1778 loco
1362 1735 1435 1780 suo:
1470 1720 1595 1780 calicem
1621 1720 1654 1779 in
1667 1727 1793 1794 expositio
1808 1744 1840 1781 ex
1850 1725 1979 1783 Gabriele

278 1833 351 1888 mro,
375 1817 537 1892 postquam
563 1811 672 1872 solium
704 1829 758 1872 seu
784 1818 903 1889 partem
933 1811 1054 1873 labaim
1076 1814 1170 1875 abari
1190 1816 1349 1894 impositae
1377 1825 1530 1879 cantatus
1549 1816 1654 1896 fuerit,

277 1929 393 1993 nempe
415 1930 454 1974 ne
477 1912 593 1975 moveri
615 1918 665 1972 aut
693 1911 804 1972 edundi
831 1912 928 1990 possit
962 1911 1041 1975 calix
1071 1913 1103 1973 in
1131 1929 1168 1976 eo
1204 1913 1410 1978 collocandus.
1455 1915 1560 1997 quue
1587 1919 1654 1997 ipso

277 2014 351 2075 loco
372 2003 506 2088 λαβίδα,
529 2029 582 2072 seu
604 2011 745 2072 cochlear
764 2009 932 2085 collocabit,
954 2012 1112 2092 mappulas
1133 2031 1259 2093 quoque,
1282 2013 1346 2076 sive
1370 2031 1405 2075 aa
1429 2032 1506 2094 quae
1529 2015 1655 2079 dicimus

277 2113 487 2197 purificatoria
510 2113 611 2176 lintea.
655 2111 712 2174 llis
737 2112 873 2192 ponetis
901 2110 1037 2172 absolvet
1064 2113 1233 2173 maionem
1257 2115 1505 2192 praeparationis
1539 2122 1569 2176 et
1601 2133 1654 2177 se»

277 2222 428 2296 φοοοιοοη.
472 2213 543 2274 lum
565 2211 751 2274 osculabitur
773 2211 882 2286 aiore,
904 2212 1100 2291 respicietque
1121 2213 1164 2273 ad
1185 2210 1387 2291 Occidentalis,
1417 2221 1450 2276 ut
1476 2214 1569 2292 clipei
1591 2231 1655 2291 pa-

275 2333 350 2376 nem
372 2312 616 2375 Eucharisticnm
638 2331 692 2372 seu
718 2309 846 2391 Aprum,
875 2310 928 2389 qui
952 2317 999 2372 est
1019 2303 1113 2389 p‘onir
1138 2313 1362 2390 propositionis,
1390 2331 1476 2392 quem
1497 2313 1656 2392 dilipenter

276 2413 442 2492 expendet,
464 2432 534 2472 narn
557 2413 598 2472 sit
617 2407 722 2490 Apnas
743 2411 868 2490 iamper,
889 2427 1005 2483 menes,
1027 2408 1140 2489 absque
1161 2411 1245 2472 citio.
1266 2409 1308 2472 lit
1328 2412 1460 2490 accipiet
1479 2430 1546 2474 eum
1565 2418 1655 2490 post-

213 2545 223 2560 ·
276 2531 374 2594 meam
395 2512 440 2573 ito
461 2511 647 2590 expenderit,
670 2511 790 2589 ιςὶοοοοο
810 2526 952 2569 aversam
970 2515 1089 2587 partem
1108 2527 1211 2588 panno
1232 2510 1343 2572 mundo
1365 2511 1470 2572 leniter
1492 2510 1653 2592 obsterpet,

275 2609 470 2674 osculabitur
489 2629 565 2684 enm,
588 2607 802 2687 collocabitque
824 2607 866 2668 ad
887 2607 1027 2668 dextram
1049 2607 1158 2670 aliems
1167 2617 1296 2688 portent,
1310 2610 1376 2672 oelo
1398 2611 1514 2672 sericeo
1537 2617 1654 2673 tectum.

275 2709 467 2791 Explorabit
487 2727 603 2789 proque
622 2710 725 2769 einum
746 2725 787 2768 an
808 2714 890 2768 recte
910 2725 945 2768 se
970 2704 1091 2782 babeat,
1113 2727 1199 2788 quem
1220 2709 1253 2770 in
1279 2709 1368 2788 tinem
1395 2710 1504 2789 aliquis
1524 2728 1585 2770 non
1599 2712 1655 2788 je-

266 2813 381 2892 janeus,
405 2826 484 2872 coca
504 2826 596 2868 mann
618 2826 658 2868 ec
679 2825 716 2868 eo
736 2805 878 2887 pustabit.
927 2804 1032 2868 Vticam
1053 2807 1159 2886 quippe
1183 2807 1213 2868 si
1238 2826 1378 2888 soporem
1398 2815 1507 2884 mutat,
1537 2815 1655 2894 acetum

273 2912 330 2990 fit:
354 2906 465 2969 Oblata
487 2908 517 2969 si
536 2906 600 2967 alia
621 2925 682 2967 non
702 2907 873 2984 reperialm
885 2923 925 2965 es
945 2906 1125 2967 necessitate
1145 2902 1252 2986 offerri
1270 2914 1378 2987 potest,
1401 2908 1490 2969 modo
1511 2913 1655 2969 naturam

276 3026 371 3072 mom
391 3007 484 3086 panis
504 3024 565 3067 non
586 3006 731 3067 emmer-it.
774 3002 858 3066 Haec
885 3002 1018 3081 Gabriel,
1046 3003 1077 3065 in
1101 3003 1208 3084 quibus
1230 3006 1322 3069 multa
1344 3005 1552 3087 complectitur
1575 3025 1654 3086 quae

276 3124 346 3170 non
370 3105 477 3168 codem
499 3105 568 3168 loco
593 3111 622 3165 et
644 3110 780 3184 tempore
803 3103 891 3166 liunt:
915 3103 989 3164 Nam
1011 3109 1044 3164 ut
1068 3106 1269 3184 exsuperius
1292 3105 1380 3169 dictis
1403 3113 1496 3186 patet,
1520 3105 1557 3167 ad
1575 3106 1655 3168 Pro-

275 3203 384 3270 th'esin
406 3205 497 3268 tiebat
520 3204 758 3284 experimentum
781 3200 908 3266 Oblatas
931 3203 1059 3265 etvini:
1082 3202 1136 3264 sed
1159 3219 1227 3264 cum
1249 3203 1307 3266 alia
1330 3223 1399 3268 csse
1422 3205 1553 3286 potuerit
1575 3205 1654 3267 ratio

276 3304 488 3370 solemnissimi
516 3303 776 3369 caeremoniarum¹
800 3310 980 3383 apparatus,
1010 3309 1040 3363 et
1062 3304 1138 3364 ritus
1162 3303 1326 3382 quotidiani
1349 3305 1380 3366 in
1402 3304 1567 3368 minoribus
1589 3304 1655 3366 Ec·

276 3405 405 3483 clesiis,
432 3403 642 3484 complectitur
668 3402 745 3464 hacc
778 3402 886 3485 regula
917 3419 1123 3482 quaecumque
1153 3400 1190 3462 ab
1226 3401 1371 3466 Oratione
1399 3405 1653 3484 praeparationis,

275 3521 382 3586 usque
405 3502 442 3564 ad
465 3501 696 3574 collocationem
718 3501 801 3564 Disci
824 3509 854 3563 et
876 3500 987 3563 Calicis
1010 3501 1040 3562 in
1053 3499 1149 3576 altari,
1173 3500 1362 3564 observanda
1376 3510 1455 3567 sunt.
1479 3501 1545 3564 lam
1561 3503 1653 3583 igitur

276 3608 411 3686 apparet
434 3603 521 3686 origo
545 3601 732 3665 diversarum
754 3599 870 3664 illarum
892 3600 1070 3677 lectionum,
1098 3617 1173 3679 quas
1204 3601 1288 3663 initio
1315 3601 1402 3684 hujus
1430 3611 1520 3665 notae
1544 3601 1653 3664 retuli-

275 3720 357 3766 mus.
403 3701 496 3764 Recta
525 3710 555 3764 et
584 3701 706 3780 antiqua
736 3707 783 3762 est
812 3718 900 3780 quam
930 3697 1004 3762 Cod.
1034 3697 1150 3780 Regius
1181 3706 1212 3761 et
1233 3707 1338 3763 noster
1367 3701 1520 3780 exhibent,
1545 3699 1653 3764 Oratio

271 3803 469 3884 protheseos,
492 3809 542 3862 aut
565 3819 655 3881 super
671 3800 845 3879 pmtbesin;
867 3816 976 3881 nempe
1000 3798 1037 3861 ad
1059 3815 1192 3860 mensam
1215 3816 1270 3863 seu
1287 3799 1382 3862 altare
1395 3801 1502 3880 minus,
1525 3807 1558 3862 ut
1580 3799 1653 3862 illud

275 3907 403 3980 vocant,
428 3901 562 3980 quamvis
585 3900 759 3980 improprie,
784 3917 852 3962 cum
874 3900 903 3960 in
928 3917 965 3960 ea
987 3897 1168 3960 sacrificium
1189 3915 1251 3960 non
1274 3898 1427 3962 olleratur.
1466 3900 1550 3962 Tunc
1573 3901 1652 3962 enim

276 4003 393 4067 dicitur
414 3999 489 4062 haec
513 4001 621 4076 oratio,
644 4017 712 4062 cum
734 3998 860 4062 adeam
884 3997 1033 4062 Sacerdos
1057 3997 1185 4076 accedit,
1209 3997 1436 4082 odoranturque
1459 4000 1518 4081 ipsi
1540 3998 1653 4062 aDia-

276 4102 368 4167 conis
391 4099 477 4180 panis
507 4115 573 4161 cum
597 4098 692 4177 disco,
724 4107 754 4162 et
776 4099 876 4161 vinum
899 4101 930 4160 in
952 4097 1091 4179 ampulla,
1122 4115 1200 4178 quac
1228 4115 1294 4159 cum
1317 4099 1378 4162 illic
1400 4098 1589 4180 expenderit,
1614 4116 1651 4161 ea

276 4218 372 4284 quam
395 4199 609 4280 descripsimus
632 4216 752 4280 pompa,
776 4197 813 4261 ad
836 4198 930 4261 altare
954 4196 1139 4260 deteruntur.
1184 4196 1260 4269 Ouia
1282 4216 1356 4262 vero
1379 4189 1554 4286 Πρόθεοις
1571 4217 1651 4276 pro-

270 4298 654 4382 panamensignittcat,
685 4305 716 4361 et
743 4299 926 4372 liudonem
958 4297 1078 4360 Arabes
1105 4298 1289 4378 interpretes
1318 4316 1423 4361 vocem
1452 4298 1651 4360 adhibuerunt

274 4398 348 4462 usui
371 4398 472 4478 potins
495 4398 677 4478 quotidiano,
692 4397 777 4479 cujus
799 4403 893 4460 testes
917 4403 1018 4473 erant,
1041 4414 1128 4477 quam
1152 4398 1262 4478 origini
1283 4395 1416 4462 Graecae
1439 4396 1650 4460 accommoda-

274 4507 357 4576 tam,
388 4515 497 4578 nempe
518 4497 667 4560 illationis
688 4515 744 4561 seu
766 4496 947 4576 oblationis,
976 4499 1046 4579 quia
1068 4505 1139 4560 tunc
1161 4517 1179 4560 a
1200 4498 1337 4562 Prothesi
1359 4499 1397 4560 ad
1419 4499 1515 4560 altaro
1536 4515 1651 4580 proce-

275 4597 372 4662 debat
383 4597 544 4676 Sacerdos,
567 4605 598 4660 ct
620 4595 700 4660 dona
721 4595 879 4660 interebat.
900 4597 970 4659 Alia
992 4594 1121 4678 denique
1139 4597 1229 4661 lectio
1253 4616 1330 4677 quae
1348 4592 1527 4681 Προοίμιον
1548 4596 1649 4673 habet,

274 4698 379 4778 magis
402 4695 440 4758 ad
463 4696 615 4760 Orationis
636 4714 745 4778 genus,
769 4715 857 4777 quam
880 4695 918 4759 ad
940 4698 1037 4778 ipsum
1059 4697 1148 4760 ritum
1169 4695 1331 4760 referenda
1354 4704 1417 4759 est:
1440 4715 1515 4759 vere
1537 4697 1650 4779 quippe

274 4797 476 4880 prooemialis
499 4796 645 4878 quaedam
668 4795 772 4860 Oratio
795 4803 859 4873 est,
889 4804 958 4859 ante
981 4814 1034 4859 eas
1057 4796 1184 4860 dicenda
1207 4815 1285 4876 quae
1311 4797 1350 4886 ad
1371 4797 1551 4859 sacrificium
1573 4813 1650 4877 pro-

274 4898 349 4978 prie
372 4898 526 4977 pertinere
549 4895 722 4960 censendae
745 4903 823 4976 sunt,
848 4913 926 4977 quaa
943 4896 1031 4958 etiam
1053 4895 1179 4976 duplicis
1194 4895 1318 4980 generis
1341 4895 1550 4960 observantur.
1574 4892 1649 4956 Nam

278 5013 363 5078 quae
386 4995 424 5058 ad
441 4996 700 5063 consecrationem
717 4995 906 5060 eliciendam
927 5001 1074 5076 spectant,
1099 5002 1129 5058 et
1143 4997 1174 5059 in
1188 4995 1296 5076 qmbus
1318 4995 1368 5058 illa
1386 4995 1551 5077 praecipue
1572 5011 1650 5056 oon-

277 5095 378 5174 sistit‚
406 5094 475 5158 illac
504 5095 649 5178 incipiunt
675 5096 712 5159 ab
743 5114 781 5159 ea
806 5095 961 5179 Litargiae
989 5101 1077 5176 parte
1107 5114 1185 5176 quae
1207 5094 1425 5160 Praelationem
1452 5104 1484 5160 ct
1509 5094 1651 5177 hymnum
