4778 6034
547 615 598 692 nn
613 613 866 692 muranum
883 611 1134 692 cumulum
1151 613 1299 692 cuorus
1312 615 1360 691 un
1376 614 1624 692 coronulas
1661 611 1790 686 xuvn

413 795 519 874 'ierat
551 800 711 874 abnorme
743 800 786 872 de
817 798 932 874 basilii
966 797 1264 896 Gbrysostomique
1295 799 1453 893 Liturgiis
1483 799 1668 892 judicium?
1699 799 1790 876 lllius

435 915 598 991 Graecam
633 915 799 990 invidiose
832 923 1004 1012 comparat
1039 937 1113 988 oum
1155 939 1196 988 ea
1237 937 1335 1012 quam
1368 915 1427 990 sub
1464 916 1583 989 eodem
1617 916 1711 989 titudo
1744 939 1791 990 ex

432 1034 576 1142 Gyriaca
602 1034 714 1126 lingua
741 1053 941 1106 conversam
966 1031 1123 1105 Andreas
1142 1030 1270 1105 Masius
1298 1030 1418 1124 edidit,
1449 1035 1543 1124 cnjus
1569 1035 1790 1106 testimonium

434 1149 552 1242 refert,
576 1159 614 1222 ut
639 1148 795 1223 ostendat
818 1153 915 1221 istam
931 1147 1096 1238 Graecae,
1128 1155 1283 1241 tanquam
1301 1146 1535 1246 simpliciorem
1559 1157 1596 1218 et
1620 1151 1792 1222 veneto-

433 1288 525 1358 rem,
563 1265 688 1339 debere
713 1263 887 1361 praeferri.
935 1262 1148 1360 Quantopere
1173 1264 1318 1352 blasium
1337 1287 1396 1338 saa
1413 1266 1606 1356 conjectura
1626 1261 1794 1353 fefellerit,

433 1381 558 1455 etalio
585 1383 662 1455 loco
690 1379 844 1470 diximus,
871 1387 906 1451 et
929 1383 964 1452 in
985 1379 1239 1454 Commentariis
1266 1379 1308 1453 ad
1332 1379 1503 1472 Limrgias
1530 1379 1691 1476 Syriacas
1717 1382 1793 1451 sin-

432 1498 592 1592 gulariter
618 1517 835 1594 exponemus.
861 1496 951 1570 Inter
976 1496 1095 1569 multm
1122 1519 1204 1592 quas
1236 1494 1358 1568 babent
1383 1495 1475 1592 Syri,
1500 1494 1625 1568 Basilio
1659 1493 1793 1566 adscri-

431 1624 521 1711 ptam
547 1613 668 1686 nullam
695 1619 894 1705 agnoscunt,
918 1620 955 1683 ut
979 1621 1071 1707 patet
1096 1635 1142 1684 ex
1168 1612 1276 1686 multis
1313 1615 1459 1708 optimae
1483 1619 1585 1684 notae
1611 1609 1792 1684 codicibus.

430 1729 463 1802 Is
491 1751 589 1825 quem
614 1727 741 1800 Masius
767 1726 1016 1822 interpretando
1044 1737 1177 1802 secutus
1204 1736 1268 1819 est,
1296 1753 1316 1800 a
1343 1727 1486 1822 quodam
1514 1726 1645 1800 advena
1662 1726 1793 1799 Sacer·-

432 1845 510 1917 dote
536 1853 707 1940 acceptus,
732 1843 852 1933 nullas,
879 1865 962 1937 quas
988 1845 1062 1937 ipse
1087 1843 1271 1939 protulerit,
1298 1846 1498 1938 antiquitatis
1515 1844 1613 1915 notas
1639 1840 1793 1914 habebat.

429 1961 533 2054 lffi'tur
557 1981 625 2032 non
650 1959 773 2032 inustra
805 1961 968 2054 suspicari
997 1980 1174 2054 possumus
1200 1958 1288 2031 idem
1315 1959 1358 2031 de
1383 1963 1466 2050 ista,
1501 1955 1590 2053 quod
1624 1956 1666 2029 de
1700 1958 1792 2030 Petri

433 2075 563 2149 Graeca
588 2076 751 2167 tiurgia,
778 2095 862 2169 opus
888 2071 992 2147 luisse
1018 2073 1099 2170 Syri
1125 2077 1181 2170 qui
1216 2073 1358 2170 aliquam
1385 2074 1519 2147 alterius
1551 2073 1633 2144 titrdi
1666 2073 1792 2148 Basilio

431 2196 647 2288 inscripserit,
674 2200 708 2262 ct
732 2189 883 2262 fraudem
910 2188 1020 2262 blasio
1047 2188 1176 2282 iecerit,
1202 2194 1279 2263 viro
1306 2189 1512 2281 doctissimo,
1545 2189 1605 2264 sed
1631 2192 1666 2262 in
1691 2191 1793 2265 rebus

432 2307 646 2381 Orientalium
675 2304 923 2379 Ecclesiasticis
956 2327 1023 2378 non
1058 2310 1140 2381 satis
1174 2293 1377 2380 exercitato:
1412 2305 1536 2380 similes
1571 2309 1692 2402 quippe
1725 2327 1793 2378 co-

432 2424 523 2498 dices
558 2423 678 2497 multos
710 2423 853 2496 vidimus
888 2422 929 2495 ab
967 2421 1106 2496 advenis
1140 2421 1364 2496 Orientalibus
1397 2421 1491 2496 falsis
1526 2422 1793 2517 inscriptionibus

431 2549 577 2614 ornatos.
616 2539 796 2612 Praeterea
828 2561 896 2610 non
927 2541 1033 2612 miuus
1059 2537 1276 2612 hallucinatus
1304 2548 1356 2612 est
1381 2538 1508 2612 Masius
1542 2541 1576 2610 in
1609 2559 1794 2634 compara-

429 2659 520 2728 tione
548 2654 702 2727 Graecae
738 2676 812 2726 cum
838 2652 983 2751 Syriaca
1014 2653 1200 2747 Liturgiae,
1234 2655 1309 2726 dum
1335 2654 1534 2727 brevitatem
1572 2657 1667 2727 istius
1700 2657 1793 2724 anti-
1830 2659 1834 2670 ’

431 2775 562 2865 quitatis
588 2771 741 2842 indicium
769 2793 847 2842 esse
869 2769 1041 2862 judicavit
1088 2769 1174 2842 Nam
1201 2793 1298 2866 quam
1324 2773 1488 2864 integram
1512 2769 1618 2843 fuisse
1644 2769 1794 2860 credidit,

429 2886 579 2980 bituugia
605 2887 762 2984 Syriaca,
789 2885 831 2957 ab
859 2884 975 2958 osculo
1002 2889 1095 2981 pacis
1122 2890 1246 2982 incipit,
1273 2897 1372 2982 atque
1388 2886 1474 2959 adeo
1500 2885 1641 2958 mediam
1668 2894 1792 2959 tanbmr

428 3011 556 3099 partem
583 3001 683 3074 cilicii
708 3001 821 3090 babet,
848 2999 937 3096 quod
962 3004 996 3073 in
1022 3001 1154 3075 Graeca
1180 3007 1344 3095 integrum
1371 3013 1438 3076 est:
1466 3025 1553 3098 quae
1587 3005 1698 3074 omnia
1724 3001 1792 3074 Ri-

429 3129 509 3192 veto
536 3117 681 3191 inaudita
708 3126 812 3190 erant.

531 3234 713 3307 Praeterea
747 3255 821 3305 cum
857 3229 1022 3320 Graecam
1055 3233 1189 3324 Basilii,
1215 3243 1251 3306 ut
1282 3234 1420 3308 alteram
1456 3233 1690 3333 chrysostomi
1722 3237 1791 3306 im·
1821 3244 2005 3316 Argumentum
2022 3263 2052 3298 ex
2065 3265 2113 3300 νι-

428 3360 555 3449 pugnat
588 3373 634 3421 ex
666 3352 831 3422 varietate
862 3347 1120 3444 exemplarium,
1155 3349 1243 3422 idem
1274 3355 1407 3424 omnino
1440 3355 1627 3440 committit,
1662 3374 1703 3422 ac
1737 3351 1793 3444 qui
1806 3335 1896 3471 {¹:32⁹
1933 3333 2112 3403 ⁰¹⁹¹¹¹¹l⁸¹l¹l¹

430 3466 674 3559 Gregorianum
701 3464 886 3554 Ganonem,
913 3487 978 3559 quo
1004 3464 1110 3558 vulgo
1136 3469 1276 3557 utimur,
1309 3470 1515 3563 suppositum
1545 3465 1651 3539 brisse
1678 3465 1793 3558 vellet,
1880 3457 1887 3470 '

429 3583 519 3677 quod
557 3585 591 3653 in
623 3584 728 3653 variis
761 3580 931 3654 codicibus
968 3591 1158 3654 sanctorum
1183 3585 1338 3672 nomina,
1370 3582 1621 3679 Imperatorum,
1647 3583 1792 3677 Regum,

430 3710 486 3771 aut
509 3697 767 3793 Episcoporum,
794 3700 849 3792 qui
876 3699 984 3768 serius
1005 3700 1164 3768 vixerunt
1190 3700 1406 3793 reperiantur.
1433 3697 1581 3792 Utraque
1608 3697 1676 3788 illa,
1704 3699 1793 3794 quod

429 3826 526 3888 extra
554 3813 686 3886 dubium
713 3822 776 3902 est,
804 3822 980 3908 usurpatur
1006 3815 1039 3883 in
1067 3811 1197 3883 Graeca
1224 3812 1378 3886 Ecclesia
1406 3813 1448 3885 ab
1482 3817 1576 3887 annis
1603 3813 1676 3909 plus
1703 3814 1792 3888 mille

429 3927 595 4002 ducentis:
623 3939 723 4024 atque
748 3929 825 4000 inde
851 3931 1015 4019 originem
1041 3925 1226 3999 babuerunt
1257 3929 1353 4002 leves
1387 3930 1511 4024 aliquot
1537 3930 1792 4026 discrepantiae,

428 4046 462 4115 in
487 4043 644 4141 precibus
671 4047 944 4141 praeparatoriis,
972 4047 1086 4114 autin
1114 4044 1187 4118 aliis
1214 4045 1430 4120 orationibus.
1470 4045 1642 4133 Quaedam
1668 4069 1792 4122 exem-

428 4160 534 4256 plaria
562 4161 826 4234 caeremoniales
853 4161 1003 4233 rubricas
1029 4158 1167 4250 babent,
1192 4183 1278 4256 quae
1303 4165 1337 4233 in
1364 4163 1437 4237 aliis
1471 4185 1539 4236 non
1564 4168 1789 4259 reperiuntur:

429 4286 463 4348 at
489 4275 628 4369 alicujus
655 4280 811 4348 momenti
837 4275 1015 4350 discrimen
1040 4279 1075 4346 in
1103 4275 1167 4350 illis
1194 4279 1343 4373 partibus
1370 4301 1457 4374 quiae
1480 4278 1650 4352 Cononem
1672 4305 1791 4355 sacrae

430 4396 570 4465 actionis
597 4395 812 4481 constituunt,
837 4414 903 4465 uon
929 4395 1103 4488 reperitur.
1148 4392 1235 4479 Quid
1262 4397 1348 4466 euim
1376 4399 1404 4468 si
1431 4398 1464 4465 in
1489 4417 1617 4490 parum.
1634 4408 1790 4470 accurate

429 4511 586 4605 scriptum
621 4507 773 4580 codicem
805 4507 965 4581 Erasmus
998 4507 1122 4598 incidit,
1155 4520 1212 4581 aut
1241 4512 1271 4582 is
1307 4513 1362 4604 qui
1396 4514 1520 4605 primus
1558 4535 1633 4584 earn
1670 4511 1790 4586 Latine

427 4623 592 4698 transtulit
618 4623 683 4697 alio
709 4646 790 4698 usus
818 4623 897 4697 est?
923 4622 1000 4697 Nou
1027 4646 1073 4694 ex
1099 4623 1219 4698 talibus
1245 4625 1491 4720 exemplaribus
1523 4627 1688 4724 petendae
1715 4640 1790 4702 sunt

427 4737 542 4812 Basilii
569 4751 603 4812 et
629 4739 862 4837 Chrysostomi
879 4739 1063 4832 Libugiae,
1090 4737 1150 4812 sed
1171 4761 1217 4811 ex
1239 4737 1457 4833 Graecarum,
1484 4767 1570 4838 quae
1595 4743 1659 4819 illis
1685 4756 1789 4818 utun-

398 4866 497 4946 -tur,
538 4853 767 4930 Ecclesiarum
808 4857 996 4946 tabulariis3
1041 4877 1116 4926 cum
1150 4859 1213 4930 etsi
1252 4867 1444 4931 sanctorum
1484 4858 1615 4932 illorum
1656 4866 1789 4936 nomina

427 4969 636 5067 praeierant,
670 4971 847 5046 Ecclesiae
882 4995 1015 5069 quoque
1042 4967 1214 5062 Graecae,
1248 4995 1334 5068 quae
1366 4973 1432 5048 illis
1465 4974 1507 5048 ad
1540 4975 1656 5048 altaria
1689 4983 1789 5051 utitur

428 5091 624 5160 sententiam
652 5099 687 5163 et
712 5088 818 5163 verba
845 5094 1043 5164 contineant
1071 5087 1117 5159 At
1142 5109 1229 5184 quae
1243 5095 1425 5167 varietates
1452 5095 1636 5189 scripturae
1662 5096 1695 5166 in
1722 5113 1788 5165 oo-

1522 5207 1547 5278 4
1559 5207 1582 5251 ff
