4760 6038
694 389 746 461 22
1205 393 1567 470 LITURGIA

694 586 809 673 patres
841 586 876 650 et
904 579 1029 652 iratres
1060 581 1127 652 mei
1159 577 1304 652 absoluti
1337 601 1384 650 ex
1417 601 1479 651 ore
1512 601 1609 669 meo,
1644 603 1707 675 per
1740 578 1898 676 Spiritum
1925 589 2073 654 sanctum

694 703 802 785 urum,
828 716 850 766 o
875 693 967 767 bono
992 705 1027 767 et
1052 705 1182 767 amator
1207 693 1385 766 bominum.
1439 692 1534 768 Deus
1566 697 1622 789 qui
1654 695 1744 768 tollis
1777 705 1918 791 peccata
1952 700 2074 792 mundi,

693 815 857 906 praeveni
885 833 946 884 eos
973 813 1159 907 suscipiens
1185 813 1425 906 poenitentiam
1451 833 1630 883 servorum
1656 821 1785 882 tuorum
1808 811 1850 884 ab
1868 815 1961 909 ipsis,
1989 839 2075 912 quac

693 927 738 998 sit
762 925 873 998 lumen
900 926 941 998 ad
973 929 1219 1020 cognitionem,
1252 935 1287 997 et
1316 930 1470 998 remissio
1501 937 1716 1022 peccatorum
1751 937 1961 1020 nostrorum,
1998 933 2073 1026 quia

693 1049 730 1112 tu
754 1042 848 1115 Deus
874 1045 1052 1115 miserator
1078 1053 1112 1114 ct
1138 1043 1328 1114 misericors
1355 1065 1411 1132 es,
1437 1042 1637 1135 longanimis
1664 1053 1699 1114 et
1723 1039 1851 1142 {multae
1877 1047 2073 1118 misericor-

693 1155 789 1249 diae,
816 1167 851 1228 et
872 1160 991 1250 justus.
1045 1157 1083 1230 Si
1109 1161 1143 1228 in
1169 1167 1204 1229 te
1230 1160 1486 1254 peccaverimus
1520 1158 1629 1231 verbo
1658 1169 1714 1231 ant
1740 1181 1863 1255 opere,
1902 1183 2005 1255 paroc
2040 1170 2074 1232 et

692 1277 824 1345 remitte
848 1274 945 1346 nobis
973 1272 1063 1346 bone
1091 1285 1125 1346 et
1150 1285 1280 1345 amator
1305 1272 1482 1346 bominum.
1536 1273 1565 1347 0
1593 1275 1738 1348 Domine
1766 1273 1907 1347 absolve
1932 1299 2014 1368 nos,
2040 1287 2074 1349 et

692 1389 836 1484 populus
862 1399 938 1462 tuns
966 1388 1137 1463 absolutus
1165 1383 1217 1463 sit.

920 1647 988 1717 Hic
1014 1645 1190 1719 Sacerdos
1214 1649 1364 1716 meminit
1388 1649 1540 1717 oiaorwn
1567 1653 1603 1717 et
1626 1653 1842 1717 mortuoram

796 1850 984 1944 Memento,
1010 1851 1176 1938 Domine,
1202 1855 1315 1948 pacis,
1341 1855 1479 1942 unicac,
1506 1863 1661 1942 sanctae,
1690 1849 1885 1924 Catholicae
1909 1859 1945 1922 et
1968 1853 2070 1948 Apo-

561 2007 570 2026 ι
692 1963 832 2039 stolicae
858 1966 1052 2042 Ecclesiae:
1080 1969 1239 2042 confirma
1265 1965 1417 2039 inbono
1444 1967 1487 2039 ad
1514 1977 1699 2039 extremum
1733 1989 1839 2062 usque
1871 1970 1962 2039 vitae
1995 1971 2069 2063 spi-

691 2083 809 2173 ritum,
837 2095 871 2155 ct
897 2085 1025 2158 custodi
1052 2089 1086 2157 in
1112 2107 1198 2180 pace
1225 2106 1342 2156 omnes
1368 2084 1487 2157 Patres
1504 2094 1642 2157 nostros
1662 2081 1893 2172 Ortbodoxos,
1920 2082 2067 2179 Episco-

690 2217 776 2294 pos,
815 2198 1051 2292 Hegumenos,
1092 2199 1337 2297 Presbyteros,
1376 2188 1569 2291 Diaconos,
1603 2198 1854 2287 subdiaconos,
1894 2197 2069 2290 Lectores,

692 2312 877 2404 Canmres,
902 2314 1118 2405 Exorcistas,
1144 2313 1342 2407 Monachos,
1363 2315 1540 2408 Virgines,
1567 2315 1714 2406 Viduas,
1742 2313 1930 2410 Orphanos,
1945 2312 2067 2389 Conti-

689 2440 829 2521 nentes,
855 2429 998 2520 Laicos,
1024 2429 1175 2520 Servos,
1197 2429 1363 2522 Liberos,
1389 2449 1536 2527 peregre
1564 2432 1722 2505 absentes
1744 2439 1778 2501 et
1795 2429 1954 2526 populum
1972 2431 2066 2522 hujus

686 2543 772 2637 loci,
798 2555 864 2617 tam
891 2549 986 2620 viros
1013 2570 1111 2642 quam
1138 2547 1315 2636 mulieres,
1343 2569 1443 2620 senes
1470 2557 1505 2619 et
1527 2550 1690 2640 juvenes,
1716 2568 1845 2642 parvos
1862 2555 1896 2618 et
1914 2567 2066 2639 magnos,

687 2664 743 2756 qui
768 2672 955 2751 venemnt,
988 2666 1109 2758 quique
1139 2683 1208 2733 non
1239 2674 1421 2735 venerumt:
1456 2667 1511 2758 qni
1544 2664 1702 2736 dixerunt
1731 2660 1848 2752 nobis,
1882 2671 1919 2733 nt
1951 2683 2066 2734 eorum

685 2779 968 2869 meminissemus,
996 2780 1110 2872 etqui
1135 2799 1204 2850 non
1232 2778 1402 2852 dixerunt:
1431 2800 1515 2874 quos
1542 2783 1718 2868 novimus,
1744 2789 1778 2849 et
1810 2800 1895 2873 qnos
1921 2780 2065 2869 ignora-

684 2915 776 2964 mus:
805 2896 859 2988 qui
886 2894 964 2967 odio
990 2915 1075 2983 nos,
1102 2901 1136 2966 et
1163 2897 1220 2989 qui
1246 2917 1361 2968 amore
1392 2907 1646 2992 prosequuntur.
1698 2894 1809 2966 Vivos
1841 2894 1971 2968 custodi
2002 2916 2064 2990 per

684 3009 854 3101 Angelum
880 3013 996 3107 pacis,
1023 3017 1058 3082 et
1083 3019 1288 3082 mortuorum
1315 3014 1442 3083 animas
1468 3009 1524 3082 iac
1549 3010 1695 3082 Domine
1721 3013 1897 3106 quiescere
1932 3014 1966 3080 in
1993 3012 2064 3082 sinu

630 3169 641 3190 .
683 3123 820 3199 Patrum
844 3138 1035 3200 nostrorum
1062 3136 1253 3198 sanctorum
1279 3126 1471 3219 Abraham,
1497 3128 1596 3202 Isaac
1629 3138 1664 3202 et
1689 3123 1816 3216 Jacob,
1849 3128 1883 3196 in
1909 3125 2062 3221 paradiso

683 3242 877 3338 voluptatis.
929 3243 974 3316 Et
1000 3262 1117 3315 omnes
1145 3239 1352 3316 Christianos
1386 3242 1621 3334 Orthodoxos,
1657 3243 1699 3315 ab
1737 3251 1812 3314 ortu
1845 3239 1927 3314 solis
1960 3263 2064 3336 usquo

684 3356 728 3428 nl
754 3381 932 3450 occasum,
965 3369 999 3430 et
1032 3382 1052 3431 a
1086 3359 1206 3430 dextra
1237 3358 1280 3430 ad
1313 3362 1496 3450 sinistram,
1532 3359 1683 3452 singulos
1718 3357 1863 3429 Domine
1898 3377 2064 3430 conserva

682 3477 718 3546 in
744 3496 846 3570 pace:
873 3483 909 3547 et
933 3475 1154 3549 infirmitatem
1177 3497 1287 3547 meam
1315 3474 1412 3548 solve
1439 3475 1481 3548 ab
1510 3479 1600 3547 omni
1625 3483 1788 3570 peccato,
1816 3473 1971 3566 omnique
1985 3494 2062 3542 ma-

682 3590 822 3681 ledicto,
849 3594 938 3663 omni
964 3588 1189 3683 abnegatione
1215 3601 1250 3663 et
1275 3594 1442 3687 perjurio,
1470 3595 1626 3685 omnique
1653 3589 1803 3680 sbrltitia,
1839 3596 1907 3659 tarn
1936 3586 2062 3658 baere-

682 3709 843 3797 ticorum,
871 3731 969 3803 quam
981 3705 1206 3779 Ethnicorum.
1260 3702 1420 3780 Concede
1436 3707 1534 3780 nobis
1549 3705 1694 3778 Domine
1716 3701 1934 3792 intellectum,
1960 3700 2062 3774 robur

683 3831 718 3893 et
742 3822 1011 3915 intelligentiam,
1045 3833 1082 3895 ut
1109 3822 1276 3894 adfinem
1310 3843 1417 3918 usque
1443 3823 1608 3915 brgiamus
1642 3820 1685 3893 ab
1713 3822 1802 3892 omni
1835 3840 1873 3890 re
1907 3815 1995 3888 mala
2029 3819 2063 3888 in

683 3944 889 4034 oppositam,
917 3950 952 4012 ct
978 3940 1019 4012 da
1046 3939 1144 4012 nobis
1170 3939 1393 4012 olfaciamus
1421 3942 1687 4034 omnitempore
1714 3934 1748 4006 id
1776 3933 1864 4030 quod
1881 3933 1940 4006 tibi
1956 3953 2060 4005 acce-

682 4064 776 4149 ptum
816 4065 877 4128 cst
937 4054 1058 4129 Scribe
1096 4059 1231 4128 nomina
1265 4065 1381 4127 nostra
1416 4065 1491 4127 cuin
1526 4052 1678 4126 omnibns
1718 4051 1829 4124 choris
1863 4047 2060 4122 Sanctorum

681 4179 829 4261 tuorum,
855 4176 891 4243 in
916 4193 1025 4264 regno
1053 4170 1226 4244 coelomm
1251 4193 1313 4267 per
1344 4171 1460 4244 lesum
1496 4169 1662 4244 Christum
1693 4168 1871 4241 Dominum
1901 4173 2059 4239 nostrum.

783 4288 972 4360 Diaconos.
1027 4285 1111 4360 Cum
1137 4290 1258 4359 timore
1284 4286 1359 4360 Deo
1388 4285 1605 4359 attendamus.

374 4402 520 4482 Εἷιπατὴι
535 4413 615 4484 ἅγιοι,
631 4409 666 4475 εἷς
782 4404 935 4498 Populos
961 4406 1062 4478 dicet.
1115 4402 1209 4476 Unus
1236 4402 1338 4475 Pater
1364 4415 1509 4476 sanctus.

352 4494 408 4596 3²⁶³
425 4497 503 4566 “lm‘’
520 4499 548 4550 ἲν
563 4505 665 4570 ΜΨ
789 4520 855 4592 Ubi
880 4522 1059 4592 Diaconos
1085 4520 1226 4591 dicerit.
1255 4515 1338 4591 Cum
1366 4522 1498 4611 timore,
1525 4529 1592 4590 etc.

352 4601 476 4736 Ἤν,
783 4635 946 4729 Populos.
998 4636 1105 4733 Kyrie
1132 4636 1271 4709 cleison.

784 4748 959 4822 Sacerdos
986 4751 1114 4824 attollit
1145 4751 1359 4845 Despoticon
1391 4749 1546 4822 monibus
1570 4748 1732 4837 sablolio,
1769 4754 1804 4818 ct
1833 4746 1978 4818 inclinat
2009 4766 2056 4831 se,
2135 4793 2143 4807 .

680 4873 749 4938 tam
774 4865 899 4937 clamat
924 4867 999 4937 olto
1023 4888 1126 4957 noce,
1152 4867 1277 4941 Sancta
1304 4867 1447 4942 Sanctis.
1503 4867 1688 4959 Ornnesqne
1708 4863 1871 4958 epopnlo
1883 4861 2055 4956 prostrati
