4670 6046
722 585 799 659 240
1062 640 1064 646 η
1186 583 1615 663 COMMENTARIUS

722 771 849 854 intelligi
871 780 972 853 potest
994 770 1182 834 considerata
1211 770 1305 834 forma
1337 770 1502 834 oblatarum
1529 767 1742 845 Orientalium,
1770 784 1895 849 quarum
1922 765 2083 850 imaginem

723 867 805 932 dedit
826 870 873 932 vir
902 868 1092 934 Clarissimus
1113 870 1245 934 lacobus
1268 868 1441 934 Sirmondus
1469 868 1499 928 in
1529 866 1743 948 Dlsquisitionc
1773 866 1811 928 de
1833 866 1960 948 Azymo.
2011 864 2084 929 Sunt

724 971 801 1032 enim
823 968 892 1032 illae
914 977 1018 1032 sectae
1040 969 1276 1052 quodammodo,
1305 968 1404 1031 multis
1435 974 1465 1028 et
1494 967 1585 1028 variis
1609 973 1669 1028 tum
1692 965 1795 1042 linem,
1823 970 1885 1025 tum
1913 963 2082 1041 cruciculis,

723 1087 800 1148 quae
822 1069 904 1132 ferro
927 1070 1077 1150 impresso
1101 1070 1141 1132 lta
1163 1069 1327 1147 sulcantur,
1350 1073 1384 1130 at
1405 1064 1577 1129 totaoblata
1598 1063 1685 1128 facile
1708 1063 1807 1148 frangi
1819 1063 1925 1144 possit,
1949 1079 2082 1142 osquam

724 1165 845 1230 Gabriel
868 1168 1010 1232 describit
1031 1169 1158 1234 ratione.
1202 1168 1302 1232 bledla
1324 1174 1422 1229 autem
1444 1183 1515 1247 pars
1540 1183 1577 1228 ea
1599 1172 1645 1228 est
1667 1183 1744 1246 quae
1767 1163 1911 1246 majorem
1939 1169 1991 1224 aut
2011 1180 2083 1224 cru-

724 1283 799 1345 cem,
823 1274 873 1328 aut
895 1267 1019 1351 figuram
1040 1267 1148 1330 hahet:
1182 1285 1250 1330 nam
1272 1274 1399 1345 utraque
1420 1264 1537 1326 ratione
1559 1262 1735 1342 formantur,
1758 1270 1789 1326 et
1809 1263 1867 1326 nisi
1890 1261 2082 1325 vehementer

723 1367 865 1428 memoria
888 1385 943 1430 nos
967 1366 1050 1444 fallit,
1073 1383 1133 1429 non
1155 1365 1243 1428 modo
1266 1365 1375 1442 crucis,
1398 1364 1453 1427 sed
1475 1363 1552 1426 aliae
1571 1365 1660 1426 ctiam
1673 1363 1789 1446 figurae
1805 1360 1963 1443 aliquando
1976 1360 2080 1422 oblatis

723 1465 975 1544 imprimebantur.
1020 1464 1139 1545 Operae
1161 1465 1288 1545 pretium
1310 1464 1368 1526 erit
1390 1461 1522 1542 adjicere
1545 1479 1584 1524 ex
1606 1461 1770 1524 liitualibus
1790 1461 1913 1522 abarum
1926 1458 2081 1522 Ecclesia-

723 1581 789 1626 rum
804 1563 953 1644 pomario
970 1564 1090 1628 Fractio
1108 1571 1138 1626 et
1161 1561 1350 1647 consignatio
1368 1560 1447 1644 apud
1465 1559 1671 1640 Nestorianos,
1695 1568 1725 1622 et
1739 1559 1892 1623 Jacohitas
1908 1560 2001 1640 Syros
2017 1556 2081 1618 lieri

724 1662 830 1728 soleat.
853 1661 885 1724 ln
898 1663 1033 1746 liturgia
1046 1662 1236 1740 Nestoriana,
1259 1678 1336 1742 quae
1359 1667 1529 1722 sanctorum
1540 1658 1755 1741 Apostolorum
1777 1658 1894 1721 dicitur.
1925 1655 2083 1718 Osculatur

724 1761 879 1823 Sacerdos
899 1762 1027 1824 Matium
1049 1764 1080 1823 ia
1103 1762 1222 1824 modum
1245 1762 1362 1835 mucis,
1389 1761 1433 1822 ita
1455 1768 1564 1836 temera
1585 1768 1620 1821 ut
1640 1760 1682 1821 ud
1702 1759 1786 1820 iubis
1806 1776 1864 1820 neu
1884 1775 1946 1818 uon
1972 1755 2082 1834 adium-

701 1923 703 1928 .
724 1869 786 1942 qut,
808 1861 864 1922 sed
884 1879 951 1922 eam
972 1862 1062 1941 quasi
1082 1861 1236 1922 osculatam
1257 1867 1288 1921 et
1307 1860 1433 1938 sucipit
1452 1866 1579 1942 utraque
1601 1877 1708 1942 mursa:
1730 1857 1883 1920 tamdicit.
1906 1854 2083 1917 Accedimus

725 1956 852 2018 Domine
873 1979 938 2021 cum
958 1960 1018 2038 fide
1039 1977 1124 2035 cero,
1147 1967 1177 2020 et
1194 1957 1365 2038 frangimus
1387 1975 1454 2019 cum
1465 1957 1644 2020 Ortbodorsa
1658 1955 1855 2036 somessione,
1877 1956 2083 2034 agnumque

721 2074 780 2135 per
800 2058 1041 2119 misericordium
1062 2065 1154 2132 amm,
1177 2075 1287 2136 corpus
1308 2063 1338 2117 et
1350 2058 1525 2136 sanquinem
1534 2057 1657 2118 Domini
1676 2055 1751 2116 desa
1773 2053 1892 2129 Christi,
1914 2054 1997 2116 sitae
2017 2051 2084 2112 tar-

723 2155 840 2235 qr‘tora's,
862 2159 894 2218 in
914 2158 1034 2218 nomine
1053 2155 1160 2217 Patris
1181 2163 1210 2218 et
1228 2155 1299 2216 Filii
1317 2163 1347 2216 et
1367 2145 1498 2234 Spiritus
1519 2155 1627 2217 suncti.
1658 2155 1783 2234 Frangit
1803 2154 1932 2216 baetim
1953 2152 1986 2212 ira
2007 2151 2084 2213 daus

721 2261 839 2333 partes,
860 2255 1036 2335 deponitque
1054 2263 1187 2334 partem,
1211 2272 1300 2334 ptum
1321 2271 1412 2314 manu
1433 2255 1559 2316 sitisse
1580 2260 1667 2342 unet,
1689 2253 1722 2314 irs
1743 2253 1852 2314 odoris
1879 2245 2003 2325 menso,
2031 2250 2085 2324 ito,

724 2359 759 2413 at
776 2351 916 2432 fractura
939 2355 1002 2432 ejas
1022 2355 1169 2432 respiciat
1189 2370 1225 2413 os
1245 2351 1369 2414 calicis.-
1391 2351 1546 2433 sipraatque
1559 2358 1679 2433 partem
1700 2369 1788 2431 qurum
1810 2351 1921 2412 metra
1944 2355 2032 2423 mmet,
2054 2349 2086 2408 ia

726 2449 832 2525 catice,
854 2451 886 2510 ire
907 2469 965 2531 quo
986 2452 1135 2531 immergit
1156 2451 1272 2512 tertiam
1294 2451 1358 2528 ejus
1376 2455 1494 2528 purtem
1516 2458 1546 2512 et
1566 2451 1648 2512 dicit.
1701 2448 1843 2532 Signatur
1862 2448 1988 2530 sanguis
2010 2465 2086 2528 pre-

725 2550 820 2610 tiosus
851 2551 989 2630 corporis
1010 2549 1137 2626 vivifici,
1166 2547 1284 2612 Domini
1307 2549 1401 2612 nostri
1423 2547 1497 2612 lesu
1520 2548 1646 2627 Christi,
1675 2550 1706 2611 in
1733 2550 1854 2611 nomine
1883 2549 1997 2625 Patris,
2028 2554 2084 2608 etc.

725 2651 766 2712 Et
781 2659 891 2731 posteo
912 2669 952 2711 es
975 2649 1080 2711 eadem
1097 2649 1251 2728 porticula
1273 2650 1374 2728 sipont
1395 2667 1521 2728 corpus,
1550 2655 1580 2710 et
1601 2650 1684 2724 dicit,
1715 2646 1856 2730 Signatus
1878 2664 1991 2728 corpus
2013 2663 2087 2708 sao-

725 2758 804 2812 otum
825 2748 971 2832 sanguine
995 2747 1203 2828 propitiatorio
1224 2746 1344 2808 Domini
1364 2747 1461 2810 nostri
1481 2746 1554 2810 Jesu
1567 2745 1678 2810 Christi
1700 2746 1731 2808 io
1753 2748 1873 2811 nomine
1893 2747 2003 2824 Patris,
2026 2750 2084 2809 etc.

725 2849 796 2910 llam
810 2849 923 2927 accipit
939 2854 1057 2925 purtem
1079 2864 1156 2926 qaue
1176 2864 1268 2925 super
1288 2864 1394 2908 measa
1407 2854 1462 2922 est,
1484 2865 1576 2909 mnu
1596 2846 1732 2923 sehim
1755 2865 1878 2927 eampse
1899 2847 1990 2908 alteri
2004 2865 2086 2926 por·

723 2949 834 3010 ticulue
854 2949 899 3009 itu
921 2946 1081 3025 coafimpit,
1103 2947 1192 3025 quusi
1209 2945 1331 3023 [rueme
1350 2965 1412 3008 aon
1433 2953 1541 3022 essent,
1563 2953 1595 3008 et
1613 2946 1696 3010 dicit.
1742 2945 1909 3029 segregata
1939 2953 1971 3009 et
2000 2963 2083 3008 com-

724 3047 809 3108 mista
832 3053 901 3108 sant
921 3044 997 3107 haec
1019 3043 1163 3124 mysteria
1185 3061 1276 3106 uuum
1298 3063 1364 3106 cmo
1397 3044 1508 3109 altero:
1537 3045 1568 3107 in
1597 3044 1704 3126 quibus
1733 3045 1840 3107 ritibus
1869 3045 1989 3126 integra
2018 3062 2083 3107 cum

724 3144 858 3226 Copticis
886 3150 1011 3226 apparet
1041 3141 1242 3206 conformitas.
1297 3142 1331 3205 ln
1359 3144 1429 3234 Ritu
1460 3142 1655 3223 Maronitico,
1685 3145 1751 3207 sive
1779 3145 1879 3225 potius
1905 3144 2084 3208 Jacobitioo.

725 3243 898 3320 Credimus,
926 3241 1097 3324 affuimus,
1125 3242 1318 3322 ohsiqnumus
1350 3251 1380 3304 et
1404 3243 1573 3325 [mapinius
1600 3243 1826 3306 suldanum
1853 3245 1948 3322 hauc,
1976 3263 2085 3324 ponem

725 3345 891 3419 coelestem,
914 3361 1025 3421 corpus
1053 3341 1143 3404 Verbi
1162 3340 1221 3403 Dei
1240 3343 1313 3417 viai,
1335 3343 1367 3403 in
1389 3343 1485 3405 culice
1506 3344 1613 3405 saiada
1635 3350 1665 3405 et
1682 3344 1855 3424 gratior-aen
1875 3345 2016 3421 actionis,
2038 3347 2085 3406 si-

723 3462 852 3524 gnamus
859 3429 1044 3522 perfectione
1053 3442 1279 3520 propitiatoris,
1301 3441 1508 3523 mysteriisque
1526 3441 1893 3521 subtrahuspieaissimu,
1914 3444 1948 3503 io
1967 3445 2084 3506 nomiae

724 3543 840 3617 Petris,
862 3550 916 3604 ete.
961 3540 994 3602 ln
1017 3541 1082 3603 aliis
1105 3539 1258 3603 codicibus
1287 3559 1327 3602 ex
1355 3555 1392 3602 ea
1413 3538 1559 3620 particula
1588 3558 1666 3621 quae
1694 3542 1724 3602 in
1754 3540 1848 3604 calice
1877 3543 2000 3604 intincta
2027 3549 2083 3621 est,

725 3641 791 3704 lieri
813 3641 998 3721 praecipitur
1020 3639 1207 3720 consignatio
1237 3655 1329 3718 super
1356 3637 1429 3701 alias
1457 3646 1575 3719 partes,
1602 3637 1770 3720 diciturque
1797 3639 1899 3718 simul,
1927 3640 2084 3721 Spargitur

725 3741 850 3820 sanaris
870 3739 993 3800 Domird
1019 3739 1118 3800 naabi
1144 3738 1218 3800 Jesu
1246 3735 1359 3798 Christi
1384 3755 1476 3816 saper
1503 3757 1612 3818 corpas
1640 3742 1705 3818 ejus
1730 3747 1881 3816 scachos,
1910 3741 1943 3800 in
1968 3742 2084 3803 nomine

725 3839 838 3912 Patris,
860 3847 915 3902 etc.
959 3835 1060 3918 Atque
1081 3837 1129 3899 hic
1152 3844 1198 3899 est
1220 3836 1294 3900 ritus
1317 3854 1406 3917 quem
1434 3836 1571 3917 plerique
1600 3846 1710 3901 vocant
1738 3839 1994 3919 cmasiqrautioncm
2021 3837 2083 3900 sh—

725 3947 955 4014 crementorum,
977 3955 1085 4018 nempe
1107 3936 1177 4017 quia
1199 3943 1268 4017 post
1289 3935 1495 4014 Fractionem,
1518 3954 1557 3998 ex
1579 3937 1727 4018 particula
1750 3928 1928 4000 consecrata
1950 3939 2083 4021 signatur

725 4037 814 4116 calix,
838 4044 930 4099 etex
953 4035 1058 4099 eadem
1079 4037 1201 4098 intincta
1224 4037 1420 4119 consignatur
1449 4036 1534 4115 panis
1557 4043 1685 4099 mutatus
1707 4039 1738 4100 in
1761 4053 1872 4117 corpus
1895 4035 2024 4115 Christi,
2052 4044 2082 4099 ut

725 4137 765 4200 ita
788 4134 864 4199 duae
887 4136 1007 4217 specics
1031 4136 1259 4218 conjungantur,
1284 4142 1314 4198 et
1336 4136 1470 4214 quamvis
1493 4135 1623 4214 divisae,
1646 4137 1734 4200 anius
1757 4135 1952 4218 ejusdemque
1976 4136 2082 4200 Christi

726 4251 836 4317 carpus
859 4254 928 4298 esse
952 4242 983 4297 et
1004 4239 1190 4316 sanguinem,
1213 4253 1271 4316 per
1280 4233 1509 4297 Ecclesiasticus
1526 4237 1731 4298 caeremonias
1743 4236 1975 4300 demonstretur.
1998 4234 2082 4317 lpsae

727 4351 802 4418 quas
824 4332 974 4397 hocloco
997 4332 1135 4414 Coptitae
1158 4333 1331 4412 observant,
1354 4342 1385 4397 ct
1407 4353 1531 4416 quarum
1554 4333 1665 4397 similes
1681 4333 1791 4398 hahent
1804 4335 1961 4398 Ecclesiae
1974 4329 2084 4398 Orien-

726 4434 800 4498 tales
822 4451 919 4515 prope
943 4453 1057 4512 onanes,
1079 4450 1141 4496 non
1163 4451 1203 4496 err
1224 4433 1428 4496 communibus
1450 4431 1632 4496 Graecorum
1645 4434 1787 4517 liturgiis
1808 4434 1911 4498 Basilii
1933 4443 1963 4498 et
1985 4434 2083 4516 Chry·

728 4533 853 4598 sostomi
875 4541 1018 4614 acceptae
1048 4540 1134 4611 sunt,
1164 4533 1218 4596 sed
1248 4551 1287 4594 ex
1312 4533 1418 4595 Jacohi
1447 4551 1525 4614 quae
1553 4551 1619 4595 cum
1650 4534 1851 4613 antiquissima
1880 4537 1919 4596 sit
1947 4537 2083 4614 omnium,

727 4635 822 4716 magis
845 4634 876 4695 in
898 4632 1022 4696 Oriente
1042 4641 1212 4715 propagata
1235 4641 1291 4710 est,
1315 4651 1402 4714 quam
1426 4632 1511 4697 aliae.
1550 4633 1584 4695 ln
1607 4652 1643 4696 ea
1665 4635 1705 4696 ita
1726 4635 1913 4715 praecipitur
1934 4634 2084 4698 Sacerdm

725 4733 843 4813 frangit
858 4753 985 4813 moero,
1008 4733 1219 4813 dimidiumque
1240 4733 1369 4806 dectrm
1397 4734 1522 4794 amicho
1548 4751 1621 4796 cero
1650 4733 1805 4795 dimidiam
1830 4742 1925 4809 tenet,
1952 4741 1982 4796 et
2008 4733 2085 4814 quod

727 4839 807 4893 tenet
826 4851 917 4894 manu
938 4833 1048 4893 deutra
1068 4832 1216 4913 immergit
1234 4833 1267 4892 in
1289 4831 1412 4894 culicem
1434 4833 1546 4895 diceas.
1588 4831 1663 4894 Unio
1685 4833 1863 4896 sanctissimi
1885 4834 2033 4914 corporis,
2055 4839 2086 4896 et

726 4931 853 5010 pretiosi
880 4931 1034 5013 sanguinis
1057 4929 1173 4993 Domini
1196 4937 1226 4992 et
1248 4930 1305 4992 Dei
1327 4949 1362 4994 ac
1386 4931 1550 4994 servatoris
1572 4932 1667 4994 nostri
1689 4930 1760 4994 Jcsu
1776 4932 1896 4995 Christi.
1926 4933 1967 4995 Et
1987 4935 2086 5013 signat

725 5029 760 5090 id
780 5030 861 5109 qaod
881 5037 959 5092 tend
980 5049 1070 5091 muna
1091 5031 1227 5105 sinistro,
1249 5029 1357 5092 deinde
1383 5031 1441 5094 hoc
1468 5033 1602 5110 siqrtuto,
1633 5031 1759 5094 &mum
1785 5033 1940 5094 dimidiam
1968 5035 2085 5114 signat:
