4736 6064
664 641 742 716 dSfi
961 641 1321 720 llTllllGld
1375 640 1753 722 oonuouls

665 839 785 924 pentur
810 829 932 901 inimici
958 831 1016 916 tui,
1043 838 1077 900 et
1102 825 1230 919 hrgiaut
1256 853 1276 901 a
1302 827 1390 901 iaoie
1416 838 1472 901 tua
1503 850 1622 902 omues
1654 831 1709 925 qui
1742 827 1884 902 oderunt
1918 843 2042 903 nomen'

665 952 754 1016 tuum
782 952 932 1017 sanctum
958 953 992 1015 et
1018 941 1236 1015 benedictum.
1288 944 1477 1039 l’lehesquo
1502 954 1580 1016 tuae
1612 943 1810 1017 benedictae
1836 946 1902 1018 sint
1927 943 2040 1018 hene-

666 1059 863 1132 dictionibus
890 1058 1031 1131 milleuis
1058 1069 1092 1130 et
1118 1058 1231 1132 decies
1258 1058 1376 1133 millies
1403 1059 1564 1148 millenis,
1596 1070 1633 1131 ut
1657 1058 1782 1132 iaciant
1808 1080 1941 1132 omnem
1967 1081 2039 1131 vo-

665 1173 824 1246 luntatem
850 1182 950 1262 tuam,
977 1178 1218 1268 pergratiam,
1245 1173 1519 1263 misericordiam,
1546 1185 1581 1246 et
1603 1197 1751 1248 amorem
1779 1195 1862 1267 erga
1875 1158 2038 1250 'homines

666 1291 825 1380 uuigouiti
851 1287 927 1360 Filii
953 1290 1010 1375 tui,
1037 1289 1183 1376 Domini,
1209 1289 1285 1376 Dei,
1312 1299 1346 1360 et
1372 1289 1551 1362 salvatoris
1577 1293 1683 1361 nostri
1709 1289 1793 1362 lesu
1815 1288 1952 1380 Christi,
1977 1313 2039 1388 per

667 1428 766 1500 quem
793 1402 863 1494 tihi,
890 1412 1022 1476 etcum
1050 1425 1114 1494 eo,
1140 1412 1267 1476 etcum
1294 1403 1418 1498 Spiritu
1449 1413 1565 1478 sancto
1590 1408 1633 1477 sit
1658 1404 1767 1497 gloria
1794 1415 1829 1477 ot
1854 1408 2037 1500 imperium,

665 1542 754 1594 nune
781 1533 814 1594 ot
841 1542 985 1617 semper,
1012 1529 1047 1592 et
1072 1523 1106 1592 iu
1133 1520 1269 1593 saccula
1296 1519 1514 1593 sacculorum.
1566 1521 1686 1595 Amen.

1093 1793 1215 1864 Oratio
1239 1816 1306 1887 pro
1331 1815 1421 1887 poce
1445 1796 1614 1886 perfecto.

770 1980 954 2054 Sacerdos.
1008 1981 1100 2055 Deus
1126 2003 1250 2074 magne
1276 1990 1310 2052 et
1336 1991 1472 2052 aeterne
1505 1984 1560 2073 qui
1584 1977 1737 2053 formasti
1761 1979 1927 2053 hominem
1953 2003 2038 2054 cor-

666 2097 827 2191 ruptionis
855 2106 1042 2192 expertem,
1069 2107 1210 2171 mortem
1236 2116 1321 2168 vero
1350 2117 1437 2190 quae
1464 2099 1641 2191 antiquitus
1668 2099 1804 2172 intravit
1830 2098 1863 2166 iu
1883 2096 2038 2170 muurdum

665 2232 729 2308 per
754 2211 909 2285 invidiam
938 2222 1089 2300 satanae,
1116 2221 1150 2284 et
1174 2214 1330 2284 virtutem
1356 2215 1429 2305 ejus
1456 2211 1649 2286 destmxisti
1675 2235 1737 2307 per
1758 2210 1936 2284 adventum
1957 2215 2039 2283 uui-

662 2329 772 2419 geuiti
797 2327 872 2400 Filii
899 2329 943 2400 tui
968 2327 1122 2418 Domini,
1148 2328 1232 2417 Dei,
1260 2337 1294 2400 et
1320 2327 1500 2400 salvatoris
1526 2331 1632 2400 nostri
1658 2327 1740 2400 lesu
1759 2325 1881 2400 Christi
1908 2338 1943 2400 et
1968 2330 2038 2400 im-

665 2442 802 2538 plevisti
828 2453 950 2516 terram
977 2466 1062 2540 pace
1090 2452 1163 2516 tua:
1196 2442 1284 2514 unde
1316 2444 1484 2515 exercitus
1516 2442 1684 2516 coelestes
1710 2440 1895 2534 glorificant
1920 2453 1953 2514 te
1980 2443 2038 2515 di-

666 2567 794 2647 centes,
821 2555 930 2650 gloria
957 2560 1032 2633 Deo
1059 2562 1092 2629 in
1118 2557 1234 2646 coelis,
1261 2566 1295 2628 et
1321 2561 1355 2629 in
1381 2568 1471 2629 terra
1498 2580 1580 2653 pax,
1606 2557 1762 2652 bonaque
1788 2559 1862 2649 ejus
1882 2558 2037 2635 voluutas

665 2670 862 2744 hominihus

770 2788 958 2859 Diaconos.
1013 2787 1115 2859 Orate
1141 2810 1204 2884 pro
1230 2810 1316 2884 paco
1341 2786 1502 2883 perfecta,
1529 2798 1563 2860 et
1589 2789 1695 2860 amica
1717 2787 1915 2863 salutatione
1933 2792 2037 2887 Apo-

667 2904 796 2974 stolica.
849 2903 1101 2998 Amplectimini'
1120 2906 1283 2976 invicem:
1314 2903 1372 2974 11.
1389 2904 1452 2990 Qui
1467 2924 1534 2974 non
1561 2906 1821 2991 communicatis,
1848 2908 1955 2977 exite:
1983 2909 2039 3000 qui

668 3020 931 3106 communicatis,
958 3017 1191 3114 amplectimini
1217 3022 1380 3107 invicem,
1406 3021 1440 3089 in
1466 3017 1667 3114 plenitudiue
1693 3020 1805 3095 cordis
1832 3023 1956 3094 vestri:
1983 3024 2038 3116 qui

666 3137 967 3206 communicatums
994 3144 1046 3206 est
1071 3134 1236 3206 custodiat
1262 3156 1301 3207 se
1328 3158 1348 3206 a
1375 3135 1473 3207 malo.

772 3249 831 3324 12.
857 3247 1043 3320 Sacerdos.
1069 3249 1211 3322 Domine
1238 3271 1300 3345 per
1320 3247 1555 3341 benignitatem
1574 3259 1664 3320 tuam
1680 3249 1780 3345 imple
1799 3251 1902 3323 corda
1925 3259 2039 3324 nostro

665 3387 751 3460 pace
778 3374 854 3452 tua,
882 3372 916 3434 at
943 3363 1153 3438 mundanos
1181 3363 1223 3436 ah
1251 3367 1341 3435 omui
1373 3363 1521 3454 macula,
1556 3373 1590 3435 et
1621 3364 1840 3453 immunditia,
1874 3365 1916 3439 ah
1950 3369 2039 3438 omui

664 3479 832 3550 vindictae
859 3477 980 3566 studio,
995 3477 1050 3550 ‘ah
1077 3478 1201 3551 invidia
1229 3488 1263 3550 et
1288 3481 1479 3572 iujuriamm
1505 3478 1739 3552 recordatione
1764 3477 1926 3551 lethifera.
1958 3481 2038 3553 Do-

664 3597 752 3666 mine
779 3592 834 3666 iac
860 3614 923 3668 nos
950 3615 1067 3666 omues
1096 3593 1230 3687 dignos,
1256 3604 1292 3666 ut
1311 3593 1547 3689 amplectamur
1565 3596 1711 3666 invicem
1726 3597 1760 3666 in
1775 3593 1891 3666 osculo
1908 3605 2038 3685 sancto,

664 3721 700 3780 ut
726 3712 947 3804 percipiamus
975 3707 1102 3803 absque
1128 3708 1405 3781 condemnatione
1426 3708 1549 3781 donu‘m
1567 3719 1658 3780 tuum
1674 3709 1824 3782 coeleste
1842 3721 1876 3783 et
1896 3710 2038 3783 immor-

664 3825 752 3913 tale,
779 3827 864 3897 siout
891 3822 989 3896 decet
1014 3827 1155 3917 gratiam
1183 3835 1284 3915 tuam,
1312 3827 1368 3918 qui
1394 3846 1469 3895 oum
1495 3824 1619 3920 Spiritu
1646 3832 1774 3911 sancto,
1800 3833 1864 3896 etc.

768 3938 930 4032 Populus.
959 3938 1089 4012 Christe
1105 3939 1199 4013 Deus
1226 3949 1342 4012 noster
1365 3937 1421 4011 fac
1446 3959 1509 4011 nos
1537 3938 1656 4031 dignos
1683 3938 1845 4012 salutandi
1872 3949 1905 4010 ta
1921 3939 2039 4014 osculo

665 4064 782 4128 sancto
810 4063 845 4125 et
870 4051 1031 4142 coelesti,
1065 4063 1100 4125 ut
1132 4054 1305 4127 laudemus
1339 4063 1373 4126 te
1407 4077 1480 4126 oum
1509 4053 1686 4130 Chemhim
1719 4063 1754 4126 et
1779 4052 1972 4148 Seraphim,
2006 4063 2041 4128 et

664 4171 845 4242 clamemus
873 4169 1031 4242 diceudo:
1058 4169 1214 4260 Sanctus,
1240 4168 1396 4259 Sanctus,
1422 4169 1565 4242 Sanctus
1592 4173 1819 4266 omnipotens:
1846 4169 1936 4265 pleni
1964 4178 2040 4243 sunt

664 4283 752 4357 coeli
780 4292 814 4356 et
840 4292 928 4354 terra
956 4283 1065 4377 gloria
1093 4293 1209 4357 sancta
1236 4295 1302 4356 tua.

767 4396 952 4468 Sacerdos.
1005 4401 1169 4473 Dominus
1197 4401 1241 4472 sit
1266 4397 1460 4488 vobiscum,
1495 4409 1630 4474 sauctus
1656 4403 1689 4471 iu
1716 4400 1866 4488 sanctis,
1901 4406 2037 4472 sanctus

663 4518 697 4585 in
724 4513 862 4600 sanctis,
889 4524 1025 4588 amotus
1053 4515 1086 4585 in
1112 4516 1246 4588 sanctis.
1301 4511 1434 4586 Gratias
1461 4517 1590 4608 agimus
1617 4513 1677 4587 tihi
1702 4513 1863 4602 Domine,
1891 4534 1954 4608 per
1980 4511 2037 4584 di-

661 4628 786 4701 lectum
802 4625 921 4698 Filium
941 4637 1030 4700 tuum
1044 4632 1264 4722 unigenitum
1290 4629 1478 4719 Dominum,
1497 4629 1606 4702 Deum
1619 4641 1654 4702 et
1670 4626 1873 4703 salvatorem
1891 4638 2039 4702 nostrum

662 4742 779 4817 Jesum
807 4741 986 4834 Christum,
1014 4765 1111 4838 quem
1137 4745 1258 4820 udtimis
1285 4743 1402 4819 diebus
1428 4747 1546 4818 misisti
1555 4745 1672 4820 nohis:
1698 4744 1817 4816 Filium
1835 4755 1937 4837 tuum,
1964 4745 2039 4820 sul-

662 4866 837 4948 vatorem,
862 4855 1129 4954 redemptorem,
1154 4858 1322 4953 Angelum
1349 4858 1479 4934 consilii
1504 4861 1570 4951 tui,
1602 4863 1658 4955 qui
1693 4869 1745 4932 est
1776 4861 1919 4934 verbum
1953 4884 1973 4933 ιι
2005 4869 2039 4932 te

661 4973 832 5070 prodicus,
860 4981 894 5044 et
919 4974 952 5044 in
979 4995 1044 5068 quo
1073 4979 1184 5048 omnia
1210 4975 1319 5049 fecisti
1345 4997 1406 5072 per
1432 4973 1639 5050 voluntatem
1664 4986 1763 5047 tuam
