<?xml version="1.0" encoding="UTF-8"?>
<!DOCTYPE html PUBLIC "-//W3C//DTD XHTML 1.0 Transitional//EN"
    "http://www.w3.org/TR/xhtml1/DTD/xhtml1-transitional.dtd">
<html xmlns="http://www.w3.org/1999/xhtml" xml:lang="en" lang="en">
 <head>
  <title>
</title>
<meta http-equiv="Content-Type" content="text/html;charset=utf-8" />
  <meta name='ocr-system' content='tesseract 3.04.00' />
  <meta name='ocr-capabilities' content='ocr_page ocr_carea ocr_par ocr_line ocrx_word'/>
</head>
<body>
  <div class='ocr_page' id='page_1' title='image "./liturgiarumorie03renagoog_0416.png"; bbox 0 0 4670 6046; ppageno 0'>
   <div class='ocr_carea' id='block_1_1' title="bbox 704 638 1745 717">
    <p class='ocr_par' dir='ltr' id='par_1_1' title="bbox 704 638 1745 717">
     <span class='ocr_line' id='line_1_1' title="bbox 704 638 1745 717; baseline 0.001 -1"><span class='ocrx_word' id='word_1_1' title='bbox 704 638 757 715; x_wconf 78' lang='lat' dir='ltr'><strong>Ab</strong></span> <span class='ocrx_word' id='word_1_2' title='bbox 779 638 986 716; x_wconf 83' lang='lat' dir='ltr'><strong>LITURGlhll</strong></span> <span class='ocrx_word' id='word_1_3' title='bbox 1008 638 1201 717; x_wconf 85' lang='lat' dir='ltr'><strong>COPTlChhl</strong></span> <span class='ocrx_word' id='word_1_4' title='bbox 1221 639 1252 716; x_wconf 88' lang='lat' dir='ltr'><strong>S.</strong></span> <span class='ocrx_word' id='word_1_5' title='bbox 1271 639 1415 716; x_wconf 83' lang='lat' dir='ltr'><strong>BhSlLll.</strong></span> <span class='ocrx_word' id='word_1_6' title='bbox 1670 643 1745 717; x_wconf 75' lang='lat'><strong>253</strong></span> 
     </span>
    </p>
   </div>
   <div class='ocr_carea' id='block_1_2' title="bbox 364 821 2068 5142">
    <p class='ocr_par' dir='ltr' id='par_1_2' title="bbox 372 821 1747 1295">
     <span class='ocr_line' id='line_1_2' title="bbox 376 821 1745 908; baseline 0.004 -25"><span class='ocrx_word' id='word_1_7' title='bbox 376 821 513 883; x_wconf 89' lang='lat' dir='ltr'><strong>oratione</strong></span> <span class='ocrx_word' id='word_1_8' title='bbox 545 821 714 887; x_wconf 78' lang='lat' dir='ltr'><strong>absurdius.</strong></span> <span class='ocrx_word' id='word_1_9' title='bbox 766 823 861 885; x_wconf 90' lang='lat' dir='ltr'><strong>Nemo</strong></span> <span class='ocrx_word' id='word_1_10' title='bbox 887 823 983 900; x_wconf 92' lang='lat' dir='ltr'><strong>enim,</strong></span> <span class='ocrx_word' id='word_1_11' title='bbox 1012 840 1074 886; x_wconf 92' lang='lat' dir='ltr'><strong>non</strong></span> <span class='ocrx_word' id='word_1_12' title='bbox 1103 821 1192 885; x_wconf 89' lang='lat' dir='ltr'><strong>modo</strong></span> <span class='ocrx_word' id='word_1_13' title='bbox 1222 823 1302 884; x_wconf 91' lang='lat' dir='ltr'><strong>inter</strong></span> <span class='ocrx_word' id='word_1_14' title='bbox 1330 821 1576 906; x_wconf 80' lang='lat' dir='ltr'><strong>religiosissimae</strong></span> <span class='ocrx_word' id='word_1_15' title='bbox 1607 827 1745 908; x_wconf 90' lang='lat' dir='ltr'><strong>actionis,</strong></span> 
     </span>
     <span class='ocr_line' id='line_1_3' title="bbox 376 917 1746 1005; baseline 0.004 -25"><span class='ocrx_word' id='word_1_16' title='bbox 376 919 471 1000; x_wconf 90' lang='lat' dir='ltr'><strong>qualis</strong></span> <span class='ocrx_word' id='word_1_17' title='bbox 495 921 662 982; x_wconf 89' lang='lat' dir='ltr'><strong>communio</strong></span> <span class='ocrx_word' id='word_1_18' title='bbox 686 928 743 1000; x_wconf 91' lang='lat' dir='ltr'><strong>est,</strong></span> <span class='ocrx_word' id='word_1_19' title='bbox 767 921 921 998; x_wconf 78' lang='lat' dir='ltr'><strong>solennia,</strong></span> <span class='ocrx_word' id='word_1_20' title='bbox 952 921 1006 984; x_wconf 90' lang='lat' dir='ltr'><strong>sed</strong></span> <span class='ocrx_word' id='word_1_21' title='bbox 1033 939 1092 983; x_wconf 91' lang='lat' dir='ltr'><strong>nec</strong></span> <span class='ocrx_word' id='word_1_22' title='bbox 1119 917 1281 982; x_wconf 73' lang='lat' dir='ltr'><strong>Rhetorice</strong></span> <span class='ocrx_word' id='word_1_23' title='bbox 1308 922 1409 999; x_wconf 90' lang='lat' dir='ltr'><strong>potius</strong></span> <span class='ocrx_word' id='word_1_24' title='bbox 1438 940 1526 1002; x_wconf 69' lang='lat' dir='ltr'><strong>mam</strong></span> <span class='ocrx_word' id='word_1_25' title='bbox 1559 923 1746 1005; x_wconf 80' lang='lat' dir='ltr'><strong>&#39;lheologice</strong></span> 
     </span>
     <span class='ocr_line' id='line_1_4' title="bbox 375 1016 1745 1099; baseline 0.002 -20"><span class='ocrx_word' id='word_1_26' title='bbox 375 1017 537 1098; x_wconf 92' lang='lat' dir='ltr'><strong>loquendo,</strong></span> <span class='ocrx_word' id='word_1_27' title='bbox 559 1036 690 1099; x_wconf 90' lang='lat' dir='ltr'><strong>uuquam</strong></span> <span class='ocrx_word' id='word_1_28' title='bbox 714 1017 803 1081; x_wconf 80' lang='lat' dir='ltr'><strong>dixit:</strong></span> <span class='ocrx_word' id='word_1_29' title='bbox 834 1016 942 1094; x_wconf 78' lang='lat' dir='ltr'><strong>Credo,</strong></span> <span class='ocrx_word' id='word_1_30' title='bbox 966 1026 996 1080; x_wconf 81' lang='lat' dir='ltr'><strong>et</strong></span> <span class='ocrx_word' id='word_1_31' title='bbox 1017 1019 1060 1080; x_wconf 85' lang='lat' dir='ltr'><strong>ad</strong></span> <span class='ocrx_word' id='word_1_32' title='bbox 1080 1019 1213 1079; x_wconf 63' lang='lat' dir='ltr'><strong>utimum</strong></span> <span class='ocrx_word' id='word_1_33' title='bbox 1234 1036 1329 1098; x_wconf 64' lang='lat' dir='ltr'><strong>uswe</strong></span> <span class='ocrx_word' id='word_1_34' title='bbox 1349 1019 1432 1080; x_wconf 82' lang='lat' dir='ltr'><strong>vitoe</strong></span> <span class='ocrx_word' id='word_1_35' title='bbox 1460 1019 1586 1082; x_wconf 67' lang='lat' dir='ltr'><strong>tuimur</strong></span> <span class='ocrx_word' id='word_1_36' title='bbox 1613 1022 1745 1096; x_wconf 74' lang='lat' dir='ltr'><strong>medum,</strong></span> 
     </span>
     <span class='ocr_line' id='line_1_5' title="bbox 372 1115 1747 1198; baseline 0.002 -21"><span class='ocrx_word' id='word_1_37' title='bbox 372 1117 476 1195; x_wconf 71' lang='lat' dir='ltr'><strong>fideles</strong></span> <span class='ocrx_word' id='word_1_38' title='bbox 497 1134 564 1178; x_wconf 79' lang='lat' dir='ltr'><strong>ease</strong></span> <span class='ocrx_word' id='word_1_39' title='bbox 586 1135 697 1196; x_wconf 73' lang='lat' dir='ltr'><strong>corpus</strong></span> <span class='ocrx_word' id='word_1_40' title='bbox 721 1116 844 1194; x_wconf 69' lang='lat' dir='ltr'><strong>Christi,</strong></span> <span class='ocrx_word' id='word_1_41' title='bbox 866 1117 941 1178; x_wconf 78' lang='lat' dir='ltr'><strong>illud</strong></span> <span class='ocrx_word' id='word_1_42' title='bbox 961 1119 1060 1195; x_wconf 83' lang='lat' dir='ltr'><strong>ipsum</strong></span> <span class='ocrx_word' id='word_1_43' title='bbox 1086 1116 1166 1196; x_wconf 84' lang='lat' dir='ltr'><strong>qnod</strong></span> <span class='ocrx_word' id='word_1_44' title='bbox 1187 1117 1331 1176; x_wconf 80' lang='lat' dir='ltr'><strong>assumsit</strong></span> <span class='ocrx_word' id='word_1_45' title='bbox 1365 1136 1406 1177; x_wconf 74' lang='lat' dir='ltr'><strong>ecc</strong></span> <span class='ocrx_word' id='word_1_46' title='bbox 1432 1115 1535 1179; x_wconf 80' lang='lat' dir='ltr'><strong>llario</strong></span> <span class='ocrx_word' id='word_1_47' title='bbox 1569 1119 1687 1198; x_wconf 77' lang='lat' dir='ltr'><strong>Virps&#39;ne</strong></span> <span class='ocrx_word' id='word_1_48' title='bbox 1718 1126 1747 1179; x_wconf 85' lang='lat' dir='ltr'><strong>et</strong></span> 
     </span>
     <span class='ocr_line' id='line_1_6' title="bbox 373 1217 692 1295; baseline 0.009 -19"><span class='ocrx_word' id='word_1_49' title='bbox 373 1217 406 1276; x_wconf 80' lang='lat' dir='ltr'><strong>in</strong></span> <span class='ocrx_word' id='word_1_50' title='bbox 426 1235 486 1294; x_wconf 86' lang='lat' dir='ltr'><strong>quo</strong></span> <span class='ocrx_word' id='word_1_51' title='bbox 503 1233 617 1295; x_wconf 76' lang='lat' dir='ltr'><strong>pesnas</strong></span> <span class='ocrx_word' id='word_1_52' title='bbox 638 1224 692 1282; x_wconf 79' lang='lat' dir='ltr'><strong>eal.</strong></span> 
     </span>
    </p>

    <p class='ocr_par' dir='ltr' id='par_1_3' title="bbox 364 1309 2068 5142">
     <span class='ocr_line' id='line_1_7' title="bbox 459 1309 2068 1396; baseline 0.005 -21"><span class='ocrx_word' id='word_1_53' title='bbox 459 1313 492 1375; x_wconf 96' lang='lat' dir='ltr'><strong>ld</strong></span> <span class='ocrx_word' id='word_1_54' title='bbox 515 1321 613 1375; x_wconf 89' lang='lat' dir='ltr'><strong>tamen</strong></span> <span class='ocrx_word' id='word_1_55' title='bbox 637 1313 812 1396; x_wconf 84' lang='lat' dir='ltr'><strong>significare</strong></span> <span class='ocrx_word' id='word_1_56' title='bbox 834 1319 955 1395; x_wconf 81' lang='lat' dir='ltr'><strong>oportet</strong></span> <span class='ocrx_word' id='word_1_57' title='bbox 979 1311 1186 1376; x_wconf 80' lang='lat' dir='ltr'><strong>confessionis</strong></span> <span class='ocrx_word' id='word_1_58' title='bbox 1215 1309 1326 1388; x_wconf 89' lang='lat' dir='ltr'><strong>verba,</strong></span> <span class='ocrx_word' id='word_1_59' title='bbox 1358 1313 1384 1373; x_wconf 92' lang='lat' dir='ltr'><strong>si</strong></span> <span class='ocrx_word' id='word_1_60' title='bbox 1406 1312 1465 1374; x_wconf 89' lang='lat' dir='ltr'><strong>alio</strong></span> <span class='ocrx_word' id='word_1_61' title='bbox 1488 1331 1576 1394; x_wconf 89' lang='lat' dir='ltr'><strong>quarn</strong></span> <span class='ocrx_word' id='word_1_62' title='bbox 1598 1313 1690 1377; x_wconf 92' lang='lat' dir='ltr'><strong>realis</strong></span> <span class='ocrx_word' id='word_1_63' title='bbox 1713 1323 1744 1378; x_wconf 91' lang='lat' dir='ltr'><strong>et</strong></span> <span class='ocrx_word' id='word_1_64' title='bbox 1792 1321 1939 1378; x_wconf 73' lang='lat' dir='ltr'><strong>albertinus</strong></span> <span class='ocrx_word' id='word_1_65' title='bbox 1968 1329 2068 1383; x_wconf 79' lang='lat' dir='ltr'><strong>reselli-</strong></span> 
     </span>
     <span class='ocr_line' id='line_1_8' title="bbox 374 1397 1806 1492; baseline 0.001 -18"><span class='ocrx_word' id='word_1_66' title='bbox 374 1397 575 1474; x_wconf 86' lang='lat' dir='ltr'><strong>substantialls</strong></span> <span class='ocrx_word' id='word_1_67' title='bbox 598 1412 852 1474; x_wconf 71' lang='lat' dir='ltr'><strong>transmutationis</strong></span> <span class='ocrx_word' id='word_1_68' title='bbox 876 1428 969 1474; x_wconf 89' lang='lat' dir='ltr'><strong>sensu</strong></span> <span class='ocrx_word' id='word_1_69' title='bbox 991 1411 1186 1492; x_wconf 78' lang='lat' dir='ltr'><strong>accipiantur.</strong></span> <span class='ocrx_word' id='word_1_70' title='bbox 1228 1409 1266 1472; x_wconf 87' lang='lat' dir='ltr'><strong>Et</strong></span> <span class='ocrx_word' id='word_1_71' title='bbox 1287 1426 1361 1470; x_wconf 89' lang='lat' dir='ltr'><strong>saue</strong></span> <span class='ocrx_word' id='word_1_72' title='bbox 1384 1410 1414 1471; x_wconf 95' lang='lat' dir='ltr'><strong>id</strong></span> <span class='ocrx_word' id='word_1_73' title='bbox 1436 1410 1535 1474; x_wconf 91' lang='lat' dir='ltr'><strong>lassus</strong></span> <span class='ocrx_word' id='word_1_74' title='bbox 1558 1421 1606 1474; x_wconf 94' lang='lat' dir='ltr'><strong>est</strong></span> <span class='ocrx_word' id='word_1_75' title='bbox 1628 1412 1743 1476; x_wconf 77' lang='lat' dir='ltr'><strong>Alber-</strong></span> <span class='ocrx_word' id='word_1_76' title='bbox 1757 1417 1806 1463; x_wconf 73' lang='lat' dir='ltr'><strong>rur.</strong></span> 
     </span>
     <span class='ocr_line' id='line_1_9' title="bbox 374 1507 1743 1590; baseline 0.002 -19"><span class='ocrx_word' id='word_1_77' title='bbox 374 1510 463 1586; x_wconf 87' lang='lat' dir='ltr'><strong>tinus,</strong></span> <span class='ocrx_word' id='word_1_78' title='bbox 484 1508 630 1572; x_wconf 86' lang='lat' dir='ltr'><strong>indirecte</strong></span> <span class='ocrx_word' id='word_1_79' title='bbox 655 1511 785 1590; x_wconf 92' lang='lat' dir='ltr'><strong>quidem,</strong></span> <span class='ocrx_word' id='word_1_80' title='bbox 807 1510 863 1572; x_wconf 90' lang='lat' dir='ltr'><strong>sed</strong></span> <span class='ocrx_word' id='word_1_81' title='bbox 885 1526 945 1571; x_wconf 92' lang='lat' dir='ltr'><strong>nou</strong></span> <span class='ocrx_word' id='word_1_82' title='bbox 967 1510 1063 1571; x_wconf 92' lang='lat' dir='ltr'><strong>minus</strong></span> <span class='ocrx_word' id='word_1_83' title='bbox 1086 1516 1187 1586; x_wconf 90' lang='lat' dir='ltr'><strong>certo,</strong></span> <span class='ocrx_word' id='word_1_84' title='bbox 1218 1525 1286 1568; x_wconf 91' lang='lat' dir='ltr'><strong>cum</strong></span> <span class='ocrx_word' id='word_1_85' title='bbox 1308 1507 1348 1568; x_wconf 88' lang='lat' dir='ltr'><strong>ita</strong></span> <span class='ocrx_word' id='word_1_86' title='bbox 1372 1507 1529 1573; x_wconf 88' lang='lat' dir='ltr'><strong>scriberet.</strong></span> <span class='ocrx_word' id='word_1_87' title='bbox 1574 1510 1670 1588; x_wconf 80' lang='lat' dir='ltr'><strong>Sicut,</strong></span> <span class='ocrx_word' id='word_1_88' title='bbox 1693 1515 1743 1574; x_wconf 95' lang='lat' dir='ltr'><strong>in-</strong></span> 
     </span>
     <span class='ocr_line' id='line_1_10' title="bbox 374 1604 1743 1688; baseline 0.002 -18"><span class='ocrx_word' id='word_1_89' title='bbox 374 1609 446 1688; x_wconf 89' lang='lat' dir='ltr'><strong>quit,</strong></span> <span class='ocrx_word' id='word_1_90' title='bbox 466 1607 561 1688; x_wconf 70' lang='lat' dir='ltr'><strong>facile</strong></span> <span class='ocrx_word' id='word_1_91' title='bbox 584 1609 775 1671; x_wconf 82' lang='lat' dir='ltr'><strong>concedimus</strong></span> <span class='ocrx_word' id='word_1_92' title='bbox 796 1609 873 1669; x_wconf 86' lang='lat' dir='ltr'><strong>baec</strong></span> <span class='ocrx_word' id='word_1_93' title='bbox 894 1606 990 1668; x_wconf 84' lang='lat' dir='ltr'><strong>aerbo</strong></span> <span class='ocrx_word' id='word_1_94' title='bbox 1011 1604 1146 1687; x_wconf 85' lang='lat' dir='ltr'><strong>(Corpus</strong></span> <span class='ocrx_word' id='word_1_95' title='bbox 1160 1604 1281 1669; x_wconf 88' lang='lat' dir='ltr'><strong>Christi.</strong></span> <span class='ocrx_word' id='word_1_96' title='bbox 1309 1604 1438 1683; x_wconf 73' lang='lat' dir='ltr'><strong>Amen]</strong></span> <span class='ocrx_word' id='word_1_97' title='bbox 1461 1609 1504 1668; x_wconf 87' lang='lat' dir='ltr'><strong>ud</strong></span> <span class='ocrx_word' id='word_1_98' title='bbox 1517 1608 1743 1673; x_wconf 75' lang='lat' dir='ltr'><strong>Eucharistiam</strong></span> 
     </span>
     <span class='ocr_line' id='line_1_11' title="bbox 368 1703 1744 1788; baseline 0.001 -20"><span class='ocrx_word' id='word_1_99' title='bbox 368 1710 532 1788; x_wconf 60' lang='lat' dir='ltr'><strong>petiam,</strong></span> <span class='ocrx_word' id='word_1_100' title='bbox 555 1714 663 1768; x_wconf 82' lang='lat' dir='ltr'><strong>contra</strong></span> <span class='ocrx_word' id='word_1_101' title='bbox 680 1709 803 1786; x_wconf 83' lang='lat' dir='ltr'><strong>pariter</strong></span> <span class='ocrx_word' id='word_1_102' title='bbox 821 1724 967 1785; x_wconf 72' lang='lat' dir='ltr'><strong>nequamus</strong></span> <span class='ocrx_word' id='word_1_103' title='bbox 987 1705 1157 1766; x_wconf 81' lang='lat' dir='ltr'><strong>Diaconum</strong></span> <span class='ocrx_word' id='word_1_104' title='bbox 1169 1703 1396 1766; x_wconf 79' lang='lat' dir='ltr'><strong>Eucharistiom</strong></span> <span class='ocrx_word' id='word_1_105' title='bbox 1413 1707 1620 1786; x_wconf 81' lang='lat' dir='ltr'><strong>porripentem</strong></span> <span class='ocrx_word' id='word_1_106' title='bbox 1641 1707 1744 1768; x_wconf 62' lang='lat' dir='ltr'><strong>dicae</strong></span> 
     </span>
     <span class='ocr_line' id='line_1_12' title="bbox 372 1801 1985 1887; baseline 0.004 -19"><span class='ocrx_word' id='word_1_107' title='bbox 372 1807 490 1868; x_wconf 85' lang='lat' dir='ltr'><strong>solitum</strong></span> <span class='ocrx_word' id='word_1_108' title='bbox 511 1823 546 1866; x_wconf 89' lang='lat' dir='ltr'><strong>se</strong></span> <span class='ocrx_word' id='word_1_109' title='bbox 566 1825 671 1866; x_wconf 71' lang='lat' dir='ltr'><strong>onum</strong></span> <span class='ocrx_word' id='word_1_110' title='bbox 694 1823 806 1884; x_wconf 74' lang='lat' dir='ltr'><strong>corpus</strong></span> <span class='ocrx_word' id='word_1_111' title='bbox 828 1803 943 1866; x_wconf 80' lang='lat' dir='ltr'><strong>Christi</strong></span> <span class='ocrx_word' id='word_1_112' title='bbox 959 1803 1119 1884; x_wconf 83' lang='lat' dir='ltr'><strong>praebere.</strong></span> <span class='ocrx_word' id='word_1_113' title='bbox 1144 1802 1286 1864; x_wconf 82' lang='lat' dir='ltr'><strong>Attamen</strong></span> <span class='ocrx_word' id='word_1_114' title='bbox 1308 1801 1338 1862; x_wconf 93' lang='lat' dir='ltr'><strong>iu</strong></span> <span class='ocrx_word' id='word_1_115' title='bbox 1361 1803 1421 1863; x_wconf 89' lang='lat' dir='ltr'><strong>ritu</strong></span> <span class='ocrx_word' id='word_1_116' title='bbox 1445 1803 1631 1884; x_wconf 90' lang='lat' dir='ltr'><strong>Coptitarum</strong></span> <span class='ocrx_word' id='word_1_117' title='bbox 1654 1823 1742 1886; x_wconf 92' lang='lat' dir='ltr'><strong>quem</strong></span> <span class='ocrx_word' id='word_1_118' title='bbox 1789 1817 1818 1869; x_wconf 81' lang='lat' dir='ltr'><strong>t.</strong></span> <span class='ocrx_word' id='word_1_119' title='bbox 1836 1819 1862 1869; x_wconf 78' lang='lat'><strong>2.</strong></span> <span class='ocrx_word' id='word_1_120' title='bbox 1879 1837 1905 1887; x_wconf 81' lang='lat' dir='ltr'><strong>p.</strong></span> <span class='ocrx_word' id='word_1_121' title='bbox 1923 1823 1985 1874; x_wconf 76' lang='lat' dir='ltr'><strong>alt.</strong></span> 
     </span>
     <span class='ocr_line' id='line_1_13' title="bbox 373 1900 1742 1984; baseline 0.001 -19"><span class='ocrx_word' id='word_1_122' title='bbox 373 1903 579 1984; x_wconf 85' lang='lat' dir='ltr'><strong>expendimus,</strong></span> <span class='ocrx_word' id='word_1_123' title='bbox 603 1920 663 1965; x_wconf 92' lang='lat' dir='ltr'><strong>non</strong></span> <span class='ocrx_word' id='word_1_124' title='bbox 686 1903 775 1966; x_wconf 94' lang='lat' dir='ltr'><strong>modo</strong></span> <span class='ocrx_word' id='word_1_125' title='bbox 798 1901 981 1966; x_wconf 89' lang='lat' dir='ltr'><strong>Sacerdotes</strong></span> <span class='ocrx_word' id='word_1_126' title='bbox 1012 1909 1043 1963; x_wconf 93' lang='lat' dir='ltr'><strong>et</strong></span> <span class='ocrx_word' id='word_1_127' title='bbox 1072 1900 1198 1963; x_wconf 90' lang='lat' dir='ltr'><strong>Diaconi</strong></span> <span class='ocrx_word' id='word_1_128' title='bbox 1222 1900 1460 1962; x_wconf 89' lang='lat' dir='ltr'><strong>communionem</strong></span> <span class='ocrx_word' id='word_1_129' title='bbox 1491 1903 1672 1981; x_wconf 88' lang='lat' dir='ltr'><strong>praebentes</strong></span> <span class='ocrx_word' id='word_1_130' title='bbox 1702 1906 1742 1966; x_wconf 88' lang='lat' dir='ltr'><strong>itu</strong></span> 
     </span>
     <span class='ocr_line' id='line_1_14' title="bbox 373 1998 1743 2082; baseline 0 -18"><span class='ocrx_word' id='word_1_131' title='bbox 373 2002 543 2082; x_wconf 92' lang='lat' dir='ltr'><strong>loquuntur,</strong></span> <span class='ocrx_word' id='word_1_132' title='bbox 566 2001 622 2065; x_wconf 87' lang='lat' dir='ltr'><strong>sed</strong></span> <span class='ocrx_word' id='word_1_133' title='bbox 644 2007 713 2062; x_wconf 89' lang='lat' dir='ltr'><strong>ante</strong></span> <span class='ocrx_word' id='word_1_134' title='bbox 736 2001 831 2082; x_wconf 90' lang='lat' dir='ltr'><strong>ipsam</strong></span> <span class='ocrx_word' id='word_1_135' title='bbox 854 2000 919 2080; x_wconf 85' lang='lat' dir='ltr'><strong>ejus</strong></span> <span class='ocrx_word' id='word_1_136' title='bbox 943 1998 1200 2075; x_wconf 89' lang='lat' dir='ltr'><strong>distributionem,</strong></span> <span class='ocrx_word' id='word_1_137' title='bbox 1229 2006 1260 2058; x_wconf 91' lang='lat' dir='ltr'><strong>et</strong></span> <span class='ocrx_word' id='word_1_138' title='bbox 1282 1998 1322 2060; x_wconf 87' lang='lat' dir='ltr'><strong>ita</strong></span> <span class='ocrx_word' id='word_1_139' title='bbox 1344 2005 1377 2059; x_wconf 92' lang='lat' dir='ltr'><strong>ut</strong></span> <span class='ocrx_word' id='word_1_140' title='bbox 1399 2016 1459 2060; x_wconf 95' lang='lat' dir='ltr'><strong>non</strong></span> <span class='ocrx_word' id='word_1_141' title='bbox 1482 2001 1571 2064; x_wconf 95' lang='lat' dir='ltr'><strong>modo</strong></span> <span class='ocrx_word' id='word_1_142' title='bbox 1595 2002 1633 2064; x_wconf 91' lang='lat' dir='ltr'><strong>ad</strong></span> <span class='ocrx_word' id='word_1_143' title='bbox 1655 2020 1743 2064; x_wconf 90' lang='lat' dir='ltr'><strong>com-</strong></span> 
     </span>
     <span class='ocr_line' id='line_1_15' title="bbox 373 2093 1742 2176; baseline 0.001 -14"><span class='ocrx_word' id='word_1_144' title='bbox 373 2102 585 2176; x_wconf 91' lang='lat' dir='ltr'><strong>municaturos,</strong></span> <span class='ocrx_word' id='word_1_145' title='bbox 608 2117 714 2162; x_wconf 81' lang='lat' dir='ltr'><strong>remur</strong></span> <span class='ocrx_word' id='word_1_146' title='bbox 737 2107 768 2162; x_wconf 92' lang='lat' dir='ltr'><strong>et</strong></span> <span class='ocrx_word' id='word_1_147' title='bbox 790 2098 827 2160; x_wconf 93' lang='lat' dir='ltr'><strong>ad</strong></span> <span class='ocrx_word' id='word_1_148' title='bbox 851 2116 956 2160; x_wconf 92' lang='lat' dir='ltr'><strong>omnes</strong></span> <span class='ocrx_word' id='word_1_149' title='bbox 979 2099 1009 2159; x_wconf 92' lang='lat' dir='ltr'><strong>in</strong></span> <span class='ocrx_word' id='word_1_150' title='bbox 1039 2097 1177 2159; x_wconf 86' lang='lat' dir='ltr'><strong>Ecclesia</strong></span> <span class='ocrx_word' id='word_1_151' title='bbox 1207 2093 1388 2176; x_wconf 81' lang='lat' dir='ltr'><strong>praesentes</strong></span> <span class='ocrx_word' id='word_1_152' title='bbox 1416 2098 1510 2159; x_wconf 90' lang='lat' dir='ltr'><strong>verba</strong></span> <span class='ocrx_word' id='word_1_153' title='bbox 1533 2098 1652 2165; x_wconf 85' lang='lat' dir='ltr'><strong>iaciant.</strong></span> <span class='ocrx_word' id='word_1_154' title='bbox 1698 2100 1742 2162; x_wconf 90' lang='lat' dir='ltr'><strong>lta</strong></span> 
     </span>
     <span class='ocr_line' id='line_1_16' title="bbox 373 2195 1741 2280; baseline -0.001 -19"><span class='ocrx_word' id='word_1_155' title='bbox 373 2216 493 2280; x_wconf 93' lang='lat' dir='ltr'><strong>quoque</strong></span> <span class='ocrx_word' id='word_1_156' title='bbox 516 2197 676 2280; x_wconf 87' lang='lat' dir='ltr'><strong>designant</strong></span> <span class='ocrx_word' id='word_1_157' title='bbox 698 2197 770 2260; x_wconf 91' lang='lat' dir='ltr'><strong>illud</strong></span> <span class='ocrx_word' id='word_1_158' title='bbox 792 2197 889 2279; x_wconf 91' lang='lat' dir='ltr'><strong>ipsum</strong></span> <span class='ocrx_word' id='word_1_159' title='bbox 912 2195 993 2278; x_wconf 92' lang='lat' dir='ltr'><strong>quod</strong></span> <span class='ocrx_word' id='word_1_160' title='bbox 1016 2213 1086 2258; x_wconf 90' lang='lat' dir='ltr'><strong>esse</strong></span> <span class='ocrx_word' id='word_1_161' title='bbox 1101 2195 1203 2256; x_wconf 89' lang='lat' dir='ltr'><strong>dicunt</strong></span> <span class='ocrx_word' id='word_1_162' title='bbox 1222 2211 1334 2276; x_wconf 91' lang='lat' dir='ltr'><strong>corpus</strong></span> <span class='ocrx_word' id='word_1_163' title='bbox 1351 2213 1457 2258; x_wconf 87' lang='lat' dir='ltr'><strong>verum</strong></span> <span class='ocrx_word' id='word_1_164' title='bbox 1480 2195 1601 2277; x_wconf 86' lang='lat' dir='ltr'><strong>Christi,</strong></span> <span class='ocrx_word' id='word_1_165' title='bbox 1626 2206 1657 2260; x_wconf 93' lang='lat' dir='ltr'><strong>ut</strong></span> <span class='ocrx_word' id='word_1_166' title='bbox 1680 2217 1741 2262; x_wconf 92' lang='lat' dir='ltr'><strong>non</strong></span> 
     </span>
     <span class='ocr_line' id='line_1_17' title="bbox 373 2294 1741 2378; baseline 0.002 -21"><span class='ocrx_word' id='word_1_167' title='bbox 373 2296 461 2358; x_wconf 90' lang='lat' dir='ltr'><strong>modo</strong></span> <span class='ocrx_word' id='word_1_168' title='bbox 484 2296 585 2360; x_wconf 91' lang='lat' dir='ltr'><strong>discus</strong></span> <span class='ocrx_word' id='word_1_169' title='bbox 608 2314 663 2359; x_wconf 90' lang='lat' dir='ltr'><strong>seu</strong></span> <span class='ocrx_word' id='word_1_170' title='bbox 685 2304 794 2378; x_wconf 89' lang='lat' dir='ltr'><strong>patena</strong></span> <span class='ocrx_word' id='word_1_171' title='bbox 818 2313 896 2376; x_wconf 87' lang='lat' dir='ltr'><strong>quae</strong></span> <span class='ocrx_word' id='word_1_172' title='bbox 917 2294 1135 2357; x_wconf 89' lang='lat' dir='ltr'><strong>Eucharistiam</strong></span> <span class='ocrx_word' id='word_1_173' title='bbox 1164 2294 1297 2356; x_wconf 87' lang='lat' dir='ltr'><strong>continet</strong></span> <span class='ocrx_word' id='word_1_174' title='bbox 1321 2310 1409 2354; x_wconf 92' lang='lat' dir='ltr'><strong>manu</strong></span> <span class='ocrx_word' id='word_1_175' title='bbox 1440 2303 1562 2357; x_wconf 83' lang='lat' dir='ltr'><strong>extenta</strong></span> <span class='ocrx_word' id='word_1_176' title='bbox 1593 2299 1741 2360; x_wconf 88' lang='lat' dir='ltr'><strong>ostenda-</strong></span> 
     </span>
     <span class='ocr_line' id='line_1_18' title="bbox 373 2390 1739 2477; baseline 0.001 -22"><span class='ocrx_word' id='word_1_177' title='bbox 373 2402 433 2470; x_wconf 72' lang='lat' dir='ltr'><strong>tur,</strong></span> <span class='ocrx_word' id='word_1_178' title='bbox 457 2395 512 2456; x_wconf 94' lang='lat' dir='ltr'><strong>sed</strong></span> <span class='ocrx_word' id='word_1_179' title='bbox 534 2395 623 2456; x_wconf 89' lang='lat' dir='ltr'><strong>etlam</strong></span> <span class='ocrx_word' id='word_1_180' title='bbox 645 2395 820 2477; x_wconf 89' lang='lat' dir='ltr'><strong>particulam</strong></span> <span class='ocrx_word' id='word_1_181' title='bbox 842 2393 996 2474; x_wconf 89' lang='lat' dir='ltr'><strong>majorem,</strong></span> <span class='ocrx_word' id='word_1_182' title='bbox 1020 2399 1053 2454; x_wconf 87' lang='lat' dir='ltr'><strong>ut</strong></span> <span class='ocrx_word' id='word_1_183' title='bbox 1075 2411 1146 2455; x_wconf 87' lang='lat' dir='ltr'><strong>mox</strong></span> <span class='ocrx_word' id='word_1_184' title='bbox 1169 2390 1318 2455; x_wconf 90' lang='lat' dir='ltr'><strong>Gabrielis</strong></span> <span class='ocrx_word' id='word_1_185' title='bbox 1340 2393 1511 2455; x_wconf 89' lang='lat' dir='ltr'><strong>testimonio</strong></span> <span class='ocrx_word' id='word_1_186' title='bbox 1534 2394 1739 2475; x_wconf 89' lang='lat' dir='ltr'><strong>probavimus,</strong></span> 
     </span>
     <span class='ocr_line' id='line_1_19' title="bbox 374 2489 1741 2572; baseline 0 -17"><span class='ocrx_word' id='word_1_187' title='bbox 374 2492 521 2556; x_wconf 87' lang='lat' dir='ltr'><strong>Sacerdos</strong></span> <span class='ocrx_word' id='word_1_188' title='bbox 551 2511 639 2555; x_wconf 91' lang='lat' dir='ltr'><strong>manu</strong></span> <span class='ocrx_word' id='word_1_189' title='bbox 675 2499 793 2558; x_wconf 87' lang='lat' dir='ltr'><strong>teneat:</strong></span> <span class='ocrx_word' id='word_1_190' title='bbox 823 2509 889 2554; x_wconf 92' lang='lat' dir='ltr'><strong>eam</strong></span> <span class='ocrx_word' id='word_1_191' title='bbox 915 2509 1013 2554; x_wconf 91' lang='lat' dir='ltr'><strong>novus</strong></span> <span class='ocrx_word' id='word_1_192' title='bbox 1044 2489 1200 2553; x_wconf 89' lang='lat' dir='ltr'><strong>ordinatus</strong></span> <span class='ocrx_word' id='word_1_193' title='bbox 1233 2491 1263 2550; x_wconf 92' lang='lat' dir='ltr'><strong>in</strong></span> <span class='ocrx_word' id='word_1_194' title='bbox 1291 2509 1408 2552; x_wconf 83' lang='lat' dir='ltr'><strong>inanum</strong></span> <span class='ocrx_word' id='word_1_195' title='bbox 1438 2493 1584 2572; x_wconf 86' lang='lat' dir='ltr'><strong>accipiat,</strong></span> <span class='ocrx_word' id='word_1_196' title='bbox 1615 2500 1646 2555; x_wconf 88' lang='lat' dir='ltr'><strong>et</strong></span> <span class='ocrx_word' id='word_1_197' title='bbox 1673 2513 1741 2556; x_wconf 89' lang='lat' dir='ltr'><strong>eam</strong></span> 
     </span>
     <span class='ocr_line' id='line_1_20' title="bbox 373 2589 1740 2673; baseline -0.001 -19"><span class='ocrx_word' id='word_1_198' title='bbox 373 2610 492 2673; x_wconf 91' lang='lat' dir='ltr'><strong>quoque</strong></span> <span class='ocrx_word' id='word_1_199' title='bbox 515 2591 718 2669; x_wconf 87' lang='lat' dir='ltr'><strong>demonstret,</strong></span> <span class='ocrx_word' id='word_1_200' title='bbox 750 2590 819 2652; x_wconf 83' lang='lat' dir='ltr'><strong>durn</strong></span> <span class='ocrx_word' id='word_1_201' title='bbox 851 2589 1080 2653; x_wconf 80' lang='lat' dir='ltr'><strong>confessionem</strong></span> <span class='ocrx_word' id='word_1_202' title='bbox 1107 2589 1302 2670; x_wconf 87' lang='lat' dir='ltr'><strong>pronunciat:</strong></span> <span class='ocrx_word' id='word_1_203' title='bbox 1331 2606 1495 2670; x_wconf 89' lang='lat' dir='ltr'><strong>omnesque</strong></span> <span class='ocrx_word' id='word_1_204' title='bbox 1527 2593 1616 2654; x_wconf 87' lang='lat' dir='ltr'><strong>etiam</strong></span> <span class='ocrx_word' id='word_1_205' title='bbox 1644 2591 1740 2669; x_wconf 89' lang='lat' dir='ltr'><strong>Laici,</strong></span> 
     </span>
     <span class='ocr_line' id='line_1_21' title="bbox 373 2687 1742 2771; baseline -0.001 -19"><span class='ocrx_word' id='word_1_206' title='bbox 373 2707 437 2752; x_wconf 89' lang='lat' dir='ltr'><strong>curn</strong></span> <span class='ocrx_word' id='word_1_207' title='bbox 459 2691 576 2752; x_wconf 89' lang='lat' dir='ltr'><strong>dicunt:</strong></span> <span class='ocrx_word' id='word_1_208' title='bbox 601 2688 701 2752; x_wconf 80' lang='lat' dir='ltr'><strong>Credo</strong></span> <span class='ocrx_word' id='word_1_209' title='bbox 723 2698 752 2752; x_wconf 86' lang='lat' dir='ltr'><strong>et</strong></span> <span class='ocrx_word' id='word_1_210' title='bbox 774 2687 939 2768; x_wconf 69' lang='lat' dir='ltr'><strong>Confiteor,</strong></span> <span class='ocrx_word' id='word_1_211' title='bbox 968 2687 1006 2750; x_wconf 88' lang='lat' dir='ltr'><strong>ad</strong></span> <span class='ocrx_word' id='word_1_212' title='bbox 1029 2705 1094 2750; x_wconf 89' lang='lat' dir='ltr'><strong>eam</strong></span> <span class='ocrx_word' id='word_1_213' title='bbox 1118 2689 1226 2768; x_wconf 89' lang='lat' dir='ltr'><strong>ipsam,</strong></span> <span class='ocrx_word' id='word_1_214' title='bbox 1252 2705 1329 2767; x_wconf 85' lang='lat' dir='ltr'><strong>quae</strong></span> <span class='ocrx_word' id='word_1_215' title='bbox 1352 2689 1426 2769; x_wconf 89' lang='lat' dir='ltr'><strong>ipsis</strong></span> <span class='ocrx_word' id='word_1_216' title='bbox 1450 2692 1621 2752; x_wconf 88' lang='lat' dir='ltr'><strong>ostenditur</strong></span> <span class='ocrx_word' id='word_1_217' title='bbox 1642 2691 1742 2771; x_wconf 85' lang='lat' dir='ltr'><strong>parti-</strong></span> 
     </span>
     <span class='ocr_line' id='line_1_22' title="bbox 372 2785 1740 2868; baseline 0 -18"><span class='ocrx_word' id='word_1_218' title='bbox 372 2790 476 2868; x_wconf 85' lang='lat' dir='ltr'><strong>culam,</strong></span> <span class='ocrx_word' id='word_1_219' title='bbox 499 2790 605 2852; x_wconf 89' lang='lat' dir='ltr'><strong>oculos</strong></span> <span class='ocrx_word' id='word_1_220' title='bbox 628 2806 858 2868; x_wconf 87' lang='lat' dir='ltr'><strong>sermonemque</strong></span> <span class='ocrx_word' id='word_1_221' title='bbox 881 2787 1021 2868; x_wconf 83' lang='lat' dir='ltr'><strong>dirigant.</strong></span> <span class='ocrx_word' id='word_1_222' title='bbox 1067 2788 1171 2868; x_wconf 90' lang='lat' dir='ltr'><strong>ltaque</strong></span> <span class='ocrx_word' id='word_1_223' title='bbox 1190 2785 1271 2868; x_wconf 91' lang='lat' dir='ltr'><strong>quod</strong></span> <span class='ocrx_word' id='word_1_224' title='bbox 1295 2795 1354 2848; x_wconf 90' lang='lat' dir='ltr'><strong>tam</strong></span> <span class='ocrx_word' id='word_1_225' title='bbox 1377 2787 1563 2851; x_wconf 84' lang='lat' dir='ltr'><strong>confidenter</strong></span> <span class='ocrx_word' id='word_1_226' title='bbox 1585 2789 1740 2851; x_wconf 85' lang='lat' dir='ltr'><strong>alhrmavit</strong></span> 
     </span>
     <span class='ocr_line' id='line_1_23' title="bbox 370 2885 1741 2968; baseline 0.001 -20"><span class='ocrx_word' id='word_1_227' title='bbox 370 2886 554 2966; x_wconf 73' lang='lat' dir='ltr'><strong>libertinus,</strong></span> <span class='ocrx_word' id='word_1_228' title='bbox 577 2904 638 2951; x_wconf 91' lang='lat' dir='ltr'><strong>non</strong></span> <span class='ocrx_word' id='word_1_229' title='bbox 661 2886 700 2948; x_wconf 93' lang='lat' dir='ltr'><strong>de</strong></span> <span class='ocrx_word' id='word_1_230' title='bbox 722 2885 925 2962; x_wconf 81' lang='lat' dir='ltr'><strong>Orientalibus</strong></span> <span class='ocrx_word' id='word_1_231' title='bbox 948 2885 1076 2968; x_wconf 81' lang='lat' dir='ltr'><strong>intelligi</strong></span> <span class='ocrx_word' id='word_1_232' title='bbox 1094 2893 1204 2966; x_wconf 87' lang='lat' dir='ltr'><strong>potest,</strong></span> <span class='ocrx_word' id='word_1_233' title='bbox 1229 2902 1355 2965; x_wconf 91' lang='lat' dir='ltr'><strong>quorum</strong></span> <span class='ocrx_word' id='word_1_234' title='bbox 1367 2885 1534 2950; x_wconf 86' lang='lat' dir='ltr'><strong>Ritualibus</strong></span> <span class='ocrx_word' id='word_1_235' title='bbox 1558 2888 1741 2950; x_wconf 86' lang='lat' dir='ltr'><strong>sufficienter</strong></span> 
     </span>
     <span class='ocr_line' id='line_1_24' title="bbox 371 2983 1740 3067; baseline 0.001 -20"><span class='ocrx_word' id='word_1_236' title='bbox 371 2985 434 3067; x_wconf 87' lang='lat' dir='ltr'><strong>ejus</strong></span> <span class='ocrx_word' id='word_1_237' title='bbox 455 2986 607 3048; x_wconf 89' lang='lat' dir='ltr'><strong>temeritas</strong></span> <span class='ocrx_word' id='word_1_238' title='bbox 629 2983 790 3064; x_wconf 79' lang='lat' dir='ltr'><strong>refellitur,</strong></span> <span class='ocrx_word' id='word_1_239' title='bbox 813 2984 868 3048; x_wconf 92' lang='lat' dir='ltr'><strong>sed</strong></span> <span class='ocrx_word' id='word_1_240' title='bbox 891 2985 929 3048; x_wconf 93' lang='lat' dir='ltr'><strong>de</strong></span> <span class='ocrx_word' id='word_1_241' title='bbox 951 2985 1049 3048; x_wconf 87' lang='lat' dir='ltr'><strong>veteri</strong></span> <span class='ocrx_word' id='word_1_242' title='bbox 1071 2983 1228 3064; x_wconf 87' lang='lat' dir='ltr'><strong>Ecclesia,</strong></span> <span class='ocrx_word' id='word_1_243' title='bbox 1260 2983 1407 3046; x_wconf 90' lang='lat' dir='ltr'><strong>adversus</strong></span> <span class='ocrx_word' id='word_1_244' title='bbox 1438 3005 1526 3067; x_wconf 87' lang='lat' dir='ltr'><strong>quam</strong></span> <span class='ocrx_word' id='word_1_245' title='bbox 1554 3005 1615 3048; x_wconf 92' lang='lat' dir='ltr'><strong>nou</strong></span> <span class='ocrx_word' id='word_1_246' title='bbox 1643 2988 1740 3048; x_wconf 88' lang='lat' dir='ltr'><strong>minus</strong></span> 
     </span>
     <span class='ocr_line' id='line_1_25' title="bbox 370 3082 1741 3166; baseline -0.001 -20"><span class='ocrx_word' id='word_1_247' title='bbox 370 3092 486 3164; x_wconf 91' lang='lat' dir='ltr'><strong>peccat,</strong></span> <span class='ocrx_word' id='word_1_248' title='bbox 510 3084 579 3147; x_wconf 94' lang='lat' dir='ltr'><strong>dum</strong></span> <span class='ocrx_word' id='word_1_249' title='bbox 609 3085 824 3164; x_wconf 89' lang='lat' dir='ltr'><strong>incompertam</strong></span> <span class='ocrx_word' id='word_1_250' title='bbox 853 3082 910 3147; x_wconf 90' lang='lat' dir='ltr'><strong>sibi</strong></span> <span class='ocrx_word' id='word_1_251' title='bbox 938 3083 1004 3164; x_wconf 89' lang='lat' dir='ltr'><strong>ejus</strong></span> <span class='ocrx_word' id='word_1_252' title='bbox 1034 3083 1219 3163; x_wconf 90' lang='lat' dir='ltr'><strong>disciplinam</strong></span> <span class='ocrx_word' id='word_1_253' title='bbox 1251 3101 1291 3145; x_wconf 86' lang='lat' dir='ltr'><strong>ex</strong></span> <span class='ocrx_word' id='word_1_254' title='bbox 1320 3083 1458 3146; x_wconf 87' lang='lat' dir='ltr'><strong>inanibus</strong></span> <span class='ocrx_word' id='word_1_255' title='bbox 1488 3085 1671 3166; x_wconf 84' lang='lat' dir='ltr'><strong>conjecturis</strong></span> <span class='ocrx_word' id='word_1_256' title='bbox 1703 3083 1741 3145; x_wconf 90' lang='lat' dir='ltr'><strong>ad</strong></span> 
     </span>
     <span class='ocr_line' id='line_1_26' title="bbox 371 3181 1741 3266; baseline 0 -21"><span class='ocrx_word' id='word_1_257' title='bbox 371 3182 533 3262; x_wconf 88' lang='lat' dir='ltr'><strong>arbitrium,</strong></span> <span class='ocrx_word' id='word_1_258' title='bbox 557 3200 617 3245; x_wconf 92' lang='lat' dir='ltr'><strong>non</strong></span> <span class='ocrx_word' id='word_1_259' title='bbox 640 3183 679 3244; x_wconf 95' lang='lat' dir='ltr'><strong>ad</strong></span> <span class='ocrx_word' id='word_1_260' title='bbox 702 3184 858 3246; x_wconf 87' lang='lat' dir='ltr'><strong>veritatem</strong></span> <span class='ocrx_word' id='word_1_261' title='bbox 881 3182 1003 3266; x_wconf 81' lang='lat' dir='ltr'><strong>elllugit.</strong></span> <span class='ocrx_word' id='word_1_262' title='bbox 1047 3181 1122 3244; x_wconf 90' lang='lat' dir='ltr'><strong>Nam</strong></span> <span class='ocrx_word' id='word_1_263' title='bbox 1149 3189 1179 3244; x_wconf 93' lang='lat' dir='ltr'><strong>et</strong></span> <span class='ocrx_word' id='word_1_264' title='bbox 1202 3181 1353 3262; x_wconf 90' lang='lat' dir='ltr'><strong>antiquam</strong></span> <span class='ocrx_word' id='word_1_265' title='bbox 1376 3183 1601 3264; x_wconf 89' lang='lat' dir='ltr'><strong>simplicemque</strong></span> <span class='ocrx_word' id='word_1_266' title='bbox 1625 3184 1741 3246; x_wconf 85' lang='lat' dir='ltr'><strong>sormu-</strong></span> 
     </span>
     <span class='ocr_line' id='line_1_27' title="bbox 369 3279 1740 3360; baseline 0.001 -17"><span class='ocrx_word' id='word_1_267' title='bbox 369 3281 425 3343; x_wconf 89' lang='lat' dir='ltr'><strong>lam</strong></span> <span class='ocrx_word' id='word_1_268' title='bbox 450 3280 568 3360; x_wconf 76' lang='lat' dir='ltr'><strong>Corpus</strong></span> <span class='ocrx_word' id='word_1_269' title='bbox 591 3280 714 3360; x_wconf 68' lang='lat' dir='ltr'><strong>Obodan,</strong></span> <span class='ocrx_word' id='word_1_270' title='bbox 736 3281 841 3358; x_wconf 76' lang='lat' dir='ltr'><strong>Amor,</strong></span> <span class='ocrx_word' id='word_1_271' title='bbox 865 3280 1066 3343; x_wconf 90' lang='lat' dir='ltr'><strong>demonstrari</strong></span> <span class='ocrx_word' id='word_1_272' title='bbox 1094 3279 1183 3342; x_wconf 88' lang='lat' dir='ltr'><strong>laeile</strong></span> <span class='ocrx_word' id='word_1_273' title='bbox 1205 3287 1317 3359; x_wconf 90' lang='lat' dir='ltr'><strong>potest,</strong></span> <span class='ocrx_word' id='word_1_274' title='bbox 1341 3285 1397 3356; x_wconf 85' lang='lat' dir='ltr'><strong>(et</strong></span> <span class='ocrx_word' id='word_1_275' title='bbox 1425 3281 1454 3343; x_wconf 93' lang='lat' dir='ltr'><strong>id</strong></span> <span class='ocrx_word' id='word_1_276' title='bbox 1485 3282 1568 3344; x_wconf 90' lang='lat' dir='ltr'><strong>multi</strong></span> <span class='ocrx_word' id='word_1_277' title='bbox 1591 3291 1661 3346; x_wconf 86' lang='lat' dir='ltr'><strong>ante</strong></span> <span class='ocrx_word' id='word_1_278' title='bbox 1684 3300 1740 3344; x_wconf 92' lang='lat' dir='ltr'><strong>nos</strong></span> 
     </span>
     <span class='ocr_line' id='line_1_28' title="bbox 368 3377 1741 3460; baseline 0.001 -19"><span class='ocrx_word' id='word_1_279' title='bbox 368 3378 536 3458; x_wconf 64' lang='lat' dir='ltr'><strong>lecerunt)</strong></span> <span class='ocrx_word' id='word_1_280' title='bbox 562 3380 600 3442; x_wconf 90' lang='lat' dir='ltr'><strong>ad</strong></span> <span class='ocrx_word' id='word_1_281' title='bbox 627 3380 685 3442; x_wconf 92' lang='lat' dir='ltr'><strong>hoc</strong></span> <span class='ocrx_word' id='word_1_282' title='bbox 715 3378 788 3442; x_wconf 91' lang='lat' dir='ltr'><strong>illud</strong></span> <span class='ocrx_word' id='word_1_283' title='bbox 817 3380 931 3460; x_wconf 90' lang='lat' dir='ltr'><strong>ipsum,</strong></span> <span class='ocrx_word' id='word_1_284' title='bbox 963 3379 1042 3459; x_wconf 91' lang='lat' dir='ltr'><strong>quod</strong></span> <span class='ocrx_word' id='word_1_285' title='bbox 1071 3377 1208 3440; x_wconf 86' lang='lat' dir='ltr'><strong>fidelibus</strong></span> <span class='ocrx_word' id='word_1_286' title='bbox 1241 3377 1462 3459; x_wconf 86' lang='lat' dir='ltr'><strong>praebebatur,</strong></span> <span class='ocrx_word' id='word_1_287' title='bbox 1493 3381 1656 3459; x_wconf 88' lang='lat' dir='ltr'><strong>pertinere.</strong></span> <span class='ocrx_word' id='word_1_288' title='bbox 1701 3381 1741 3444; x_wconf 89' lang='lat' dir='ltr'><strong>Et</strong></span> 
     </span>
     <span class='ocr_line' id='line_1_29' title="bbox 370 3478 1844 3559; baseline -0.001 -18"><span class='ocrx_word' id='word_1_289' title='bbox 370 3480 504 3559; x_wconf 89' lang='lat' dir='ltr'><strong>quamvis</strong></span> <span class='ocrx_word' id='word_1_290' title='bbox 527 3497 567 3541; x_wconf 87' lang='lat' dir='ltr'><strong>ex</strong></span> <span class='ocrx_word' id='word_1_291' title='bbox 589 3479 776 3540; x_wconf 87' lang='lat' dir='ltr'><strong>rubricarum</strong></span> <span class='ocrx_word' id='word_1_292' title='bbox 799 3478 931 3556; x_wconf 91' lang='lat' dir='ltr'><strong>delectu,</strong></span> <span class='ocrx_word' id='word_1_293' title='bbox 960 3485 1161 3558; x_wconf 86' lang='lat' dir='ltr'><strong>accuratoque</strong></span> <span class='ocrx_word' id='word_1_294' title='bbox 1191 3478 1369 3540; x_wconf 89' lang='lat' dir='ltr'><strong>minutarum</strong></span> <span class='ocrx_word' id='word_1_295' title='bbox 1399 3479 1655 3542; x_wconf 90' lang='lat' dir='ltr'><strong>caeremoniarum</strong></span> <span class='ocrx_word' id='word_1_296' title='bbox 1682 3479 1740 3541; x_wconf 89' lang='lat' dir='ltr'><strong>de·</strong></span> <span class='ocrx_word' id='word_1_297' title='bbox 1842 3535 1844 3540; x_wconf 90' lang='lat'><em>.</em></span> 
     </span>
     <span class='ocr_line' id='line_1_30' title="bbox 368 3575 1740 3659; baseline -0.001 -20"><span class='ocrx_word' id='word_1_298' title='bbox 368 3578 546 3659; x_wconf 90' lang='lat' dir='ltr'><strong>scriptione,</strong></span> <span class='ocrx_word' id='word_1_299' title='bbox 570 3575 689 3657; x_wconf 90' lang='lat' dir='ltr'><strong>quando</strong></span> <span class='ocrx_word' id='word_1_300' title='bbox 712 3576 791 3638; x_wconf 91' lang='lat' dir='ltr'><strong>illam</strong></span> <span class='ocrx_word' id='word_1_301' title='bbox 814 3576 937 3640; x_wconf 91' lang='lat' dir='ltr'><strong>codices</strong></span> <span class='ocrx_word' id='word_1_302' title='bbox 961 3575 1108 3659; x_wconf 82' lang='lat' dir='ltr'><strong>Liturgici</strong></span> <span class='ocrx_word' id='word_1_303' title='bbox 1130 3594 1192 3638; x_wconf 94' lang='lat' dir='ltr'><strong>non</strong></span> <span class='ocrx_word' id='word_1_304' title='bbox 1215 3585 1461 3657; x_wconf 88' lang='lat' dir='ltr'><strong>repraesentant,</strong></span> <span class='ocrx_word' id='word_1_305' title='bbox 1492 3585 1578 3639; x_wconf 86' lang='lat' dir='ltr'><strong>recte</strong></span> <span class='ocrx_word' id='word_1_306' title='bbox 1600 3577 1740 3639; x_wconf 91' lang='lat' dir='ltr'><strong>concludi</strong></span> 
     </span>
     <span class='ocr_line' id='line_1_31' title="bbox 368 3674 1740 3756; baseline 0.001 -19"><span class='ocrx_word' id='word_1_307' title='bbox 368 3693 427 3737; x_wconf 95' lang='lat' dir='ltr'><strong>non</strong></span> <span class='ocrx_word' id='word_1_308' title='bbox 450 3677 558 3756; x_wconf 90' lang='lat' dir='ltr'><strong>possit,</strong></span> <span class='ocrx_word' id='word_1_309' title='bbox 579 3675 652 3738; x_wconf 89' lang='lat' dir='ltr'><strong>nihil</strong></span> <span class='ocrx_word' id='word_1_310' title='bbox 675 3674 754 3736; x_wconf 86' lang='lat' dir='ltr'><strong>ultra</strong></span> <span class='ocrx_word' id='word_1_311' title='bbox 776 3675 970 3738; x_wconf 89' lang='lat' dir='ltr'><strong>observatum</strong></span> <span class='ocrx_word' id='word_1_312' title='bbox 993 3694 1080 3754; x_wconf 91' lang='lat' dir='ltr'><strong>esse,</strong></span> <span class='ocrx_word' id='word_1_313' title='bbox 1103 3676 1176 3738; x_wconf 88' lang='lat' dir='ltr'><strong>satis</strong></span> <span class='ocrx_word' id='word_1_314' title='bbox 1199 3677 1278 3737; x_wconf 88' lang='lat' dir='ltr'><strong>euim</strong></span> <span class='ocrx_word' id='word_1_315' title='bbox 1301 3684 1420 3738; x_wconf 89' lang='lat' dir='ltr'><strong>constat</strong></span> <span class='ocrx_word' id='word_1_316' title='bbox 1446 3678 1523 3739; x_wconf 89' lang='lat' dir='ltr'><strong>haec</strong></span> <span class='ocrx_word' id='word_1_317' title='bbox 1550 3678 1648 3738; x_wconf 93' lang='lat' dir='ltr'><strong>omnia</strong></span> <span class='ocrx_word' id='word_1_318' title='bbox 1677 3695 1740 3739; x_wconf 92' lang='lat' dir='ltr'><strong>non</strong></span> 
     </span>
     <span class='ocr_line' id='line_1_32' title="bbox 368 3772 1738 3858; baseline 0.001 -22"><span class='ocrx_word' id='word_1_319' title='bbox 368 3775 492 3854; x_wconf 81' lang='lat' dir='ltr'><strong>scripto,</strong></span> <span class='ocrx_word' id='word_1_320' title='bbox 517 3773 572 3834; x_wconf 89' lang='lat' dir='ltr'><strong>sed</strong></span> <span class='ocrx_word' id='word_1_321' title='bbox 594 3772 754 3858; x_wconf 81' lang='lat' dir='ltr'><strong>traditione</strong></span> <span class='ocrx_word' id='word_1_322' title='bbox 777 3774 815 3836; x_wconf 91' lang='lat' dir='ltr'><strong>ad</strong></span> <span class='ocrx_word' id='word_1_323' title='bbox 837 3774 991 3836; x_wconf 86' lang='lat' dir='ltr'><strong>Ecclesias</strong></span> <span class='ocrx_word' id='word_1_324' title='bbox 1014 3777 1147 3852; x_wconf 86' lang='lat' dir='ltr'><strong>venisse,</strong></span> <span class='ocrx_word' id='word_1_325' title='bbox 1170 3773 1255 3836; x_wconf 91' lang='lat' dir='ltr'><strong>idad</strong></span> <span class='ocrx_word' id='word_1_326' title='bbox 1275 3773 1645 3838; x_wconf 86' lang='lat' dir='ltr'><strong>OrientalesGhristianos</strong></span> <span class='ocrx_word' id='word_1_327' title='bbox 1667 3776 1738 3838; x_wconf 91' lang='lat' dir='ltr'><strong>nihil</strong></span> 
     </span>
     <span class='ocr_line' id='line_1_33' title="bbox 368 3871 1739 3956; baseline 0.001 -21"><span class='ocrx_word' id='word_1_328' title='bbox 368 3874 481 3935; x_wconf 88' lang='lat' dir='ltr'><strong>attinet.</strong></span> <span class='ocrx_word' id='word_1_329' title='bbox 525 3871 601 3934; x_wconf 91' lang='lat' dir='ltr'><strong>Nam</strong></span> <span class='ocrx_word' id='word_1_330' title='bbox 623 3873 653 3933; x_wconf 93' lang='lat' dir='ltr'><strong>in</strong></span> <span class='ocrx_word' id='word_1_331' title='bbox 675 3872 812 3952; x_wconf 90' lang='lat' dir='ltr'><strong>ipsorum</strong></span> <span class='ocrx_word' id='word_1_332' title='bbox 835 3872 999 3937; x_wconf 76' lang='lat' dir='ltr'><strong>(lodicibus</strong></span> <span class='ocrx_word' id='word_1_333' title='bbox 1022 3873 1193 3956; x_wconf 79' lang='lat' dir='ltr'><strong>singulares</strong></span> <span class='ocrx_word' id='word_1_334' title='bbox 1220 3873 1262 3935; x_wconf 91' lang='lat' dir='ltr'><strong>illi</strong></span> <span class='ocrx_word' id='word_1_335' title='bbox 1284 3875 1359 3935; x_wconf 84' lang='lat' dir='ltr'><strong>ritus</strong></span> <span class='ocrx_word' id='word_1_336' title='bbox 1383 3873 1545 3956; x_wconf 88' lang='lat' dir='ltr'><strong>descripti,</strong></span> <span class='ocrx_word' id='word_1_337' title='bbox 1578 3875 1739 3956; x_wconf 90' lang='lat' dir='ltr'><strong>perspicue</strong></span> 
     </span>
     <span class='ocr_line' id='line_1_34' title="bbox 367 3968 1739 4054; baseline 0.001 -20"><span class='ocrx_word' id='word_1_338' title='bbox 367 3972 547 4054; x_wconf 85' lang='lat' dir='ltr'><strong>significant,</strong></span> <span class='ocrx_word' id='word_1_339' title='bbox 571 3968 814 4050; x_wconf 88' lang='lat' dir='ltr'><strong>Conlessionem,</strong></span> <span class='ocrx_word' id='word_1_340' title='bbox 838 3972 877 4034; x_wconf 90' lang='lat' dir='ltr'><strong>ad</strong></span> <span class='ocrx_word' id='word_1_341' title='bbox 898 3973 996 4053; x_wconf 92' lang='lat' dir='ltr'><strong>ipsum</strong></span> <span class='ocrx_word' id='word_1_342' title='bbox 1014 3973 1095 4053; x_wconf 93' lang='lat' dir='ltr'><strong>quod</strong></span> <span class='ocrx_word' id='word_1_343' title='bbox 1113 3972 1277 4054; x_wconf 91' lang='lat' dir='ltr'><strong>praebetur</strong></span> <span class='ocrx_word' id='word_1_344' title='bbox 1291 3972 1587 4054; x_wconf 85' lang='lat' dir='ltr'><strong>communicantibus,</strong></span> <span class='ocrx_word' id='word_1_345' title='bbox 1613 3981 1643 4036; x_wconf 90' lang='lat' dir='ltr'><strong>et</strong></span> <span class='ocrx_word' id='word_1_346' title='bbox 1658 3974 1739 4054; x_wconf 91' lang='lat' dir='ltr'><strong>qood</strong></span> 
     </span>
     <span class='ocr_line' id='line_1_35' title="bbox 368 4068 1738 4153; baseline 0 -20"><span class='ocrx_word' id='word_1_347' title='bbox 368 4069 590 4133; x_wconf 86' lang='lat' dir='ltr'><strong>demonstratur</strong></span> <span class='ocrx_word' id='word_1_348' title='bbox 612 4068 719 4148; x_wconf 91' lang='lat' dir='ltr'><strong>oculis,</strong></span> <span class='ocrx_word' id='word_1_349' title='bbox 744 4069 855 4133; x_wconf 88' lang='lat' dir='ltr'><strong>Christi</strong></span> <span class='ocrx_word' id='word_1_350' title='bbox 879 4089 1002 4152; x_wconf 91' lang='lat' dir='ltr'><strong>corpus,</strong></span> <span class='ocrx_word' id='word_1_351' title='bbox 1027 4073 1195 4134; x_wconf 89' lang='lat' dir='ltr'><strong>certissime</strong></span> <span class='ocrx_word' id='word_1_352' title='bbox 1219 4071 1337 4133; x_wconf 86' lang='lat' dir='ltr'><strong>relerri.</strong></span> <span class='ocrx_word' id='word_1_353' title='bbox 1377 4073 1453 4133; x_wconf 92' lang='lat' dir='ltr'><strong>Nam</strong></span> <span class='ocrx_word' id='word_1_354' title='bbox 1475 4072 1623 4153; x_wconf 86' lang='lat' dir='ltr'><strong>majorim</strong></span> <span class='ocrx_word' id='word_1_355' title='bbox 1646 4071 1738 4134; x_wconf 91' lang='lat' dir='ltr'><strong>rebus</strong></span> 
     </span>
     <span class='ocr_line' id='line_1_36' title="bbox 366 4167 1738 4252; baseline 0.002 -21"><span class='ocrx_word' id='word_1_356' title='bbox 366 4168 502 4231; x_wconf 89' lang='lat' dir='ltr'><strong>humanis</strong></span> <span class='ocrx_word' id='word_1_357' title='bbox 526 4167 675 4230; x_wconf 86' lang='lat' dir='ltr'><strong>certitudo</strong></span> <span class='ocrx_word' id='word_1_358' title='bbox 698 4187 767 4232; x_wconf 91' lang='lat' dir='ltr'><strong>esse</strong></span> <span class='ocrx_word' id='word_1_359' title='bbox 791 4169 872 4232; x_wconf 91' lang='lat' dir='ltr'><strong>nulla</strong></span> <span class='ocrx_word' id='word_1_360' title='bbox 894 4179 1013 4251; x_wconf 87' lang='lat' dir='ltr'><strong>potest,</strong></span> <span class='ocrx_word' id='word_1_361' title='bbox 1042 4189 1129 4252; x_wconf 88' lang='lat' dir='ltr'><strong>quam</strong></span> <span class='ocrx_word' id='word_1_362' title='bbox 1152 4178 1197 4232; x_wconf 90' lang='lat' dir='ltr'><strong>tot</strong></span> <span class='ocrx_word' id='word_1_363' title='bbox 1220 4171 1444 4233; x_wconf 88' lang='lat' dir='ltr'><strong>caeremoniae:</strong></span> <span class='ocrx_word' id='word_1_364' title='bbox 1475 4189 1563 4251; x_wconf 87' lang='lat' dir='ltr'><strong>quarn</strong></span> <span class='ocrx_word' id='word_1_365' title='bbox 1590 4179 1738 4251; x_wconf 90' lang='lat' dir='ltr'><strong>perpetua</strong></span> 
     </span>
     <span class='ocr_line' id='line_1_37' title="bbox 368 4267 1737 4351; baseline 0.002 -21"><span class='ocrx_word' id='word_1_366' title='bbox 368 4267 567 4344; x_wconf 90' lang='lat' dir='ltr'><strong>consuetudo,</strong></span> <span class='ocrx_word' id='word_1_367' title='bbox 590 4276 622 4330; x_wconf 92' lang='lat' dir='ltr'><strong>ut</strong></span> <span class='ocrx_word' id='word_1_368' title='bbox 644 4267 725 4348; x_wconf 92' lang='lat' dir='ltr'><strong>quod</strong></span> <span class='ocrx_word' id='word_1_369' title='bbox 748 4270 833 4349; x_wconf 88' lang='lat' dir='ltr'><strong>panis</strong></span> <span class='ocrx_word' id='word_1_370' title='bbox 857 4277 887 4331; x_wconf 89' lang='lat' dir='ltr'><strong>et</strong></span> <span class='ocrx_word' id='word_1_371' title='bbox 910 4271 1012 4332; x_wconf 89' lang='lat' dir='ltr'><strong>vinum</strong></span> <span class='ocrx_word' id='word_1_372' title='bbox 1035 4269 1170 4349; x_wconf 90' lang='lat' dir='ltr'><strong>videtur,</strong></span> <span class='ocrx_word' id='word_1_373' title='bbox 1195 4269 1365 4351; x_wconf 91' lang='lat' dir='ltr'><strong>appelletur</strong></span> <span class='ocrx_word' id='word_1_374' title='bbox 1395 4286 1507 4350; x_wconf 87' lang='lat' dir='ltr'><strong>corpus</strong></span> <span class='ocrx_word' id='word_1_375' title='bbox 1537 4278 1568 4332; x_wconf 89' lang='lat' dir='ltr'><strong>et</strong></span> <span class='ocrx_word' id='word_1_376' title='bbox 1595 4270 1737 4351; x_wconf 84' lang='lat' dir='ltr'><strong>sanguis;</strong></span> 
     </span>
     <span class='ocr_line' id='line_1_38' title="bbox 367 4365 1738 4450; baseline 0.001 -21"><span class='ocrx_word' id='word_1_377' title='bbox 367 4375 454 4446; x_wconf 80' lang='lat' dir='ltr'><strong>quam</strong></span> <span class='ocrx_word' id='word_1_378' title='bbox 477 4365 607 4446; x_wconf 89' lang='lat' dir='ltr'><strong>denique</strong></span> <span class='ocrx_word' id='word_1_379' title='bbox 630 4373 693 4428; x_wconf 89' lang='lat' dir='ltr'><strong>tota</strong></span> <span class='ocrx_word' id='word_1_380' title='bbox 715 4366 765 4429; x_wconf 90' lang='lat' dir='ltr'><strong>illa</strong></span> <span class='ocrx_word' id='word_1_381' title='bbox 789 4369 868 4432; x_wconf 88' lang='lat' dir='ltr'><strong>actio</strong></span> <span class='ocrx_word' id='word_1_382' title='bbox 897 4386 963 4430; x_wconf 91' lang='lat' dir='ltr'><strong>cum</strong></span> <span class='ocrx_word' id='word_1_383' title='bbox 994 4371 1130 4432; x_wconf 87' lang='lat' dir='ltr'><strong>oratione</strong></span> <span class='ocrx_word' id='word_1_384' title='bbox 1154 4369 1332 4450; x_wconf 89' lang='lat' dir='ltr'><strong>conjuncta,</strong></span> <span class='ocrx_word' id='word_1_385' title='bbox 1364 4387 1421 4449; x_wconf 90' lang='lat' dir='ltr'><strong>per</strong></span> <span class='ocrx_word' id='word_1_386' title='bbox 1451 4387 1539 4450; x_wconf 89' lang='lat' dir='ltr'><strong>quam</strong></span> <span class='ocrx_word' id='word_1_387' title='bbox 1569 4367 1738 4430; x_wconf 89' lang='lat' dir='ltr'><strong>certissime</strong></span> 
     </span>
     <span class='ocr_line' id='line_1_39' title="bbox 367 4463 1737 4548; baseline 0.002 -22"><span class='ocrx_word' id='word_1_388' title='bbox 367 4463 404 4526; x_wconf 89' lang='lat' dir='ltr'><strong>de</strong></span> <span class='ocrx_word' id='word_1_389' title='bbox 428 4482 464 4526; x_wconf 89' lang='lat' dir='ltr'><strong>ea</strong></span> <span class='ocrx_word' id='word_1_390' title='bbox 487 4467 644 4546; x_wconf 81' lang='lat' dir='ltr'><strong>particula,</strong></span> <span class='ocrx_word' id='word_1_391' title='bbox 669 4481 757 4548; x_wconf 91' lang='lat' dir='ltr'><strong>quam</strong></span> <span class='ocrx_word' id='word_1_392' title='bbox 781 4467 913 4529; x_wconf 90' lang='lat' dir='ltr'><strong>ostendit</strong></span> <span class='ocrx_word' id='word_1_393' title='bbox 935 4467 1095 4547; x_wconf 88' lang='lat' dir='ltr'><strong>Sacerdos,</strong></span> <span class='ocrx_word' id='word_1_394' title='bbox 1119 4475 1150 4530; x_wconf 92' lang='lat' dir='ltr'><strong>et</strong></span> <span class='ocrx_word' id='word_1_395' title='bbox 1164 4467 1201 4529; x_wconf 92' lang='lat' dir='ltr'><strong>de</strong></span> <span class='ocrx_word' id='word_1_396' title='bbox 1220 4467 1285 4529; x_wconf 93' lang='lat' dir='ltr'><strong>aliis</strong></span> <span class='ocrx_word' id='word_1_397' title='bbox 1310 4485 1386 4546; x_wconf 92' lang='lat' dir='ltr'><strong>quae</strong></span> <span class='ocrx_word' id='word_1_398' title='bbox 1410 4468 1440 4529; x_wconf 91' lang='lat' dir='ltr'><strong>in</strong></span> <span class='ocrx_word' id='word_1_399' title='bbox 1463 4467 1547 4530; x_wconf 88' lang='lat' dir='ltr'><strong>disco</strong></span> <span class='ocrx_word' id='word_1_400' title='bbox 1571 4465 1737 4529; x_wconf 89' lang='lat' dir='ltr'><strong>collocatae</strong></span> 
     </span>
     <span class='ocr_line' id='line_1_40' title="bbox 366 4563 1737 4647; baseline -0.001 -21"><span class='ocrx_word' id='word_1_401' title='bbox 366 4571 446 4640; x_wconf 90' lang='lat' dir='ltr'><strong>sunt,</strong></span> <span class='ocrx_word' id='word_1_402' title='bbox 469 4563 629 4627; x_wconf 87' lang='lat' dir='ltr'><strong>alhrmutur</strong></span> <span class='ocrx_word' id='word_1_403' title='bbox 652 4582 722 4628; x_wconf 89' lang='lat' dir='ltr'><strong>esse</strong></span> <span class='ocrx_word' id='word_1_404' title='bbox 745 4566 812 4628; x_wconf 91' lang='lat' dir='ltr'><strong>illos</strong></span> <span class='ocrx_word' id='word_1_405' title='bbox 837 4564 948 4629; x_wconf 89' lang='lat' dir='ltr'><strong>Christi</strong></span> <span class='ocrx_word' id='word_1_406' title='bbox 972 4583 1083 4647; x_wconf 91' lang='lat' dir='ltr'><strong>corpus</strong></span> <span class='ocrx_word' id='word_1_407' title='bbox 1113 4575 1144 4628; x_wconf 91' lang='lat' dir='ltr'><strong>et</strong></span> <span class='ocrx_word' id='word_1_408' title='bbox 1172 4567 1360 4647; x_wconf 83' lang='lat' dir='ltr'><strong>sanguinem.</strong></span> <span class='ocrx_word' id='word_1_409' title='bbox 1405 4565 1473 4627; x_wconf 89' lang='lat' dir='ltr'><strong>lllas</strong></span> <span class='ocrx_word' id='word_1_410' title='bbox 1503 4567 1595 4647; x_wconf 83' lang='lat' dir='ltr'><strong>igitur</strong></span> <span class='ocrx_word' id='word_1_411' title='bbox 1618 4582 1684 4625; x_wconf 90' lang='lat' dir='ltr'><strong>curn</strong></span> <span class='ocrx_word' id='word_1_412' title='bbox 1708 4566 1737 4626; x_wconf 92' lang='lat' dir='ltr'><strong>in</strong></span> 
     </span>
     <span class='ocr_line' id='line_1_41' title="bbox 366 4664 1738 4745; baseline 0.001 -23"><span class='ocrx_word' id='word_1_413' title='bbox 366 4679 469 4724; x_wconf 90' lang='lat' dir='ltr'><strong>mensa</strong></span> <span class='ocrx_word' id='word_1_414' title='bbox 492 4679 591 4741; x_wconf 89' lang='lat' dir='ltr'><strong>sacra,</strong></span> <span class='ocrx_word' id='word_1_415' title='bbox 615 4664 698 4725; x_wconf 89' lang='lat' dir='ltr'><strong>etin</strong></span> <span class='ocrx_word' id='word_1_416' title='bbox 721 4664 804 4726; x_wconf 91' lang='lat' dir='ltr'><strong>disco</strong></span> <span class='ocrx_word' id='word_1_417' title='bbox 827 4664 948 4741; x_wconf 88' lang='lat' dir='ltr'><strong>vident,</strong></span> <span class='ocrx_word' id='word_1_418' title='bbox 977 4664 1107 4726; x_wconf 89' lang='lat' dir='ltr'><strong>latentur</strong></span> <span class='ocrx_word' id='word_1_419' title='bbox 1137 4683 1206 4728; x_wconf 87' lang='lat' dir='ltr'><strong>esse</strong></span> <span class='ocrx_word' id='word_1_420' title='bbox 1229 4667 1325 4745; x_wconf 90' lang='lat' dir='ltr'><strong>ipsum</strong></span> <span class='ocrx_word' id='word_1_421' title='bbox 1348 4666 1512 4745; x_wconf 90' lang='lat' dir='ltr'><strong>pretiosum</strong></span> <span class='ocrx_word' id='word_1_422' title='bbox 1543 4671 1574 4725; x_wconf 91' lang='lat' dir='ltr'><strong>ot</strong></span> <span class='ocrx_word' id='word_1_423' title='bbox 1603 4671 1738 4726; x_wconf 91' lang='lat' dir='ltr'><strong>sanctum</strong></span> 
     </span>
     <span class='ocr_line' id='line_1_42' title="bbox 366 4761 1738 4844; baseline 0.001 -22"><span class='ocrx_word' id='word_1_424' title='bbox 366 4779 477 4841; x_wconf 89' lang='lat' dir='ltr'><strong>corpus</strong></span> <span class='ocrx_word' id='word_1_425' title='bbox 501 4770 533 4824; x_wconf 88' lang='lat' dir='ltr'><strong>ct</strong></span> <span class='ocrx_word' id='word_1_426' title='bbox 555 4763 733 4844; x_wconf 81' lang='lat' dir='ltr'><strong>sanguinem</strong></span> <span class='ocrx_word' id='word_1_427' title='bbox 755 4761 874 4823; x_wconf 89' lang='lat' dir='ltr'><strong>Domini</strong></span> <span class='ocrx_word' id='word_1_428' title='bbox 896 4761 952 4824; x_wconf 90' lang='lat' dir='ltr'><strong>Dei</strong></span> <span class='ocrx_word' id='word_1_429' title='bbox 983 4771 1013 4824; x_wconf 88' lang='lat' dir='ltr'><strong>et</strong></span> <span class='ocrx_word' id='word_1_430' title='bbox 1036 4763 1202 4827; x_wconf 78' lang='lat' dir='ltr'><strong>salvatoris</strong></span> <span class='ocrx_word' id='word_1_431' title='bbox 1225 4766 1322 4827; x_wconf 89' lang='lat' dir='ltr'><strong>nostri</strong></span> <span class='ocrx_word' id='word_1_432' title='bbox 1343 4765 1418 4827; x_wconf 88' lang='lat' dir='ltr'><strong>lesu</strong></span> <span class='ocrx_word' id='word_1_433' title='bbox 1442 4765 1570 4842; x_wconf 86' lang='lat' dir='ltr'><strong>Christi,</strong></span> <span class='ocrx_word' id='word_1_434' title='bbox 1605 4762 1738 4843; x_wconf 92' lang='lat' dir='ltr'><strong>illudque</strong></span> 
     </span>
     <span class='ocr_line' id='line_1_43' title="bbox 365 4861 1740 4943; baseline 0.002 -23"><span class='ocrx_word' id='word_1_435' title='bbox 365 4876 425 4920; x_wconf 93' lang='lat' dir='ltr'><strong>non</strong></span> <span class='ocrx_word' id='word_1_436' title='bbox 448 4861 600 4941; x_wconf 76' lang='lat' dir='ltr'><strong>typicum,</strong></span> <span class='ocrx_word' id='word_1_437' title='bbox 630 4879 690 4924; x_wconf 93' lang='lat' dir='ltr'><strong>non</strong></span> <span class='ocrx_word' id='word_1_438' title='bbox 720 4861 1032 4943; x_wconf 88' lang='lat' dir='ltr'><strong>repraesentativum,</strong></span> <span class='ocrx_word' id='word_1_439' title='bbox 1063 4863 1118 4924; x_wconf 92' lang='lat' dir='ltr'><strong>sed</strong></span> <span class='ocrx_word' id='word_1_440' title='bbox 1146 4863 1244 4943; x_wconf 90' lang='lat' dir='ltr'><strong>ipsum</strong></span> <span class='ocrx_word' id='word_1_441' title='bbox 1273 4881 1394 4942; x_wconf 89' lang='lat' dir='ltr'><strong>verum,</strong></span> <span class='ocrx_word' id='word_1_442' title='bbox 1424 4863 1506 4942; x_wconf 92' lang='lat' dir='ltr'><strong>quod</strong></span> <span class='ocrx_word' id='word_1_443' title='bbox 1533 4863 1672 4926; x_wconf 90' lang='lat' dir='ltr'><strong>assumsit</strong></span> <span class='ocrx_word' id='word_1_444' title='bbox 1700 4879 1740 4923; x_wconf 90' lang='lat' dir='ltr'><strong>cx</strong></span> 
     </span>
     <span class='ocr_line' id='line_1_44' title="bbox 364 4956 1740 5042; baseline 0.004 -25"><span class='ocrx_word' id='word_1_445' title='bbox 364 4956 460 5020; x_wconf 87' lang='lat' dir='ltr'><strong>hlaria</strong></span> <span class='ocrx_word' id='word_1_446' title='bbox 482 4961 619 5042; x_wconf 85' lang='lat' dir='ltr'><strong>Virgine,</strong></span> <span class='ocrx_word' id='word_1_447' title='bbox 644 4969 675 5023; x_wconf 91' lang='lat' dir='ltr'><strong>et</strong></span> <span class='ocrx_word' id='word_1_448' title='bbox 697 4961 770 5024; x_wconf 88' lang='lat' dir='ltr'><strong>lecit</strong></span> <span class='ocrx_word' id='word_1_449' title='bbox 792 4977 892 5036; x_wconf 91' lang='lat' dir='ltr'><strong>unum,</strong></span> <span class='ocrx_word' id='word_1_450' title='bbox 916 4959 981 5021; x_wconf 88' lang='lat' dir='ltr'><strong>sive</strong></span> <span class='ocrx_word' id='word_1_451' title='bbox 1004 4960 1109 5039; x_wconf 90' lang='lat' dir='ltr'><strong>univit,</strong></span> <span class='ocrx_word' id='word_1_452' title='bbox 1133 4979 1200 5024; x_wconf 92' lang='lat' dir='ltr'><strong>cum</strong></span> <span class='ocrx_word' id='word_1_453' title='bbox 1224 4961 1378 5024; x_wconf 88' lang='lat' dir='ltr'><strong>divinitate</strong></span> <span class='ocrx_word' id='word_1_454' title='bbox 1400 4981 1470 5026; x_wconf 89' lang='lat' dir='ltr'><strong>sua:</strong></span> <span class='ocrx_word' id='word_1_455' title='bbox 1494 4966 1534 5026; x_wconf 90' lang='lat' dir='ltr'><strong>ita</strong></span> <span class='ocrx_word' id='word_1_456' title='bbox 1556 4971 1589 5024; x_wconf 93' lang='lat' dir='ltr'><strong>ut</strong></span> <span class='ocrx_word' id='word_1_457' title='bbox 1612 4980 1650 5024; x_wconf 90' lang='lat' dir='ltr'><strong>ne</strong></span> <span class='ocrx_word' id='word_1_458' title='bbox 1673 4979 1740 5022; x_wconf 91' lang='lat' dir='ltr'><strong>mo-</strong></span> 
     </span>
     <span class='ocr_line' id='line_1_45' title="bbox 365 5058 1740 5142; baseline 0.004 -26"><span class='ocrx_word' id='word_1_459' title='bbox 365 5065 465 5119; x_wconf 88' lang='lat' dir='ltr'><strong>mento</strong></span> <span class='ocrx_word' id='word_1_460' title='bbox 488 5058 607 5137; x_wconf 91' lang='lat' dir='ltr'><strong>quidem</strong></span> <span class='ocrx_word' id='word_1_461' title='bbox 630 5059 784 5122; x_wconf 90' lang='lat' dir='ltr'><strong>levissimo</strong></span> <span class='ocrx_word' id='word_1_462' title='bbox 815 5066 956 5139; x_wconf 86' lang='lat' dir='ltr'><strong>separata</strong></span> <span class='ocrx_word' id='word_1_463' title='bbox 987 5075 1075 5138; x_wconf 90' lang='lat' dir='ltr'><strong>caro,</strong></span> <span class='ocrx_word' id='word_1_464' title='bbox 1108 5067 1138 5121; x_wconf 90' lang='lat' dir='ltr'><strong>et</strong></span> <span class='ocrx_word' id='word_1_465' title='bbox 1167 5060 1335 5122; x_wconf 90' lang='lat' dir='ltr'><strong>humanitas</strong></span> <span class='ocrx_word' id='word_1_466' title='bbox 1365 5063 1431 5142; x_wconf 77' lang='lat' dir='ltr'><strong>eJ&#39;us</strong></span> <span class='ocrx_word' id='word_1_467' title='bbox 1460 5060 1552 5124; x_wconf 90' lang='lat' dir='ltr'><strong>luerit</strong></span> <span class='ocrx_word' id='word_1_468' title='bbox 1579 5061 1617 5123; x_wconf 93' lang='lat' dir='ltr'><strong>ab</strong></span> <span class='ocrx_word' id='word_1_469' title='bbox 1645 5061 1740 5141; x_wconf 91' lang='lat' dir='ltr'><strong>ipsius</strong></span> 
     </span>
    </p>
   </div>
   <div class='ocr_carea' id='block_1_3' title="bbox 1455 5176 1532 5251">
    <p class='ocr_par' dir='ltr' id='par_1_4' title="bbox 1455 5176 1532 5251">
     <span class='ocr_line' id='line_1_46' title="bbox 1455 5176 1532 5251; baseline 0 -39"><span class='ocrx_word' id='word_1_470' title='bbox 1455 5176 1532 5251; x_wconf 67' lang='lat'><strong>43.</strong></span> 
     </span>
    </p>
   </div>
   <div class='ocr_carea' id='block_1_4' title="bbox 0 0 2340 6039">
    <p class='ocr_par' dir='ltr' id='par_1_5' title="bbox 0 0 2340 6039">
     <span class='ocr_line' id='line_1_47' title="bbox 0 0 2340 6039; baseline 0 0"><span class='ocrx_word' id='word_1_471' title='bbox 0 0 2340 6039; x_wconf 95' lang='lat' dir='ltr'><strong> </strong></span> 
     </span>
    </p>
   </div>
  </div>
 </body>
</html>
