4680 6044
281 2254 345 2324 Pap.
360 2255 384 2306 l.

317 2498 431 2566 liturgia
451 2495 514 2564 quid
528 2509 594 2562 pro·

284 2585 342 2652 pria
357 2581 492 2652 significet.

304 4581 367 4649 Ejus
379 4584 451 4635 varia
467 4583 579 4636 nomina.

981 1106 1622 1288 COMMENTARIUS

714 1443 812 1561 lb
864 1443 1318 1562 ultuaellu
1370 1441 1882 1562 COPllllRUll

1104 1621 1283 1758 slusii
1314 1680 1500 1758 sasima.

1153 1975 1439 2010 >4-

1100 2238 1299 2324 uruaan
1330 2240 1491 2324 casua.
1603 2349 1607 2362 Ι

713 2473 785 2554 Cau
814 2504 850 2549 ea
878 2485 917 2548 sit
946 2484 1034 2567 bajus
1055 2485 1152 2546 nostri
1178 2484 1208 2544 in
1230 2483 1395 2568 liturgiam
1417 2485 1637 2569 Aegyptiacam
1667 2487 1872 2549 commentarii
1898 2490 1986 2566 ratio,

610 2600 643 2656 ιιι
668 2593 700 2654 in
722 2607 790 2653 eum
813 2584 954 2649 conferre
977 2584 1171 2666 designemus
1201 2585 1299 2647 omnia
1329 2603 1406 2668 quae
1436 2587 1474 2648 ad
1496 2585 1770 2650 Eucharisticorum
1799 2587 1909 2650 rituum
1935 2589 1987 2652 di-

611 2691 767 2768 sciplinam
790 2685 932 2762 attinent,
955 2684 1032 2746 adeo
1055 2690 1088 2744 ιιι
1110 2681 1176 2744 aliis
1200 2683 1347 2764 ejusmodi
1370 2684 1485 2748 Olliaiis
1508 2685 1690 2749 illustrandis
1713 2688 1860 2748 inservire
1883 2697 1986 2770 queat,

610 2790 704 2853 multa
726 2805 805 2870 quae
828 2783 898 2846 alibi
920 2783 1015 2846 fusius
1038 2789 1167 2844 tractata
1190 2790 1273 2860 sunt,
1297 2784 1338 2844 ita
1360 2784 1494 2847 delibare
1513 2784 1706 2864 conabimur,
1728 2794 1761 2848 ιιι
1775 2785 1880 2866 paucis
1898 2801 1987 2848 com-

611 2889 779 2972 plectamur
803 2900 1009 2966 quaecumqua
1033 2881 1070 2943 ad
1093 2880 1212 2944 illorum
1235 2880 1411 2946 Olliciorum
1438 2883 1665 2968 intelligentiam
1693 2886 1868 2948 necessaria
1895 2884 1987 2948 vide·
2025 2944 2034 2952 .

611 2991 734 3054 buntur.
779 2985 980 3066 Liturgiamm
1003 2985 1121 3045 nomine
1144 2982 1272 3066 intelligi
1296 2981 1408 3045 debent
1430 2983 1556 3062 Odicia,
1580 3003 1635 3048 seu
1656 2985 1790 3048 Riluales
1813 2984 1880 3048 libri
1894 2991 1987 3046 auto-

611 3089 699 3150 ritate
721 3086 843 3168 publica
865 3083 1069 3148 Ecclesiarum
1092 3083 1213 3165 scripti,
1237 3099 1400 3164 earumque
1424 3101 1480 3146 usu
1503 3085 1707 3164 comprobati,
1738 3085 1847 3165 quibus
1874 3101 1986 3165 preces

611 3194 643 3250 et
665 3188 741 3249 ritus
766 3186 803 3248 ad
827 3182 1063 3248 consecrandam
1089 3190 1119 3245 et
1149 3182 1412 3246 administrandam
1440 3183 1657 3246 Eucharistiam
1684 3184 1881 3246 continentur.
1925 3183 1987 3248 Se-

612 3285 741 3350 cundum
764 3285 840 3348 banc
864 3282 1083 3360 definitionem,
1105 3279 1262 3363 Litargiae
1285 3299 1394 3344 nomeu
1416 3282 1481 3344 dari
1503 3300 1563 3346 non
1585 3291 1687 3363 polest
1709 3281 1825 3348 Olliciis
1855 3285 1987 3346 omnium

613 3384 892 3462 Sacramentorum,
922 3390 955 3444 ut
977 3381 1137 3462 Baptismi‚
1168 3380 1343 3443 Cbrismatis
1381 3391 1412 3444 et
1435 3382 1577 3462 aliorum,
1608 3382 1689 3464 quod
1711 3392 1811 3445 tamen
1834 3399 1852 3442 a
1873 3383 1987 3463 multis,

611 3485 793 3566 praesertim
815 3481 1052 3546 Protcstanlibus
1075 3480 1155 3544 solet
1177 3480 1260 3557 lieri,
1284 3499 1345 3542 non
1368 3481 1425 3544 alia
1447 3482 1556 3563 opinor
1574 3485 1691 3545 ratione
1708 3501 1796 3564 quam
1817 3482 1898 3564 quod
1913 3500 1986 3545 suas

613 3601 717 3646 sacras
747 3602 857 3665 preces
884 3580 1050 3664 Litargium
1081 3581 1155 3662 ipsis
1178 3579 1333 3660 appellare
1354 3581 1483 3661 placuit,
1509 3581 1624 3664 absque
1647 3581 1708 3644 ullo
1723 3591 1860 3646 aetenam
1877 3601 1986 3644 exem-

612 3683 674 3763 plo.
720 3683 795 3745 Nam
818 3681 943 3744 Graecis
967 3699 984 3742 a
1007 3679 1115 3760 quibus
1137 3677 1196 3742 boc
1218 3696 1328 3743 nomen
1350 3689 1507 3762 acceptum
1530 3689 1576 3744 est
1594 3676 1813 3768 Λειτουργίαι
1837 3687 1987 3746 vocantur

610 3781 682 3844 libri
705 3801 829 3863 precum
853 3781 977 3843 rituales
1000 3781 1051 3862 qui
1074 3778 1112 3841 ad
1134 3777 1344 3842 celebrandam
1367 3781 1586 3844 Eucharistiam
1609 3783 1779 3862 pertinent,
1808 3799 1868 3864 quo
1890 3797 1986 3842 sensu

612 3882 752 3945 celebres
776 3889 845 3944 sunt
868 3879 946 3962 apud
970 3897 1025 3943 eos
1046 3877 1169 3956 Jacobl,
1192 3876 1309 3955 basilii,
1333 3879 1542 3961 Chrysostomi
1563 3880 1728 3964 liturgiae.
1772 3881 1869 3963 blagis
1894 3881 1985 3942 etiam

615 3989 722 4043 contra
746 3981 889 4043 decorum
912 3978 1069 4042 Ecclesiae
1091 3987 1239 4060 peccant,
1262 3979 1313 4060 qui
1334 3979 1486 4064 liturgias
1509 3979 1661 4061 appellant
1684 3979 1886 4043 collactaneas
1908 3995 1985 4059 pre-

614 4097 666 4143 ces
688 4079 888 4158 ludaeorum,
913 4081 1165 4144 Samaritanorum
1189 4086 1219 4140 et
1240 4077 1543 4158 blubamedanorum,
1573 4087 1606 4142 ut
1628 4079 1766 4142 lecerunt
1793 4079 1984 4142 recentiores

611 4179 694 4242 malti
723 4177 946 4263 Lexicograpbi
983 4175 1020 4240 et'
1042 4178 1275 4241 Bibliothecarii.
1324 4177 1430 4258 Neque
1461 4181 1539 4240 enim
1568 4195 1678 4242 nomen
1706 4178 1795 4258 illud,
1826 4179 1856 4241 in
1885 4177 1983 4238 sacris

611 4279 833 4362 significatione
856 4278 1004 4360 peculiari
1026 4285 1201 4359 usurpatum
1224 4277 1262 4339 ad
1283 4277 1426 4359 profanas
1454 4276 1616 4342 infidelium
1645 4279 1877 4358 superstitiones
1904 4273 1983 4338 trabi

612 4377 712 4443 debet.
753 4376 830 4441 Vide
847 4377 1031 4442 Glossarium
1050 4376 1351 4441 Graeco-barbarum
1371 4378 1434 4441 Viri
1454 4377 1620 4441 clarissimi
1639 4377 1741 4442 Caroli
1758 4375 1866 4460 cangii
1884 4375 1982 4438 verbo

609 4471 823 4564 Aecvayla.

697 4577 742 4639 Ea
764 4595 829 4640 vox
851 4595 869 4639 a
892 4575 1018 4638 Graecis
1041 4571 1151 4638 dudum
1173 4582 1354 4657 usurpatur,
1377 4593 1435 4638 nec
1458 4575 1543 4638 aliam
1567 4593 1584 4637 a
1611 4573 1710 4638 multis
1740 4577 1873 4639 saeculis
1901 4576 1982 4638 inter

611 4695 667 4741 eos
690 4675 942 4758 significationem
964 4674 1070 4754 babet,
1094 4675 1229 4758 quamvis
1252 4675 1408 4756 exipsius
1430 4674 1553 4758 linguae
1575 4675 1741 4758 originibus
1771 4675 1848 4738 aliae
1869 4669 1982 4740 multae

611 4783 782 4840 occurrant,
826 4775 933 4856 Neque
955 4783 1055 4838 tamen
1077 4777 1115 4838 ad
1139 4773 1290 4856 Coptitas,
1313 4776 1364 4857 qui
1386 4777 1508 4838 mixtam
1530 4795 1570 4838 ex
1592 4773 1717 4838 Graecis
1738 4775 1866 4839 vocibus
1891 4795 1982 4858 quam

609 4863 745 4958 plurimis'
772 4873 905 4957 linguam
931 4875 1079 4954 retinent,
1114 4875 1152 4938 ad
1182 4874 1289 4938 Ollicia
1316 4874 1530 4938 Ecclesiastica
1565 4875 1697 4954 transiit,
1732 4874 1788 4938 sed
1818 4877 1883 4958 ejus
1909 4876 1980 4940 loco

612 4982 739 5038 utuntur
761 4974 855 5037 altera
878 4993 955 5055 quae
979 4983 1027 5037 est
1045 4961 1218 5061 Ἀναφορᾶ.
1257 4959 1362 5055 ltaque
1380 4975 1413 5037 in
1434 4976 1546 5038 nostris
1563 4973 1718 5038 codicibus
1734 4981 1766 5038 et
1784 4975 1883 5038 mullis
1901 4993 1980 5056 quos

612 5076 645 5137 in
678 5074 821 5136 versione
851 5082 954 5137 nostra
988 5076 1212 5155 expressimus,
1252 5076 1293 5137 ita
1323 5075 1505 5157 appellatur:
1539 5092 1617 5159 quae
1645 5091 1707 5137 vox
1733 5077 1847 5156 pariter
1870 5075 1982 5140 eodem

614 5174 735 5237 omnino
754 5191 848 5238 seusu
867 5180 992 5256 recepta
1014 5180 1092 5238 esta
1107 5175 1209 5256 Syris,
1232 5174 1488 5258 etlletbiopibus3
1510 5177 1565 5240 sed
1583 5179 1616 5268 in
1631 5194 1689 5240 usu
1711 5176 1795 5241 vocis
1816 5177 1895 5242 illius
1916 5193 1981 5242 uon
