4760 6038
719 759 988 864 saunari
1041 758 1406 836 curacura.
1701 761 1749 833 aa

383 973 385 978 ‘
480 950 586 1046 Kyrie
613 948 743 1022 cleison
769 949 842 1020 olto
866 971 961 1020 cccc.

480 1066 665 1140 Sacerdos.
717 1064 909 1152 Memento,
942 1058 1105 1154 Domine,
1134 1061 1248 1136 salutis
1276 1061 1372 1155 hujus
1398 1063 1465 1134 loci
1492 1065 1600 1136 sancti
1627 1062 1690 1152 tui,
1719 1071 1755 1132 et

377 1185 520 1255 omnium
547 1181 717 1269 locorum,
754 1190 788 1252 et
816 1182 960 1251 omnium
986 1182 1265 1252 monasteriorum
1291 1179 1426 1251 Patrum
1461 1179 1651 1251 nostrorum
1680 1177 1753 1249 Or-

376 1298 618 1387 tbcdcxorum,
646 1307 680 1368 et
705 1299 849 1368 omnium
882 1298 1051 1368 civitatum
1083 1299 1184 1369 totius
1216 1299 1415 1391 provinciae
1447 1304 1482 1368 et
1513 1298 1682 1388 regionis,
1720 1301 1755 1363 et

377 1417 484 1486 omme
517 1411 743 1510 pulcritudinis
777 1414 870 1503 ejus3
904 1422 938 1482 et
968 1433 1031 1484 nos
1066 1433 1181 1484 omnes
1215 1410 1321 1483 bbera
1354 1411 1509 1500 clame,
1545 1419 1753 1506 apesta,a

376 1540 488 1602 terrac
524 1528 684 1623 motibuS,
721 1529 967 1615 submersione,
1009 1526 1188 1620 naufragio
1221 1538 1255 1598 ct
1288 1526 1463 1616 incendic;
1504 1550 1524 1597 a
1559 1529 1755 1623 captivitate

376 1643 617 1735 barbarorum,
645 1667 664 1716 a
691 1645 803 1737 gladio
833 1654 1015 1732 extraneo,
1042 1653 1077 1714 et
1103 1642 1145 1716 ab
1174 1645 1413 1715 insurrectione
1439 1640 1691 1715 baereticorum.

479 1760 650 1854 Dignore,
676 1761 839 1850 Domine,
868 1758 1040 1832 recordari
1066 1761 1211 1829 omnium
1225 1759 1424 1831 Sanctorum
1451 1761 1507 1854 qui
1532 1756 1591 1829 tibi
1605 1759 1751 1853 placue-

376 1888 454 1950 runt
479 1878 521 1950 ab
549 1879 664 1966 initio,
690 1874 824 1947 Petrum
839 1885 1029 1948 nostrorum
1050 1884 1257 1965 sanctorum,
1283 1873 1567 1964 Patriarcharum,
1594 1873 1754 1970 Prophe-

377 2004 502 2084 tarum,
534 1993 796 2088 Apostolorum,
836 1990 1149 2082 Evangelistarum,
1182 1990 1387 2086 Martyrum,
1425 1989 1684 2080 Confessorum,
1721 1999 1755 2060 et

378 2089 493 2182 eorum
529 2113 584 2204 qui
615 2107 839 2200 Evangelium
872 2110 1158 2179 annunciaverunt
1192 2106 1370 2178 Ecclesiae
1403 2117 1500 2197 tuae,
1541 2117 1575 2177 et
1609 2106 1754 2178 onmium

378 2228 548 2321 spirituum
572 2227 738 2315 justorum
764 2227 818 2317 qui
846 2225 1080 2312 consummati,
1108 2221 1254 2295 defuncti
1281 2227 1416 2296 suntin
1442 2221 1517 2294 lide.
1568 2220 1755 2313 Praecipue

375 2363 463 2413 vero
491 2351 645 2430 sanctae,
672 2339 781 2430 gloria
808 2338 929 2434 plenae
957 2360 1090 2434 semper
1115 2337 1283 2430 Virginis,
1319 2337 1497 2411 Geuitricis
1524 2338 1589 2410 Dei
1616 2345 1753 2410 sanctae

377 2457 524 2547 blariae,
560 2467 594 2528 et
629 2459 735 2528 sancti
766 2454 906 2528 loannis
936 2454 1195 2543 Praecurscris,
1231 2456 1403 2549 Baptistae
1438 2465 1473 2526 et
1504 2455 1686 2548 llartyris,
1720 2459 1756 2520 et

378 2577 484 2646 sancti
511 2569 669 2667 Stephani
695 2572 933 2645 Protodiaccni
960 2581 994 2644 et
1013 2570 1294 2666 Protomartpris,
1322 2582 1356 2642 et
1382 2571 1648 2666 contemplativi,
1674 2567 1755 2638 De-

376 2711 500 2784 umque
526 2687 669 2761 videntis
704 2686 947 2780 Evangelistaa
975 2687 1083 2759 Marci
1108 2686 1265 2782 Apostoli
1297 2691 1404 2761 sancti
1436 2697 1470 2758 ct
1504 2686 1684 2782 lllartpris3
1721 2689 1756 2752 et

376 2804 592 2878 Patriarchae
618 2807 725 2878 nostri
752 2806 857 2876 sancti
883 2804 1025 2892 Severi,
1052 2812 1086 2873 et
1111 2801 1270 2876 Doctcris
1303 2807 1410 2876 nostri
1436 2804 1613 2896 Dioscori,
1648 2800 1756 2874 sancti

378 2921 513 3018 Cyrilli,
548 2922 655 2993 sancti
679 2919 811 3008 Basilii,
846 2922 952 2991 sancti
979 2917 1156 3014 Gregorii,
1192 2922 1299 2992 sancti
1331 2920 1471 2992 Joanuis
1507 2914 1755 3014 Chrysostcmi,

378 3041 485 3110 sancti
510 3037 686 3108 Athanasii
712 3033 922 3132 Apostolici3
950 3045 984 3107 et
1009 3038 1226 3108 Dominarum
1252 3045 1441 3108 nostrorum
1470 3036 1606 3108 Patrum
1636 3038 1753 3127 justo-

376 3175 468 3242 rum,
501 3157 615 3245 magni
640 3151 784 3224 Abbatis
810 3153 966 3241 Antonii,
998 3161 1032 3223 et
1057 3154 1103 3248 pii
1135 3155 1242 3226 sancti
1267 3150 1410 3225 Abbatis
1437 3149 1553 3240 Pauli,
1590 3160 1624 3221 et
1658 3153 1755 3222 trium

378 3269 619 3359 Macariorum,
646 3270 813 3363 totiusque
840 3269 931 3340 chori
958 3267 1157 3342 Sanctorum
1184 3277 1333 3359 tuorum,
1370 3288 1507 3362 quorum
1535 3266 1692 3361 precibus
1721 3275 1756 3336 et

378 3382 694 3473 intercessionibus,
720 3386 881 3456 miserere
896 3387 1219 3474 omniumnostrum,
1237 3393 1271 3455 ct
1283 3404 1348 3458 uos
1367 3403 1483 3455 omues
1498 3380 1603 3455 libera
1615 3392 1756 3477 propter

329 3553 334 3564 ,
378 3522 500 3605 nomeu
528 3509 618 3574 mum
646 3510 796 3572 sanctum
823 3499 911 3594 quod
936 3504 1127 3572 invocatum
1154 3509 1207 3571 est
1234 3521 1335 3595 super
1361 3521 1433 3572 nos,

482 3615 658 3688 Sacerdos
688 3621 832 3688 secreto.
885 3616 1075 3706 Memento,
1101 3616 1264 3703 Domine,
1298 3625 1428 3709 patrum
1454 3624 1488 3685 et
1514 3614 1652 3686 fratrum
1685 3634 1757 3683 uo-

380 3741 522 3807 strorum
551 3736 606 3827 qui
632 3731 759 3828 pridem
787 3731 1037 3804 obdormiemmt
1062 3734 1097 3803 in
1122 3731 1188 3803 lide
1216 3729 1429 3802 Orthcdoxa:
1457 3729 1498 3800 da
1519 3729 1583 3803 illis
1601 3729 1755 3800 omnibus

379 3852 540 3944 requiem,
563 3871 637 3920 cum
656 3849 777 3922 sanctis
791 3849 868 3938 tuiS,
893 3858 1015 3919 etcum
1031 3850 1072 3920 iis
1090 3869 1228 3941 quorum
1241 3849 1375 3919 uomina
1392 3854 1652 3918 commemorata
1669 3855 1755 3918 sunt.

483 3963 659 4036 Sacerdos
682 3969 763 4056 poet
787 3964 963 4058 Diptpcbo
983 3964 1083 4035 dicct.
1116 3964 1307 4052 Memento,
1333 3962 1498 4051 Domine,
1526 3983 1640 4034 eorum
1663 3983 1755 4056 quo-

380 4101 454 4150 rum
479 4082 674 4152 memoriam
701 4078 841 4152 fecimus
867 4079 1029 4170 fidelium,
1066 4089 1099 4151 et
1128 4101 1243 4152 eorum
1277 4099 1415 4174 quorum
1449 4100 1517 4154 uon
1549 4080 1755 4150 meminimus

383 4195 674 4287 Orthodoxorum,
700 4205 735 4267 et
760 4199 865 4268 nostri
893 4219 1025 4292 quoquc
1053 4219 1127 4268 cum
1152 4195 1235 4286 lllis,
1262 4196 1390 4269 obone
1415 4197 1563 4286 amator,
1587 4192 1756 4266 homiuum

380 4311 486 4385 Deus,

488 4427 650 4522 Populos.
702 4427 864 4518 Remitte,
890 4450 1012 4524 parce,
1040 4427 1191 4502 condona
1213 4425 1332 4518 nobis,
1364 4429 1476 4516 Daue,
1508 4426 1654 4499 oileusas
1687 4446 1758 4496 no-

383 4553 472 4616 stras
501 4567 584 4638 quas
609 4548 833 4617 commisimus
859 4545 1048 4617 voluntarie
1075 4553 1138 4616 aut.
1153 4543 1392 4634 involuntarie,
1420 4547 1566 4616 scienter
1580 4542 1638 4615 vel
1653 4545 1757 4633 iguo-

382 4667 519 4730 rauter:
546 4659 711 4751 Domine,
739 4660 863 4731 dimitte
889 4661 963 4732 illas
989 4660 1097 4732 uobis

486 4773 671 4848 Sacerdos.
727 4777 778 4846 Tu
806 4797 844 4848 es
871 4780 957 4848 enim
984 4776 1078 4848 Dens
1105 4775 1298 4856 misericors
1335 4779 1390 4870 qui
1425 4797 1494 4847 non
1526 4776 1579 4846 vis
1614 4782 1757 4847 mortem

381 4893 588 4985 peccatoris,
616 4891 676 4964 sed
704 4902 740 4963 ut
765 4902 981 4964 convertatur
1008 4902 1042 4963 et
1067 4893 1172 4964 vivat.
1201 4888 1371 4963 Converte
1397 4913 1481 4982 nos,
1507 4890 1670 4980 Domine,
1695 4912 1759 4986 per

382 5005 520 5078 salutem
553 5015 657 5098 tuam,
694 5017 727 5078 et
759 5005 815 5079 foc
850 5008 1025 5081 nobiscum
1058 5007 1240 5080 secundum
1273 5006 1455 5092 bonitatem
1491 5018 1597 5096 tuam3
1632 5015 1667 5077 tu
1702 5008 1757 5100 qui

382 5121 482 5192 allicis
515 5121 611 5216 plura
644 5145 742 5217 quam
775 5127 917 5218 petimus
952 5133 1009 5194 aut
1042 5121 1272 5214 intelligimus:
1305 5133 1341 5193 ut
1372 5127 1406 5193 in
1433 5121 1518 5212 hoc,
1553 5125 1637 5196 sicut
1664 5131 1698 5192 et
1722 5125 1755 5191 in

382 5237 556 5331 omnibns,
584 5238 803 5331 glorificetur,
832 5239 1066 5331 benedicatur,
1093 5250 1126 5310 et
1144 5237 1323 5311 extollatur
1341 5261 1464 5310 nomen
1481 5247 1569 5310 tuum
1587 5259 1756 5330 maguum,

1444 5355 1551 5429 =20*
