4670 6046
645 602 721 676 324
1211 602 1440 680 NOTAE

645 806 751 850 maeva
773 785 1018 850 Orthodoxorum
1039 784 1312 850 Alexandrinorum
1334 787 1469 873 Liturgia
1499 790 1639 868 extabat,
1663 791 1792 872 judicari
1814 811 1875 859 non
1897 804 2012 877 potest.

645 886 683 949 Ut
705 887 783 949 enirn
805 904 840 949 se
862 885 952 949 habet
974 887 1004 948 in
1029 885 1141 950 Codice
1165 886 1274 968 Regio,
1296 905 1362 949 eam
1383 887 1694 973 lacobitispropriam
1717 909 1786 954 csse
1810 901 1925 959 certum
1947 903 2011 974 est;

646 1004 712 1048 cum
734 985 821 1048 unius
845 987 875 1048 in
899 984 1017 1049 Christo
1039 994 1165 1049 naturae
1187 984 1420 1066 professionem,
1443 1007 1520 1070 quae
1543 990 1580 1052 ad
1603 991 1782 1054 sententiam
1805 991 2010 1058 Orthodoxam

644 1084 751 1147 reduci
772 1103 833 1147 non
855 1092 966 1166 potest,
990 1090 1150 1150 contineat.
1191 1086 1306 1148 Merum
1334 1105 1442 1170 magna
1465 1107 1499 1150 se
1530 1088 1620 1152 ollert
1642 1087 1796 1152 dilllcultas
1826 1091 1907 1154 circa
1930 1093 2009 1156 illam

558 1160 630 1213 ‘¹²⁶²'
646 1183 884 1248 Confessionem.
927 1185 1070 1268 Legimus
1094 1186 1170 1248 enim
1201 1185 1231 1246 in
1260 1185 1392 1248 Historia
1419 1188 1611 1250 Patriarchali
1635 1186 1804 1251 Gabrielem
1833 1191 2010 1254 11111111-

644 1281 726 1358 rich,
742 1285 793 1365 qui
814 1287 894 1346 inter
915 1284 982 1346 illos
1005 1285 1096 1348 LXX.
1118 1291 1301 1362 numeratur,
1324 1285 1355 1346 in
1377 1287 1471 1368 prima
1486 1287 1633 1370 liturgia,
1656 1306 1744 1368 quam
1759 1306 1844 1351 moro
1866 1291 2009 1372 majorum

644 1383 675 1443 in
697 1383 881 1446 Monasterio
905 1385 935 1449 S.
958 1384 1082 1446 Macarii
1096 1383 1271 1463 celebrarit,
1294 1387 1512 1466 pronunciasse
1534 1387 1583 1449 illa
1596 1387 1701 1466 verba,
1723 1387 1799 1466 [ecit
1819 1389 1902 1450 illam
1920 1410 2009 1452 enom

643 1503 710 1545 com
732 1483 889 1545 divinitate
911 1502 984 1561 saro,
1012 1493 1044 1546 et
1070 1483 1185 1564 reliqua
1215 1502 1293 1565 quac
1321 1492 1506 1566 sequuntur:
1529 1486 1694 1549 Monachus
1723 1486 1772 1550 illa
1796 1505 1863 1548 curn
1885 1497 2010 1570 stupore

644 1582 806 1660 audivisse,
830 1589 969 1663 tanquam
993 1583 1049 1646 sibi
1071 1584 1240 1664 incognita,
1271 1601 1328 1646 nec
1360 1586 1391 1646 in
1413 1586 1476 1648 suis
1498 1585 1645 1648 Ecclesiis
1675 1585 1734 1648 dici
1757 1586 1862 1662 solita;
1887 1595 1948 1650 tum
1970 1587 2007 1650 de

642 1681 760 1744 illorum
782 1699 904 1744 sensum
926 1681 1091 1758 dubitasse,
1115 1684 1200 1764 quasi
1223 1682 1440 1762 contusionem,
1465 1686 1649 1765 mistionem,
1679 1694 1709 1748 at
1731 1684 1936 1749 alterationem
1960 1688 2008 1750 in-

644 1783 801 1846 ducerent.
844 1781 1049 1864 Respondisse
1073 1782 1257 1862 Gabrielem,
1281 1783 1509 1847 confessionem
1539 1803 1573 1848 so
1596 1786 1834 1867 pronunciasse,
1857 1785 2007 1865 quomodo

643 1881 680 1944 ab
703 1882 864 1964 Episcopis
888 1885 938 1964 qui
960 1901 1064 1946 manus
1087 1883 1129 1945 illi
1152 1884 1371 1962 imposuerant,
1400 1885 1607 1964 praescripta,
1635 1882 1841 1964 verbatimque
1863 1892 2009 1966 suggesta

641 1982 757 2044 luerat:
781 1989 922 2046 statutum
944 1988 1044 2045 tamen
1067 1981 1245 2045 eximendae
1268 1982 1449 2062 suspicionis
1472 1999 1573 2060 causa,
1596 1991 1629 2045 ut
1651 1983 1829 2058 adderetur,
1860 1985 1925 2043 sina
1946 1985 2006 2044 mi-

639 2083 752 2157 stione,
776 2081 969 2161 1111111111,
992 2090 1046 2145 aot
1066 2084 1254 2145 adoratione.
1300 2081 1392 2143 Gesta
1429 2089 1498 2144 sunt
1526 2081 1602 2144 haec
1635 2084 1733 2144 statim
1762 2089 1831 2163 post
1861 2081 2007 2144 Gabrielis

639 2180 868 2256 ordinationem,
892 2181 1071 2262 quaefacta
1095 2189 1141 2244 est
1164 2200 1241 2244 anno
1265 2181 1428 2261 Martyrum
1451 2179 1523 2242 817.
1546 2181 1620 2243 1111
1643 2177 1753 2244 Christi
1778 2178 1870 2242 1131.
1907 2179 2004 2242 Addi-

639 2283 752 2344 ticnem
776 2297 868 2361 porro
896 2281 976 2342 illam
1003 2279 1110 2344 lectam
1137 2280 1230 2344 luisse
1258 2288 1417 2360 antequam
1447 2278 1553 2344 Codex
1581 2279 1870 2344 Graeco-Arabicus
1893 2278 2004 2361 Regius

638 2380 836 2458 scriberetur,
860 2379 1047 2444 manifestum
1070 2389 1132 2454 est;
1163 2389 1193 2442 et
1215 2379 1294 2442 illarn
1317 2397 1421 2442 omnes
1451 2378 1560 2442 deinde
1585 2379 1714 2442 Codices
1736 2381 1912 2461 pervasisse
1936 2378 2003 2441 inde

638 2480 782 2556 11111111,
806 2479 887 2559 quod
909 2479 1008 2542 nullus
1031 2480 1088 2542 huc
1122 2498 1218 2561 nsque
1241 2481 1322 2542 visus
1346 2481 1395 2557 sit,
1419 2480 1469 2559 qni
1492 2478 1572 2540 illam
1594 2496 1654 2541 non
1677 2477 1826 2542 exhibeat.
1862 2478 2004 2540 Fortasse

637 2577 841 2640 Alexandriae
864 2588 989 2660 recepta
1006 2581 1070 2661 jam
1091 2580 1190 2642 luerat
1211 2580 1321 2642 additio
1345 2579 1450 2661 prima,
1473 2596 1560 2660 quarn
1582 2578 1745 2640 Macerioni
1764 2576 1901 2640 Monachi
1924 2593 2004 2638 non-

639 2678 708 2738 dum
732 2685 929 2758 acceperant:
949 2679 1030 2758 quod
1053 2687 1151 2741 tamen
1174 2680 1303 2741 nonnisi
1326 2677 1523 2760 conjectando
1546 2677 1605 2740 dici
1626 2685 1735 2758 potest.
1764 2677 1805 2738 At
1828 2677 2003 2756 cumprime

639 2775 845 2839 Confessionis
868 2795 951 2858 pars,
973 2797 1081 2856 nempe
1106 2779 1221 2859 Corpus
1249 2787 1400 2856 soractem,
1428 2777 1584 2858 usquead
1613 2775 1679 2838 illa:
1710 2777 1834 2854 Accepit
1860 2775 1942 2836 illem
1965 2794 2003 2835 11

636 2875 673 2937 Β.
711 2876 847 2957 Virpine,
878 2877 995 2938 Graece
1027 2874 1151 2940 dicenda
1174 2878 1420 2959 praescribantur
1449 2876 1479 2938 in
1503 2875 1637 2956 Coptiois
1659 2876 1820 2956 LiturgiiS,
1851 2873 1900 2935 ille
1928 2891 2002 2936 vero

636 2976 788 3057 posterior
810 2993 881 3056 pars
903 2995 964 3040 non
986 2976 1044 3038 nisi
1066 2975 1210 3058 Coptica,
1244 2976 1363 3040 dubium
1386 2963 1455 3038 inde
1477 2975 1629 3053 nascitur,
1660 2983 1690 3037 et
1720 2973 1839 3056 quidem
1867 2991 1929 3036 non
1953 2975 2001 3035 in-

636 3075 810 3151 verisimile,
833 3076 914 3156 quod
937 3077 1097 3156 antiquitus
1121 3075 1278 3140 Confessio
1301 3075 1404 3159 primis
1424 3075 1538 3138 duabus
1561 3074 1693 3156 periodis
1709 3075 1930 3150 terminaretur,
1950 3092 2004 3136 re-

636 3175 718 3255 liqua
740 3173 914 3238 alacobitis
938 3174 1037 3238 addita
1059 3177 1247 3256 postmodum
1269 3175 1389 3240 fuerint.
1413 3174 1499 3238 Ratio
1513 3183 1560 3238 est
1574 3176 1643 3255 quia
1666 3191 1874 3254 quaecumque
1888 3173 2003 3236 Graeco

636 3282 738 3337 extent
760 3275 790 3336 in
814 3274 946 3356 Coptiois
969 3276 1083 3355 ciliciis,
1107 3295 1146 3338 ex
1169 3276 1321 3338 veteribus
1335 3274 1459 3338 Graecis
1483 3282 1599 3338 retenta
1622 3281 1701 3350 sunt,
1725 3281 1757 3334 ut
1780 3270 2003 3334 adhortationes

635 3373 838 3438 Diaconorum
860 3374 898 3437 ad
921 3375 1163 3438 circumstantes:
1200 3365 1408 3460 Πρόσχωμεν.
1444 3370 1577 3453 §reipsa
1604 3369 1721 3444 καλῶς.
1758 3356 2003 3454 Προςείξασθε.

628 3464 738 3552 'Micca
759 3469 815 3538 acl
837 3468 974 3554 δίκαιον,
999 3483 1030 3537 et
1052 3475 1139 3540 aliae.
1183 3474 1266 3538 Unde
1294 3474 1375 3554 quod
1401 3481 1462 3537 tota
1490 3473 1593 3535 ultima
1623 3471 1766 3553 periodus
1799 3471 1915 3532 Graece
1945 3488 2002 3534 non

636 3573 752 3637 1111111
781 3575 811 3634 11
842 3573 975 3654 Coptiois
1005 3574 1165 3656 Liturgiis‚
1192 3576 1393 3637 recentiorem
1422 3573 1500 3636 illius
1529 3572 1743 3635 institutionem
1779 3585 1840 3631 non
1871 3569 2001 3632 obscure

636 3671 797 3755 significat.
843 3673 931 3746 Quod
953 3674 983 3734 in
1007 3673 1064 3735 hac
1085 3672 1233 3736 basiliana
1257 3673 1373 3736 Graeco
1397 3680 1498 3750 extat,
1521 3690 1581 3736 non
1604 3679 1651 3734 cst
1681 3677 1794 3732 certum
1818 3669 2000 3748 antiquitatis

634 3772 789 3834 indicium:
814 3773 868 3835 sed
891 3772 961 3834 illud
985 3772 1134 3854 significat
1155 3772 1214 3835 huc
1237 3791 1333 3854 usque
1356 3774 1392 3835 ab
1416 3771 1553 3835 omnibns
1582 3771 1767 3853 ignoratum,
1791 3769 1886 3831 luisse
1908 3767 2001 3832 1111-

635 3872 741 3934 hiticas
765 3871 919 3934 Ecclesias
942 3873 1025 3934 Ritus
1049 3871 1257 3950 Alexandrini,
1280 3890 1358 3953 quae
1380 3871 1511 3954 linguam
1532 3868 1679 3932 Graecam
1702 3871 1731 3931 in
1755 3869 1850 3932 sacris
1873 3886 2001 3933 conser-

639 3972 791 4034 vaverint:
815 3990 881 4034 cum
904 3971 1055 4035 distinctio
1077 3971 1278 4035 Jacohitarum
1301 3981 1331 4034 et
1353 3970 1599 4035 orthodoxorum
1621 3968 1841 4032 Patriarchatus
1864 3971 2000 4032 Alexan-

635 4070 712 4133 drini
735 4078 817 4132 certa
840 4071 1005 4146 videretur,
1029 4071 1109 4151 quod
1132 4072 1181 4133 isti
1203 4070 1261 4133 soli
1284 4069 1410 4148 Graece,
1434 4077 1466 4132 ut
1489 4067 1647 4130 etiamnum
1670 4068 1783 4142 solent;
1811 4086 2000 4152 nunquama

634 4169 917 4232 Muhamedonorum
940 4171 1023 4232 initio
1046 4170 1173 4250 Coptica
1195 4188 1283 4233 sacra
1309 4170 1469 4232 iecissent:
1500 4167 1542 4231 illi
1569 4168 1626 4231 hac
1648 4168 1712 4231 sola
1735 4168 1855 4250 lingua,
1884 4168 1999 4231 Graece

634 4286 795 4351 nunquam.
840 4269 881 4330 At
903 4287 973 4332 esso
996 4277 1158 4350 potuerunt
1181 4269 1315 4332 homines
1337 4268 1494 4332 Jacobitae
1516 4269 1588 4331 satis
1611 4266 1727 4330 Graece
1750 4269 1848 4348 periti,
1871 4277 1904 4332 ut
1926 4268 1999 4329 haec

635 4386 730 4450 pauca
754 4368 849 4431 verba
871 4369 1082 4446 transferrent,
1106 4371 1135 4431 in
1159 4367 1267 4449 quibus
1290 4370 1380 4431 etiam
1402 4367 1558 4429 barbaries
1581 4366 1726 4448 quaedam
1746 4367 1998 4430 anhnadvertitnr.

635 4465 784 4550 Quidquid
806 4467 924 4530 tandem
947 4471 996 4547 sit,
1021 4470 1046 4531 si
1070 4469 1279 4532 deautoritate
1301 4467 1389 4549 hujus
1407 4465 1612 4530 Confessionis
1635 4464 1788 4529 dubitandi
1810 4470 1860 4532 vel
1882 4465 1998 4528 minima

636 4585 727 4631 causa
747 4575 934 4648 superesset,
959 4567 1150 4630 confirmatur
1182 4566 1233 4628 illa
1263 4567 1389 4648 egregie
1427 4585 1467 4628 ex
1499 4566 1722 4645 comparatione
1750 4565 1859 4628 Graeci
1892 4580 1998 4625 exem-

634 4668 746 4749 plaris,
775 4665 855 4746 quod
883 4666 941 4729 huc
970 4685 1066 4748 usque
1093 4668 1278 4748 incognitum
1307 4664 1422 4727 fuerat:
1453 4673 1513 4728 tum
1536 4663 1724 4745 Aethiopici,
1756 4665 1838 4746 quod
1865 4661 1997 4727 eamdem

634 4767 728 4831 rolert
752 4773 903 4846 acceptam
927 4767 964 4829 ab
987 4765 1193 4830 Alexandrina
1215 4766 1351 4828 Ecclesia
1374 4763 1557 4842 Jacobitica,
1586 4781 1664 4846 quaa
1687 4783 1706 4827 a
1728 4773 1863 4846 tempore
1886 4761 1997 4842 Bcnje-

635 4867 705 4930 mini
728 4865 927 4945 Patriarchae,
951 4869 1001 4948 qui
1023 4866 1125 4928 sedern
1152 4866 1246 4928 tenuit
1275 4882 1342 4926 cum
1364 4863 1572 4927 Muhamedani
1600 4863 1772 4946 Aegyptum
1801 4863 1997 4946 subegerunt,

517 5031 529 5046 ,
636 4984 740 5033 ornnes
762 4962 959 5045 Aethiopibus
981 4983 1137 5028 sacrorum
1159 4965 1246 5047 leges
1267 4963 1471 5046 praescripsit.

379 1157 442 1210 11111.
463 1158 534 1211 Patr.

320 1261 348 1312 p.
364 1244 426 1296 502.
