4760 6038
737 647 1359 731 SalllCledSllll.
1739 645 1764 716 9

387 854 456 916 tuto
491 853 644 938 tempore
680 841 769 936 digni
805 839 952 912 evadant
984 833 1123 910 lavacro
1164 837 1431 928 regenerationis
1466 837 1500 905 in
1533 835 1765 907 remissionem

385 970 599 1054 peccatorum
637 979 789 1048 suorum,
822 976 988 1054 praepara
1025 975 1084 1026 eos
1120 949 1340 1024 babitaculum
1374 949 1510 1046 Spiritui
1552 961 1669 1023 sancto
1706 959 1763 1021 tuo

386 1097 448 1170 per
474 1077 625 1166 gratiam.

489 1192 577 1262 Post
603 1190 783 1259 lectionem
808 1187 990 1281 Evangelii
1017 1190 1141 1282 aufferri
1166 1183 1250 1256 illud
1263 1184 1442 1254 Diaconus
1468 1183 1515 1253 ad
1528 1181 1763 1266 Sacerdotem,

388 1309 446 1400 qui
472 1307 556 1376 illud
582 1305 809 1389 osculabitur,
837 1310 874 1372 ut
902 1306 1003 1373 etiam
1031 1301 1151 1372 Clarus
1178 1306 1212 1370 et
1234 1299 1400 1393 populns,
1437 1305 1472 1368 et
1497 1301 1632 1370 interca
1664 1303 1764 1369 rcci-

388 1421 476 1494 tabit
500 1422 677 1492 Sacerdos
705 1422 903 1491 Orationem
936 1417 1009 1492 Veli
1035 1423 1186 1504 secreto,
1220 1422 1316 1486 stares
1342 1415 1389 1486 ad
1415 1413 1504 1486 latas
1529 1415 1613 1504 celi,
1651 1418 1765 1508 cupite

386 1537 563 1610 inclinato.

963 1779 1084 1848 Oratio
1119 1777 1202 1851 Veli.

490 1999 584 2071 Deus
613 2001 666 2094 qui
695 2009 749 2069 tuo
779 2019 861 2089 erga
888 1995 1038 2068 homines
1066 2018 1180 2067 amore
1202 1991 1358 2068 inellabili
1377 1994 1497 2068 Filium
1522 2006 1612 2067 tuum
1639 1999 1766 2088 unige-

385 2119 489 2188 nitum
515 2118 550 2185 in
576 2114 731 2185 mundum
758 2115 885 2202 misisti,
912 2121 947 2182 ut
975 2111 1325 2184 ovem·errabundam
1353 2111 1394 2182 ad
1421 2121 1455 2182 te
1481 2110 1673 2202 reduceret,
1700 2135 1765 2184 ro-

346 2261 352 2274 ’
386 2253 506 2324 gamus
534 2241 566 2301 te
592 2231 748 2318 Domine,
775 2251 818 2298 ne
844 2247 908 2299 nos
937 2251 956 2298 a
984 2237 1017 2298 te
1044 2232 1078 2299 in
1105 2239 1276 2300 aeternum
1303 2227 1465 2322 repellas,
1493 2227 1568 2297 dum
1597 2225 1764 2300 offerimus

387 2348 447 2419 tibi
475 2346 680 2418 tremendum
712 2344 777 2415 boc
811 2355 844 2416 et
876 2349 1082 2415 incruentum
1118 2345 1332 2416 sacrificium:
1367 2367 1475 2440 neque
1507 2345 1594 2414 enim
1617 2345 1765 2436 justitiae

386 2472 524 2535 nostrae
539 2461 745 2551 conlidimuS,
773 2461 832 2534 scd
850 2460 1102 2532 misericordiae
1129 2471 1216 2550 tuae,
1245 2484 1308 2558 qua
1336 2483 1443 2552 genus
1470 2470 1618 2530 nostrum
1645 2460 1764 2532 vivifi-

387 2582 480 2650 casti.
507 2577 680 2670 Rognmus
694 2586 728 2648 et
741 2576 956 2651 obsecramus
970 2575 1151 2648 bonitatem
1169 2586 1269 2666 tuam,
1286 2585 1415 2648 amator
1423 2577 1602 2666 hominurn,
1613 2583 1648 2645 ut
1656 2597 1766 2670 neque

385 2693 495 2790 nobis,
518 2718 628 2790 neque
655 2693 743 2790 plebi
769 2687 846 2765 tuae
867 2697 908 2766 sit
928 2698 960 2764 in
975 2692 1131 2784 judicium
1146 2697 1341 2788 mysterium
1356 2692 1439 2780 hoc,
1459 2693 1547 2788 quod
1564 2692 1605 2763 ad
1623 2691 1763 2766 salutem

385 2821 534 2882 nostram
562 2813 737 2898 instituisti,
766 2810 826 2882 sed
854 2813 887 2880 in
916 2808 1157 2882 abstersionem
1183 2817 1397 2905 peccatorum
1424 2819 1614 2881 nostrorum
1643 2818 1675 2880 et
1700 2831 1763 2879 re-

385 2930 579 3001 missionem
595 2943 597 2946 ·
613 2925 890 3018 negligentiarum
923 2935 1121 2998 nostrarum.
1187 2923 1301 2998 Gloria
1335 2935 1370 2996 et
1404 2925 1511 2999 bonor
1544 2927 1668 2996 nomini
1704 2934 1761 2996 tuo

386 3053 516 3135 sancto,
544 3042 652 3114 Patris
681 3052 715 3113 et
739 3041 815 3115 Filii
842 3052 876 3114 et
902 3041 1046 3138 Spiritus
1074 3046 1180 3113 sancti
1206 3065 1293 3113 nuuc
1320 3051 1355 3113 et
1381 3064 1526 3138 semper,
1554 3052 1617 3112 etc.

490 3161 631 3230 Interea
658 3182 731 3230 cum
757 3159 944 3232 absolvitur
970 3159 1058 3228 boec
1085 3161 1211 3246 oratio,
1239 3157 1448 3229 osculabitur
1474 3157 1649 3229 Saccrdm
1674 3181 1764 3252 qra-

386 3277 448 3346 dns
475 3275 607 3363 altaris,
635 3275 797 3346 ascendet
823 3275 870 3344 nd
895 3273 1147 3362 Sanctuminm,
1175 3273 1384 3345 cremabitur
1411 3274 1525 3344 altare
1552 3279 1586 3343 et
1612 3295 1764 3344 conaer-

384 3416 443 3464 sas
471 3392 517 3461 ad
544 3392 759 3462 Occidentem
791 3395 945 3461 recitare
979 3394 1122 3486 incipiet
1152 3397 1222 3461 tres
1256 3395 1404 3482 majores
1437 3395 1622 3461 orationes.
1675 3391 1765 3460 Dura

386 3508 562 3578 Sacerdos
589 3507 674 3576 dicit
698 3508 773 3578 Pax
799 3505 964 3598 omnibuS,
993 3529 1175 3578 conamus
1208 3506 1255 3576 ad
1280 3505 1491 3578 Sacerdotes
1518 3510 1650 3599 fratres
1675 3527 1764 3593 sans,

387 3625 513 3716 capitis
543 3622 766 3694 inclinatione
799 3623 946 3714 saltitat,
987 3629 1021 3692 ct
1057 3643 1240 3692 conuersus
1278 3621 1325 3691 cd
1359 3621 1573 3692 Occidentem
1604 3622 1764 3714 populum

388 3761 491 3810 cruce
517 3742 639 3834 uenat.

910 3998 1030 4068 Oratio
1054 4017 1121 4089 pro
1144 4017 1245 4088 pace.

492 4203 675 4274 Sacerdos.
728 4203 851 4274 lterum
878 4203 1019 4275 Oramus
1045 4204 1155 4273 Deum
1182 4205 1458 4297 omnipotentem,
1485 4214 1613 4298 patrem
1633 4203 1767 4278 Domini

386 4319 452 4390 Dei
468 4330 515 4404 et,
540 4317 728 4392 Salvatoris
754 4321 859 4391 nostri
885 4319 968 4393 lesu
995 4317 1126 4392 Christi.
1179 4317 1352 4410 Rogamus
1368 4313 1372 4320 ’
1388 4329 1422 4390 et
1448 4317 1667 4392 obsecramus
1694 4319 1765 4390 bo-

387 4438 522 4508 nitatem
548 4448 652 4525 tuam,
680 4445 808 4506 amator
834 4435 1012 4525 bominum,
1039 4444 1205 4506 memento
1232 4433 1375 4507 Domina
1402 4438 1508 4530 pacis,
1536 4439 1654 4507 tunicae
1679 4435 1766 4508 illius
1832 4456 2037 4522 messianum
2063 4473 2092 4506 a

388 4563 484 4642 tuae,
516 4562 672 4641 sanctae,
708 4549 903 4623 Catholicae
936 4561 971 4623 et
1002 4550 1222 4646 Apostolieae
1255 4549 1452 4640 Ecclesiae,
1487 4574 1572 4647 quae
1600 4575 1619 4624 a
1646 4540 1947 4642 linibustfiffititffl‘*
1982 4536 2063 4608 Otii

1781 4647 1859 4696 κυρίὲ.

389 4667 431 4739 ad
465 4669 549 4743 fines
585 4689 692 4762 usque
723 4677 833 4738 terrae
879 4666 1082 4758 dillunditur,
1125 4669 1213 4737 omni
1250 4667 1374 4763 populo
1411 4676 1445 4738 et
1481 4671 1579 4739 terris
1612 4666 1764 4742 benedic.

387 4785 512 4855 Pacem
538 4783 625 4854 illam
655 4783 836 4856 coelestem
864 4783 1021 4855 cordibus
1047 4785 1171 4854 uostris
1197 4784 1352 4875 immitte,
1379 4783 1440 4856 sed
1467 4795 1501 4856 et
1526 4807 1645 4880 pacem
1671 4788 1766 4858 istius

386 4903 478 4971 vitae
505 4898 602 4972 uobis
628 4897 775 4992 benigne
801 4899 970 4971 concede:
1004 4897 1120 4992 Reges
1155 4898 1381 4990 orthodoxos,
1419 4904 1623 4992 exercitum,
1652 4901 1767 4990 duces,
1807 4902 1837 4952 ¹²¹
1853 4899 1977 4952 elfwod·
1994 4899 2095 4968 lesen*

387 5015 614 5104 consiliarios,
650 5013 772 5107 vulgus
805 5019 1047 5111 promiscuum,
1088 5025 1122 5086 et
1155 5017 1285 5092 vicinos
1318 5028 1472 5106 nostros,
1510 5019 1698 5110 ingressum
1733 4985 1965 5087 et⁰“¹¹⁰‘¹⁰x¹¹¹¹¹'

386 5135 513 5204 exitum
541 5143 692 5205 nostrum
720 5135 807 5205 omni
834 5155 919 5228 pace
947 5155 1085 5208 exorna.
1141 5127 1274 5204 ORex
1300 5136 1417 5228 pacis,
1450 5133 1492 5204 da
1525 5132 1623 5206 nobis
1651 5068 2075 5229 ρᾶοθηιᾱῖῗὲἒᾝηῗῖξξῌῐ
2234 5092 2251 5122 ⁸

1480 5248 1560 5320 17*
