4736 6064
811 413 1343 492 transrotatus.
1535 413 1592 514 j
1678 414 1754 492 aar

394 600 644 694 perseveravit,
669 597 748 672 nihil
773 599 987 674 Patriarcbae
1000 603 1084 694 juris
1104 599 1176 690 fuit,
1201 613 1335 697 praeter
1347 599 1506 699 Episcopi
1518 602 1643 698 proprii
1669 625 1755 677 sen-

394 718 536 786 tentiam.

498 829 681 903 cxxxix
729 830 766 902 In
799 831 882 905 alios
908 830 1117 906 Patriarchas
1149 832 1270 905 nullum
1304 854 1436 928 quoque
1463 834 1519 923 jus
1553 832 1756 924 assmnebat,
1787 825 2076 928 ⁰⁰⁸¹¹ttth¹⁰¹¹³lff⁰¹

394 947 545 1040 quamvis
571 946 717 1040 reliquos
744 950 894 1036 anteiret,
921 946 963 1018 de
989 950 1029 1020 iis
1055 949 1219 1045 loquimur
1252 952 1307 1045 qui
1338 957 1432 1021 erant
1457 951 1491 1020 in
1518 950 1634 1022 eadem
1663 961 1756 1024 secta
1769 915 2078 1054 :zfsfflffissff

392 1060 596 1151 lacobitica;
622 1083 742 1156 nempe
767 1062 990 1155 Antiocheno,
1017 1077 1050 1137 et
1076 1089 1119 1138 eo
1148 1069 1202 1161 qui
1222 1063 1393 1137 dicebatur
1409 1065 1641 1138 Armenorum.
1673 1065 1758 1138 Erat
1771 1089 1839 1140 enas.

393 1180 479 1249 inter
515 1201 575 1251 eos
610 1182 818 1269 communio,
858 1179 899 1252 de
931 1203 995 1274 qna
1032 1183 1101 1272 jam
1136 1181 1257 1254 dictum
1291 1192 1343 1252 est
1377 1185 1547 1277 superins,
1584 1181 1627 1253 ad
1658 1205 1757 1278 qaram

394 1293 641 1386 significandam
681 1304 715 1366 et
747 1294 1055 1390 redintegrandam,
1090 1300 1172 1371 novi
1206 1294 1419 1370 Patriarchae
1446 1301 1756 1371 communicatorias

393 1408 506 1483 literas
540 1408 727 1500 mittebant,
757 1411 955 1484 Antiocheni
987 1413 1248 1504 Alexandriam,
1281 1411 1501 1486 Alexandrini
1532 1414 1757 1504 Antiochiam;

393 1547 510 1597 verum
535 1523 671 1598 honoris
697 1536 819 1599 tantum
847 1531 954 1620 gratia
981 1537 1015 1600 et
1040 1528 1116 1600 lidei
1143 1527 1397 1602 contestandae:
1432 1550 1508 1600 nam
1542 1550 1651 1624 neque
1675 1531 1758 1602 An-

393 1640 619 1715 tiochenornm
645 1641 778 1736 legatos
804 1642 994 1717 interfuisse
1019 1645 1160 1738 legimus
1187 1647 1220 1716 in
1247 1642 1394 1741 Synodis
1421 1644 1655 1740 Aegyptiacis,
1690 1668 1758 1717 ne-

393 1777 457 1850 que
483 1758 672 1856 Aegyptios
699 1762 730 1830 in
757 1758 989 1835 Antiochenis:
1021 1784 1131 1857 neque
1163 1764 1292 1833 etiamsi
1319 1764 1404 1832 inter
1431 1770 1603 1855 utramque
1629 1759 1758 1833 Eccle-

393 1876 477 1946 siam
504 1885 593 1948 esset
618 1878 747 1968 integra
777 1875 992 1949 conformitas
1019 1876 1094 1950 fidei
1122 1889 1156 1950 et
1181 1877 1392 1973 disciplinae,
1428 1879 1457 1949 si
1491 1875 1568 1972 quid
1596 1875 1759 1950 adversus
1868 1961 1877 1970 g

394 1988 583 2070 alterutram
621 2001 832 2087 peccaretur,
878 1991 1026 2066 alterutri
1066 1993 1245 2067 emendare
1286 1991 1493 2084 satagebant
1563 1991 1648 2065 llinc
1685 2017 1760 2066 cum

393 2116 507 2180 essem
533 2107 620 2202 apud
645 2107 873 2180 Antiochenos
900 2109 1055 2182 nonnulla
1082 2134 1167 2204 quae
1184 2107 1422 2182 Alexandrinis
1448 2108 1610 2182 Jacobitis
1638 2106 1759 2204 displi-

393 2220 525 2310 cebant,
553 2231 587 2294 et
612 2227 841 2318 superstitiosa
866 2225 924 2296 vel
955 2229 1088 2299 omnino
1122 2249 1228 2323 prava
1266 2223 1480 2315 videbantur,
1506 2234 1622 2296 neutm
1650 2232 1760 2296 tamen

392 2335 546 2410 Ecclesia
569 2341 625 2430 jus
652 2361 693 2410 ea
721 2339 916 2412 emendandi
941 2342 1146 2430 assumebat,
1173 2341 1234 2414 sed
1260 2340 1360 2414 aliam
1386 2362 1503 2413 errare
1528 2337 1668 2428 sinebat,
1696 2363 1761 2414 nec

392 2460 501 2524 tamen
528 2457 790 2528 communionem
818 2457 1043 2554 abrumpebat.
1095 2459 1231 2551 Insigne
1255 2455 1396 2530 hahetur
1420 2455 1607 2553 exemplum
1635 2458 1668 2526 in
1690 2458 1760 2528 vita

395 2567 594 2642 Christodnli
627 2570 747 2644 LXVI.
783 2572 924 2645 ordinati
956 2576 1046 2648 circa
1081 2597 1199 2646 annum
1233 2574 1264 2648 J.
1301 2573 1339 2646 C.
1375 2571 1546 2646 lllXLVll.
1604 2572 1637 2644 ls
1671 2575 1760 2644 enim

394 2708 468 2758 curn
493 2686 617 2760 lllisrae
642 2687 749 2761 Sacra
775 2689 962 2763 celebraret
986 2693 1019 2763 in
1044 2689 1200 2764 Ecclesia
1225 2689 1261 2762 S.
1288 2687 1457 2778 Mercurii,
1484 2699 1518 2760 et
1543 2686 1652 2784 Syrus
1679 2691 1759 2783 qui-
1816 2701 1819 2708 ·

394 2801 470 2874 dam
494 2806 668 2898 primarius
695 2805 823 2878 Sultani
848 2805 1037 2898 Archiater,
1065 2807 1218 2880 Oblatam
1245 2827 1308 2903 pro
1334 2826 1430 2877 more
1456 2803 1499 2874 ad
1526 2802 1630 2874 altare
1657 2802 1758 2875 detu-

393 2916 497 3005 lisset,
523 2923 640 3011 rejecit
666 2943 741 2993 eam
767 2921 1008 3012 Christodulus,
1036 2944 1078 2995 eo
1106 2921 1194 3018 quod
1216 2925 1315 3015 juxta
1341 2921 1507 3017 Syrorum
1540 2918 1758 2991 consuetudi-

392 3054 480 3123 nem,
508 3034 584 3108 oleo
612 3047 645 3108 et
671 3036 742 3108 sale
769 3039 866 3110 mista
893 3047 974 3109 erat.
1008 3039 1151 3136 Scripsit
1181 3047 1357 3135 praeterea
1385 3036 1427 3108 ad
1453 3035 1616 3108 loannem
1643 3035 1758 3106 Patri-

393 3150 525 3223 archam
551 3151 793 3227 Antiochenam
822 3153 983 3227 adversus
1010 3152 1095 3228 hune
1121 3157 1237 3242 ritum,
1265 3155 1319 3248 qui
1346 3162 1456 3223 tamen
1483 3145 1556 3241 ejus
1584 3155 1758 3246 querimo-

393 3269 465 3338 nias
491 3270 625 3366 insuper
650 3268 776 3342 hahuit:
803 3278 837 3341 et
863 3278 1017 3366 manmm
1044 3273 1211 3363 conjicere
1235 3291 1426 3365 possumus,
1451 3264 1658 3363 Apologiam
1676 3289 1758 3340 suae

392 3380 567 3457 Ecclesiae
593 3386 702 3476 edidit,
729 3397 896 3482 repertam
923 3409 942 3458 a
968 3387 1065 3461 nohis
1097 3390 1130 3458 in
1158 3385 1371 3474 Colbertino,
1406 3393 1440 3455 et
1465 3383 1539 3455 aliis
1566 3381 1757 3457 (lodicibus.

392 3503 441 3575 lta
466 3503 545 3575 nihil
571 3504 635 3578 sibi
662 3509 746 3598 juris
762 3506 931 3579 »alteruter
964 3509 998 3578 in
1024 3503 1121 3577 alium
1148 3502 1351 3590 vindicavit,
1384 3501 1482 3572 etiam
1516 3521 1589 3571 oum
1626 3497 1667 3570 de
1694 3503 1759 3571 ritu

393 3629 568 3711 ageretur,
603 3644 701 3716 quem
733 3625 798 3694 nisi
823 3622 1014 3695 damnasset
1047 3618 1296 3706 Christodrdus,
1329 3614 1454 3712 Syrum
1481 3638 1500 3686 a
1527 3617 1758 3686 communione

390 3756 457 3806 non
483 3736 670 3832 repulisset
722 3737 822 3810 Aliud
848 3741 984 3832 majoris
1011 3738 1166 3809 momenti
1201 3735 1361 3824 occurrit,
1396 3753 1463 3802 non
1497 3728 1558 3803 sub
1586 3751 1670 3820 uno,
1696 3731 1758 3803 sed

392 3851 453 3924 suh
472 3851 597 3947 aliquot
611 3852 823 3947 Patriarchis,
850 3859 939 3928 circa
959 3851 1189 3926 Confessionis
1207 3857 1421 3947 peccatorum
1448 3868 1543 3917 usum
1570 3856 1603 3918 et
1628 3868 1757 3918 neces-

393 3970 531 4040 sitatem.
583 3968 732 4042 loannes
766 3967 804 4042 F.
837 3967 1035 4064 Abngaleb,
1070 3979 1104 4040 et
1128 3968 1262 4039 Marcus
1288 3964 1326 4036 F.
1353 3962 1503 4051 Zaraae,
1530 3982 1604 4032 eam
1630 3964 1757 4057 negligi

393 4107 412 4154 a
439 4087 507 4156 suis
535 4081 675 4181 Coptitis
702 4089 860 4174 siverant,
888 4089 954 4158 imo
981 4084 1123 4158 Michael
1148 4085 1369 4156 Damiatensis
1395 4076 1620 4174 Metropolita,
1647 4079 1757 4152 insul-

391 4221 463 4272 sum
499 4199 541 4271 de
578 4201 802 4276 confessione
837 4200 1001 4275 abolenda
1041 4205 1312 4276 commentarium
1355 4194 1514 4269 ediderat.
1588 4194 1640 4268 Eo
1682 4199 1756 4291 ipso
1816 4185 1823 4194 ⁸

392 4322 542 4410 tempore
569 4317 711 4390 blichael
737 4317 963 4392 Antiochenus
996 4305 1220 4392 Jacohitarum
1255 4314 1461 4402 Patriarcha‚
1490 4334 1574 4406 opus
1601 4301 1758 4382 eximium

393 4435 524 4528 scripsit
550 4433 592 4506 de
618 4438 881 4534 praeparationeN
907 4435 948 4508 ad
981 4434 1239 4521 Eucharistiam,
1272 4436 1306 4504 in
1333 4453 1399 4527 quo
1425 4431 1569 4526 passim,
1602 4448 1666 4499 nee
1690 4450 1758 4500 uno

392 4545 483 4639 loco,
509 4549 652 4646 disputat
678 4548 843 4624 adversus
871 4573 933 4625 eos
961 4556 1016 4647 qui
1032 4561 1246 4648 peccatorum
1264 4547 1520 4623 Confessionem
1547 4542 1760 4617 omittendam

393 4666 646 4756 existimabant,
687 4677 721 4738 et
761 4666 937 4762 aliquando
979 4664 1130 4762 Coptitas
1173 4667 1341 4758 designat:
1384 4685 1492 4760 neque
1533 4671 1643 4734 mmen
1686 4662 1760 4756 ipse

392 4779 641 4856 Alexandrinos
669 4808 689 4855 a
717 4786 948 4856 communione
973 4787 1129 4871 removit,
1156 4805 1265 4879 neque
1284 4779 1504 4854 Alexandrini
1531 4779 1573 4850 de
1600 4801 1642 4851 eo
1669 4781 1759 4849 con-

395 4901 500 4991 questi
527 4910 612 4991 sunt,
639 4907 695 4971 aut
720 4901 754 4968 in
779 4897 989 4972 Antiocheno
1006 4896 1160 4971 Ecclesia
1188 4899 1427 4970 damnaverunt
1453 4887 1635 4968 docuinam
1662 4915 1761 4988 quam

1474 5013 1520 5086 71
1537 5013 1554 5048 ⁴*
