4736 6064
477 415 481 422 ¹
618 477 695 552 478
902 463 1684 553 t'tvvnoltcounuvls

760 783 795 856 6.
836 782 1010 855 Sacerdos
1036 781 1121 853 utcu
1149 782 1343 854 Orationem
1370 782 1608 854 Absolutiooie
1634 782 1681 852 oo
1706 781 1839 853 Filiam.

720 990 863 1063 Domine
892 988 974 1061 Jesu
1007 985 1138 1061 Christe
1171 988 1236 1061 Fili
1267 990 1453 1082 unigenite,
1484 987 1633 1061 Verbum
1665 990 1730 1062 Dei
1762 990 1891 1080 Patris,
1927 991 1983 1084 qui

616 1110 733 1204 rupisti
760 1130 781 1177 a
806 1103 903 1179 nobis
930 1109 1040 1178 omnia
1065 1103 1199 1178 vincula
1224 1114 1436 1202 peecatomm
1462 1114 1668 1193 nostrorum,
1704 1109 1982 1202 perpessionem

617 1233 705 1297 tuam
743 1222 921 1298 salutarem
956 1230 990 1292 et
1021 1221 1259 1294 vivificantem:
1300 1224 1355 1317 qui
1389 1221 1593 1293 insufflavisti
1625 1224 1659 1292 in
1692 1219 1870 1316 discipulos
1905 1233 1982 1296 tuos

617 1350 772 1428 sanctos,
809 1348 843 1411 et
885 1336 1070 1432 Apostolos
1113 1359 1234 1433 puros,
1269 1337 1398 1410 dicens:
1438 1339 1592 1433 Accipite
1625 1337 1782 1433 Spiritum
1821 1347 1982 1426 sanctum,

617 1477 756 1552 quorum
782 1455 977 1528 remiseritis
1004 1463 1142 1549 peccata
1168 1455 1373 1526 remittentur
1399 1456 1462 1543 eis,
1489 1463 1522 1525 et
1539 1475 1676 1547 quorum
1702 1474 1769 1526 uon
1787 1457 1982 1528 remiseritis

615 1582 747 1645 retente
763 1581 872 1645 erunt:
889 1569 940 1642 'l'u
954 1570 1097 1642 Domine
1110 1591 1196 1641 nunc
1211 1592 1274 1665 per
1281 1564 1467 1665 Apostolos
1481 1578 1556 1641 tuos
1574 1591 1690 1664 puros,
1702 1572 1843 1662 gratiam
1858 1591 1982 1643 sacer-

617 1688 749 1762 dotibus
774 1687 905 1776 dedisti,
930 1695 965 1757 ut
980 1684 1068 1757 idem
1085 1684 1235 1758 facerent
1260 1689 1294 1757 iu
1308 1685 1461 1758 Ecclesia
1489 1694 1602 1758 sancta
1618 1697 1685 1773 tua,
1711 1689 1982 1782 remitterentque

582 1819 584 1822 ’
614 1811 755 1901 peccata
778 1825 881 1899 super
912 1811 1053 1892 terram,
1081 1805 1170 1875 omui
1203 1812 1366 1898 tempore,
1391 1801 1599 1898 ligeremque
1613 1809 1647 1872 et
1673 1801 1846 1875 solverent
1872 1805 1983 1874 omnia

616 1921 795 2014 iniquitatis
822 1918 964 1991 mucula.
1016 1919 1121 2010 Igitur
1146 1921 1246 1990 etiam
1272 1939 1377 2008 nunc,
1402 1939 1561 2009 rogamus
1589 1925 1622 1988 et
1639 1915 1856 1990 obsecramus
1877 1916 1984 1991 boni-

616 2035 718 2107 tatem
745 2045 832 2108 tuam
859 2044 985 2107 amator
1010 2032 1188 2124 bominum,
1216 2032 1367 2106 omnibus
1386 2035 1496 2108 servis
1511 2036 1587 2125 tuis,
1613 2032 1762 2129 patribus
1780 2031 1983 2109 etfratribus

616 2152 718 2239 meis,
744 2151 823 2222 mibi
850 2173 982 2248 quoque
1009 2171 1110 2225 servo
1141 2159 1198 2222 tuo
1230 2149 1332 2224 'lesia
1363 2150 1465 2238 Sion,
1499 2160 1532 2222 et
1564 2148 1716 2222 omnibus
1751 2154 1805 2246 qui
1838 2150 1984 2222 inclina-

615 2275 738 2341 verunt
764 2268 851 2342 eolla
877 2291 938 2341 sua
966 2289 1079 2340 coram
1114 2265 1209 2338 altari
1236 2277 1291 2341 tuo
1328 2276 1459 2340 sancto:
1499 2267 1631 2362 planam
1665 2264 1720 2337 lac
1750 2269 1841 2339 viam
1873 2268 1983 2339 mise-

616 2383 783 2456 ricordiae
809 2393 901 2457 tuae:
929 2383 1043 2456 scinde
1070 2392 1104 2454 et
1129 2404 1245 2477 mmpe
1272 2405 1369 2455 omne
1395 2381 1562 2455 vinculum
1593 2393 1808 2480 peccatorum
1840 2393 1983 2455 nostro-

615 2521 710 2589 ιἰιω,
738 2522 824 2593 quae
851 2501 1075 2571 commisimus
1102 2522 1217 2572 coram
1242 2508 1276 2571 te
1310 2498 1470 2589 Domine,
1505 2501 1650 2572 scienter
1681 2498 1740 2571 vel
1774 2501 1983 2591 ignoranter:

615 2636 678 2710 per
703 2614 859 2686 malitiam
885 2615 1014 2703 cordis,
1041 2600 1097 2687 aut
1122 2613 1395 2686 imbecillitatem:
1422 2636 1483 2710 per
1509 2637 1695 2688 sermonem
1725 2625 1780 2687 aut
1805 2615 1983 2711 pusillani-

615 2733 783 2820 mitatem,
810 2740 867 2802 aut
891 2753 953 2826 per
977 2729 1158 2802 fallaciam:
1191 2734 1268 2825 quia
1302 2740 1337 2801 tu
1372 2731 1464 2804 Deus
1494 2734 1583 2804 nosti
1616 2730 1827 2823 fragilitatem
1861 2731 1982 2804 buma-

615 2868 703 2918 nam.
757 2845 785 2918 0
812 2845 901 2918 bone
929 2855 1057 2919 amator
1082 2845 1214 2919 humaui
1239 2850 1393 2939 generis,
1421 2856 1455 2920 et
1480 2850 1623 2920 omnium
1649 2849 1807 2936 Domine,
1834 2844 1983 2920 concede

616 2963 714 3036 nobis
745 2965 976 3035 remissionem
1009 2972 1222 3056 peccatorum
1257 2972 1461 3036 nostrorum:
1494 2961 1635 3059 benedic
1666 2963 1782 3053 nobis,
1813 2963 1982 3037 sanctifica

616 3100 700 3167 nos,
726 3077 951 3170 mundanos,
977 3077 1100 3151 bonum
1127 3078 1264 3152 odorem
1301 3080 1342 3152 da
1382 3080 1497 3170 uobis,
1533 3079 1639 3153 libera
1670 3101 1734 3180 nos
1765 3088 1798 3151 et
1832 3079 1888 3152 lac
1918 3102 1982 3154 uos

616 3193 798 3269 absolutos.

721 3313 754 3384 7.
781 3312 935 3386 Absolve
960 3312 1103 3384 Domine
1128 3308 1353 3383 Patriarcbam
1379 3319 1529 3384 nostrum
1553 3310 1655 3384 Abba
1685 3311 1741 3383 N.¹
1759 3312 1983 3410 Scottumque

616 3437 651 3498 et
675 3425 811 3501 beatum
837 3427 1083 3525 Metropolitum
1108 3435 1257 3500 nostrum
1283 3425 1383 3499 Abba
1414 3426 1456 3498 N.
1488 3427 1643 3502 Absolve
1676 3426 1819 3501 Domine
1850 3428 1983 3523 Regem

615 3553 775 3632 nostrum.
828 3543 858 3634 ΘΙ
880 3542 1048 3616 Memento
1075 3541 1216 3640 Domine
1243 3544 1424 3616 aninamm
1438 3544 1572 3616 Patmm
1599 3553 1786 3618 nostrorum
1806 3567 1983 3621 servorum

615 3669 763 3732 tuorum:
790 3657 890 3734 Abba
916 3658 1061 3732 Matbaei
1087 3666 1121 3730 et
1146 3641 1349 3752 collegarum
1377 3663 1463 3752 ejus:
1489 3657 1588 3733 Abba
1616 3659 1763 3752 Salama,
1788 3661 1888 3735 Abba
1914 3663 1981 3736 Ja-

616 3774 710 3848 cobi:
737 3775 839 3850 Abba
865 3775 1126 3866 Bartholomaei,
1151 3773 1252 3850 Abba
1279 3775 1469 3865 Michaelis,
1496 3775 1596 3850 Abba
1621 3777 1746 3867 lsaaci,
1782 3775 1882 3852 Abba
1912 3779 1981 3852 Jo-

616 3895 733 3983 annis,
758 3890 858 3967 Abba
885 3890 1000 3963 Marci.

713 4020 881 4095 Memento
909 4020 1068 4110 Domine,
1101 4019 1232 4114 Regum
1257 4020 1475 4119 Aethiopiae,
1499 4019 1636 4096 Abraba
1664 4033 1698 4096 et
1722 4021 1878 4115 Aubeeb,
1906 4024 1980 4097 Ca-

613 4132 681 4226 leb,
700 4132 999 4226 Gabra-Maskel,
1026 4135 1245 4229 Constantini,
1270 4137 1488 4228 Fressennai,
1514 4138 1826 4231 Dagna-Micbael,
1843 4140 1981 4215 Navvi·

616 4247 797 4348 (lbristos,
810 4253 1070 4347 Degba-Sion,
1096 4253 1365 4343 Hamis-Sion,
1391 4254 1513 4344 David,
1540 4255 1727 4347 Theodori,
1754 4256 1875 4348 lsaaci,
1900 4257 1980 4330 An-

615 4366 735 4454 dreae,
786 4369 1056 4462 Hamad-Jesu,
1109 4369 1369 4447 Zara-Jacob:
1421 4370 1733 4461 Baelo-Mariam,
1785 4373 1979 4462 Alexmtrt

615 4479 890 4577 llamda-Sion,
915 4484 1031 4578 Naod,
1057 4485 1356 4580 Leben-Dingbil.

720 4599 875 4675 Absolve
914 4603 1057 4675 Domine
1092 4604 1210 4677 Patres
1249 4614 1403 4693 nostros,
1438 4603 1538 4678 Abba
1576 4606 1773 4694 Antonium
1809 4617 1844 4679 et
1879 4605 1980 4681 Abba

501 4736 508 4746 ·
616 4715 808 4790 Macarium.
860 4717 1029 4792 Memento
1055 4720 1198 4792 Domine
1224 4721 1353 4793 animae
1377 4721 1486 4796 Patris
1511 4724 1616 4795 nostri
1649 4726 1740 4796 servi
1771 4725 1819 4794 tui
1849 4722 1979 4796 Tella-

616 4829 812 4924 llaimanot,
840 4857 915 4907 cum
940 4835 1092 4910 omnibus
1128 4840 1200 4930 ejus
1226 4836 1311 4910 liliis.
1364 4834 1532 4910 Memento
1565 4838 1664 4912 etiam
1697 4838 1839 4913 Domine
1869 4841 1979 4916 Patris
