4778 6034
491 648 542 724 OE
557 640 813 722 inundantia
831 638 1086 717 ontntlbttttn
1104 637 1253 716 omolnn
1271 639 1319 716 lll
1332 636 1582 716 AUTORITATE.
1688 631 1737 705 Xl

361 843 502 928 atroque
544 831 759 903 Testamenta
798 825 870 898 lieri
913 823 1044 898 solebat
1081 827 1257 918 antiquitus
1293 834 1328 897 ct
1361 825 1395 894 in
1430 820 1581 894 omnibus
1618 819 1737 895 olbciis

360 945 599 1047 praescribitur
625 953 659 1017 et
685 966 760 1016 eam
787 941 987 1038 sequebatur
1013 939 1117 1032 vulgo
1149 940 1292 1012 Humilia
1329 939 1372 1010 ad
1407 936 1584 1034 populum,
1620 934 1738 1030 qrrales

362 1075 436 1142 sunt
463 1061 697 1158 chrysostomi
724 1069 758 1131 et
783 1059 962 1150 Aumrstini
988 1053 1187 1152 permultae:
1216 1066 1284 1127 tum
1308 1055 1465 1128 diversae
1490 1055 1657 1124 orationes
1674 1073 1738 1123 re·

361 1179 547 1254 citabantur
574 1201 594 1250 a
622 1173 828 1265 Sacerdote,
858 1173 983 1269 populo
1009 1171 1254 1266 respondente,
1286 1171 1406 1243 Amen.
1457 1169 1599 1263 Reliqua
1631 1188 1738 1262 usquc

362 1297 404 1368 ad
438 1293 703 1379 Praefationem,
734 1289 913 1364 secundum
944 1289 1060 1359 varios
1092 1291 1195 1376 ritus,
1233 1285 1298 1358 alio
1333 1295 1433 1381 atque
1466 1285 1531 1357 alio
1564 1283 1663 1356 modu
1700 1304 1739 1356 se

362 1393 549 1500 habebant,
574 1408 664 1480 nullo
689 1405 785 1495 fidei,
813 1412 869 1476 aut
893 1403 1039 1476 violatae
1066 1402 1258 1497 disciplinae
1286 1401 1492 1474 detrimento.

465 1554 668 1628 Praelatioui
707 1551 886 1628 secundum
923 1549 1073 1624 Graecos
1114 1561 1149 1623 et
1184 1550 1371 1624 Orientales
1413 1571 1550 1638 omnes,
1590 1546 1738 1619 osculum

363 1675 455 1769 pacis
481 1673 646 1768 praemitti
672 1668 777 1758 solet,
804 1666 893 1763 quod
920 1669 954 1738 in
982 1666 1177 1754 Occidente,
1211 1677 1247 1738 ut
1280 1666 1472 1762 plurimum,
1506 1664 1576 1736 dari
1610 1660 1741 1736 solebat

363 1787 462 1885 paulo
490 1795 568 1857 ante
595 1782 879 1857 Oommunionem.
933 1781 1022 1855 Illius
1049 1784 1131 1854 ritus
1158 1805 1257 1878 quem
1282 1785 1356 1878 ipse
1375 1781 1497 1852 Paulus
1524 1779 1633 1852 multis
1649 1775 1739 1872 Epi-

365 1904 458 1978 stolis
485 1905 556 1990 suis
579 1903 761 1996 praecipit,
788 1901 1007 1970 rneminerunt
1031 1907 1167 1969 veteres
1193 1919 1300 1992 prope
1326 1917 1444 1969 omnes
1469 1895 1589 1968 Graeci
1617 1905 1651 1967 et
1665 1894 1740 1966 La-

365 2022 439 2110 tini,
465 2017 705 2106 Tertullianus,
731 2015 898 2106 lustinus,
926 2012 1072 2110 Oprillus
1098 2013 1444 2110 hierosolymitanus,
1478 2009 1739 2106 Chrysostomus
1756 2037 1817 2090 rere.
1835 2038 1865 2088 ae
1885 2038 1954 2088 ona
1968 2053 2000 2088 a.
2018 2039 2063 2088 m.

365 2145 399 2208 ct
432 2133 525 2206 multi
567 2132 630 2204 alii.
691 2129 908 2220 Adhortatio,
949 2151 1035 2224 quae
1074 2129 1198 2200 britium
1230 2127 1452 2202 Praefationis
1488 2137 1559 2216 est,
1601 2124 1796 2197 Sarmata
1815 2123 1890 2174 υτον·
1906 2141 1929 2172 ⁶·
1944 2123 2048 2218 Ψ*

366 2247 491 2336 corda,
519 2258 554 2321 et
580 2269 666 2342 quae
693 2256 891 2343 sequuntrn,
918 2243 1111 2320 eurumdem
1137 2243 1365 2337 frequentibus
1392 2245 1586 2317 testimoniis
1613 2241 1741 2315 contir-
1755 2211 1809 2346 a]
1823 2209 1849 2344 {J
1865 2207 1923 2346 ἵζ’
1943 2207 2011 2258 ⁸¹²*

365 2374 503 2435 mantur.
555 2363 707 2458 Hymnus
736 2359 941 2434 Oheruhicus
967 2360 1132 2448 Sanctus,
1159 2359 1321 2448 saccae,
1356 2359 1523 2448 Sanctam,
1565 2379 1631 2455 quo
1664 2368 1741 2429 ter-

365 2481 522 2571 minabn,
559 2478 696 2552 eusdem
724 2488 829 2556 testes
863 2474 979 2568 babet,
1012 2479 1306 2569 vetustissimoque
1338 2478 1482 2548 onmium
1515 2474 1742 2548 Ecclesiamm

366 2599 590 2670 consensione
615 2597 661 2666 ita
677 2593 900 2683 consumatum,
926 2601 963 2664 at
988 2591 1076 2664 nialla
1095 2581 1253 2666 novitatis
1270 2593 1460 2688 suspicione
1479 2593 1614 2688 aspergi
1632 2598 1739 2685 queat

470 2745 607 2817 Oratam
634 2765 712 2818 esse
738 2746 824 2815 inter
850 2763 947 2818 sacra
979 2744 1158 2837 nrysteria,
1188 2763 1252 2837 pro
1285 2740 1458 2832 omnihus,
1494 2763 1741 2814 commemora-

366 2863 488 2934 tionem
524 2867 733 2950 sancturum,
767 2868 835 2930 tum
866 2859 1020 2930 vivorum
1062 2866 1097 2930 et
1131 2861 1335 2930 mortuorum
1375 2856 1516 2949 facum,
1553 2855 1741 2949 singulares

365 2998 426 3071 pro
453 2998 539 3071 pace
565 2985 600 3047 ct
625 2975 777 3048 omnibus
804 2971 1064 3048 necessitatibus
1089 2976 1259 3048 orationes
1285 2972 1392 3046 lactas
1418 2972 1542 3061 luisse,
1578 2995 1646 3045 non
1672 2973 1741 3042 mi-

366 3113 427 3164 nus
455 3101 581 3162 certum
607 3098 723 3164 estex
750 3092 883 3184 antiqua
904 3088 1190 3184 traditione:‚quo
1211 3089 1328 3162 ornae
1347 3088 1475 3185 disponi
1492 3087 1646 3179 debcant,
1673 3109 1740 3160 non

367 3209 513 3281 interest.

435 3335 525 3431 ,An
551 3355 683 3409 sacram
707 3335 886 3407 Actionem
916 3336 1128 3430 pervenitur,
1163 3336 1327 3408 enarratis
1360 3334 1424 3406 Dei
1450 3355 1534 3427 erga
1566 3333 1741 3406 humanum

367 3473 473 3546 genus
505 3451 694 3541 beneficiis,
735 3448 825 3522 iacta
858 3452 1175 3523 commemoratione
1207 3451 1326 3522 summi
1358 3449 1571 3522 redemtionis
1604 3459 1741 3522 nostrae

367 3570 534 3664 mysterii,
561 3577 596 3638 et
620 3567 829 3641 institutionis
846 3564 1076 3638 Eucharistiae
1101 3588 1163 3661 per
1181 3565 1297 3640 lesum
1313 3561 1499 3654 Christum,
1526 3566 1620 3656 cuins
1634 3565 1742 3638 verba

368 3687 563 3773 recitantur,
589 3706 631 3754 ea
657 3683 854 3778 praesertim
881 3681 1015 3775 quibua,
1042 3689 1078 3752 ul
1094 3680 1287 3752 Tridentino
1300 3679 1627 3775 Synodusloquitur,
1654 3699 1741 3750 cor-

365 3822 429 3892 pus
453 3821 547 3871 maan
573 3805 608 3869 ct
637 3800 834 3894 sanquinem
866 3797 1007 3867 audac
1040 3816 1079 3870 cc
1111 3795 1286 3888 discipulis
1317 3815 1386 3866 aaa
1422 3795 1567 3868 obscure
1601 3799 1743 3868 testatae

369 3921 435 4003 eat,
462 3917 535 3988 sine
563 3912 680 4010 quibus
708 3916 902 3986 consecrari
926 3909 1167 3984 Eucharistiam
1194 3932 1293 3981 nemo
1319 3913 1405 3981 inter
1433 3908 1642 3984 Christianus
1669 3933 1740 3982 ve-

369 4039 457 4104 teres
484 4052 628 4124 unquam
642 4031 857 4102 existImavit.
889 4027 1007 4124 ,Unde
1034 4029 1069 4099 in
1091 4024 1242 4100 omnihus
1260 4029 1495 4124 cujuscumque
1513 4029 1594 4100 ritus
1611 4035 1645 4098 et
1669 4027 1740 4098 lin-

369 4168 475 4238 guae,
502 4144 621 4218 eadem
646 4144 805 4238 religiose
831 4145 1080 4240 pronuncianda
1106 4142 1395 4239 praescribuntur,
1421 4154 1456 4216 et
1479 4147 1513 4216 in
1534 4143 1643 4215 multis
1670 4162 1741 4241 pu·

296 4265 303 4278 '
369 4261 464 4356 pulos
491 4263 619 4349 Amen,
647 4260 688 4332 ad
715 4259 792 4332 lidei
817 4283 900 4333 snae
927 4262 1149 4334 testimonium
1175 4259 1359 4354 adjungere
1382 4260 1526 4352 juhetam.

471 4409 508 4482 ln
536 4409 758 4483 Orientalibus
784 4410 942 4501 Liturgiis
970 4412 1117 4505 sequitur
1144 4413 1265 4501 statim,
1291 4419 1328 4481 ut
1352 4409 1545 4504 plurimum,
1571 4409 1742 4484 Invocatio

370 4525 511 4622 Spiritus
539 4528 665 4614 sancti,
693 4525 735 4598 ad
761 4524 992 4622 postulandum
1020 4528 1093 4618 ejus
1120 4524 1269 4618 illapsum
1284 4527 1319 4595 in
1334 4524 1419 4596 duna
1433 4529 1616 4621 proposita,
1643 4550 1741 4623 quam
1770 4539 1777 4552 ·

371 4644 553 4714 orationem
591 4641 670 4713 licet
707 4663 774 4714 non
808 4640 952 4713 habeant
984 4639 1216 4714 Occidentales
1250 4639 1437 4733 biturgiae‚
1474 4641 1593 4716 multm
1631 4653 1742 4714 tamen

370 4760 540 4829 orationes
566 4761 753 4850 continent,
788 4779 874 4852 quae
901 4757 1045 4829 adeam
1077 4753 1197 4827 referri
1228 4767 1387 4850 possunt,
1420 4779 1495 4829 cam
1528 4759 1607 4830 fiant
1641 4779 1744 4852 super

372 4871 458 4944 dona
481 4875 551 4964 jam
567 4881 773 4946 consecrata.
825 4871 915 4946 Illius
940 4873 1164 4946 Invocationis
1193 4869 1314 4944 Graeci
1328 4872 1447 4946 Patres
1473 4872 1742 4969 frequentissime

370 4992 571 5062 mentionem
595 4989 738 5080 faciunt,
770 4988 856 5062 adeo
881 4999 918 5062 ut
944 4993 1017 5085 ipsa
1043 4985 1150 5061 verba
1177 5011 1197 5060 a
1222 4987 1387 5062 nonnullis
1421 4987 1624 5081 referantur,
1659 4997 1696 5060 ut
1722 5011 1742 5060 a

371 5102 500 5200 Cyrillu
527 5105 849 5202 Hierusolymitano,
876 5117 910 5178 ct
936 5107 1162 5201 antiquissimo
1187 5103 1338 5178 benaco.

1486 5223 1510 5294 2
1524 5221 1547 5263 ff
