4670 6046
575 667 628 742 lu
649 664 855 742 LllllliGldll
869 661 1062 740 COPTIOAM
1077 662 1108 740 S.
1128 661 1273 738 BASlLlI.
1534 660 1607 734 271

240 851 365 933 psimus,
388 849 478 912 dandi
500 851 737 913 communionem
760 848 909 924 methodi,
936 865 1011 910 vere
1034 846 1090 910 sub
1112 855 1240 929 utraque
1263 845 1367 928 specie
1391 847 1511 910 censeri
1533 863 1612 926 pos-

241 953 316 1014 sint:
341 949 478 1030 illamque
502 949 608 1012 saltem
631 956 801 1032 agnoscam
823 966 840 1010 a
861 947 949 1010 nobis
979 945 1017 1008 ad
1048 945 1182 1026 Coptitas
1208 963 1269 1008 non
1297 946 1473 1010 translatam
1503 945 1611 1024 luisse,

242 1052 292 1130 qui
321 1067 387 1112 eam
413 1050 603 1131 ignoramus,
638 1054 670 1110 ut
699 1051 787 1110 etiarn
817 1046 1002 1128 disciplinam
1031 1045 1120 1108 dandi
1147 1045 1364 1109 Eucharistiam
1395 1045 1569 1122 infantibus,
1593 1061 1610 1105 a

240 1147 339 1212 multis
368 1148 497 1210 saeculis
532 1148 740 1224 intermissam,
768 1147 828 1228 jam
855 1147 1026 1209 omittimus.
1071 1143 1207 1207 videnda
1236 1145 1325 1206 etiam
1357 1163 1435 1224 quae
1469 1146 1499 1208 in
1532 1145 1609 1206 hanc

241 1249 417 1310 sententiam
440 1248 584 1330 leguntur
606 1247 637 1308 in
657 1244 791 1328 Epistola
822 1244 970 1308 Gabrielis
999 1244 1130 1308 Sionitae
1159 1243 1197 1305 ad
1223 1242 1415 1306 Bartholdum
1442 1243 1608 1318 Nihusium,

241 1355 273 1410 et
294 1345 374 1428 apud
397 1346 483 1410 alios.

328 1449 404 1510 Sunt
426 1445 502 1507 aliae
525 1443 696 1526 singulares
719 1445 937 1520 caeremoniae,
961 1442 999 1506 de
1022 1441 1130 1522 quibus
1152 1440 1302 1502 Rubricae
1320 1441 1392 1503 nihil
1409 1442 1609 1522 praecipiunt,

240 1553 274 1608 ut
296 1545 334 1608 de
357 1545 448 1608 rebus
471 1543 652 1622 notissimis,
675 1561 749 1625 quas
773 1550 871 1604 umen
895 1559 1052 1622 exponere
1074 1557 1188 1620 operae
1211 1540 1340 1621 pretium
1363 1547 1424 1616 cst,
1448 1559 1488 1601 ex
1510 1538 1610 1602 Abul-

239 1645 338 1708 bircat
361 1644 411 1724 qui
435 1642 511 1704 lraec
533 1649 674 1704 accurate
696 1642 912 1723 prosequitur,
942 1647 972 1702 et
1003 1640 1089 1721 cujus
1116 1637 1213 1701 verba
1243 1645 1401 1719 antequam
1428 1637 1610 1716 reserantur,

240 1761 337 1824 pauca
360 1741 491 1822 praefari
516 1741 554 1804 ad
577 1759 680 1804 eorum
703 1741 930 1824 intelligentiam
951 1757 1080 1802 necesse
1103 1746 1160 1800 est.
1206 1737 1237 1800 ln
1266 1737 1381 1799 Graeca
1404 1737 1611 1800 Alexandrina

240 1842 379 1924 liturgia
408 1840 518 1918 llarci,
549 1858 626 1921 quae
657 1839 850 1922 Copticarum
880 1823 1008 1901 omnium
1037 1837 1219 1918 primitivum
1248 1831 1402 1916 exemplar
1432 1844 1492 1915 est,
1525 1836 1610 1899 initio

239 1942 340 2004 statim
364 1940 432 2002 dum
456 1942 613 2003 invocatur
635 1938 733 2000 divina
757 1937 929 2000 benedictio
952 1955 1045 2016 super
1067 1937 1145 2000 dona
1168 1934 1335 2015 offerenda,
1360 1935 1415 1998 sed
1437 1935 1558 1998 vixdum
1579 1936 1611 1998 iu

240 2039 380 2121 prothesi
410 2039 572 2117 collocata,
608 2057 668 2100 non
700 2039 788 2101 unius
822 2037 942 2114 calicis,
972 2036 1026 2098 sed
1055 2036 1184 2118 plurium
1213 2037 1323 2098 mentio
1349 2036 1399 2112 lit,
1433 2037 1499 2098 sive
1529 2034 1611 2115 quod

240 2139 328 2202 simrd
353 2155 418 2201 cum
442 2141 608 2220 praecipuo
632 2143 898 2214 consecrarentur,
923 2138 1006 2215 siva,
1030 2134 1109 2216 quod
1133 2134 1305 2199 credibilius
1327 2135 1398 2198 lacit
1422 2135 1610 2198 consuetudo

239 2255 302 2302 nou
327 2236 524 2300 Orientalium
547 2237 647 2314 modo,
670 2236 726 2298 sed
748 2235 985 2298 Occidentalium
1007 2233 1221 2313 Ecclesiarum,
1246 2235 1327 2315 quod
1351 2255 1391 2298 ex
1411 2252 1472 2297 uno
1495 2233 1610 2315 plures,

240 2345 384 2420 quantum
407 2336 581 2399 sufficerent
604 2335 642 2398 ad
672 2335 800 2398 dandam
828 2332 1006 2396 multitudini
1037 2335 1289 2412 communionem,
1320 2334 1495 2398 consecrari
1525 2332 1611 2396 sole-

239 2443 318 2500 rent.
343 2435 376 2499 ln
399 2435 534 2518 Copticis
556 2435 699 2516 liturgiis
721 2435 809 2497 unius
838 2442 950 2496 tantum
981 2433 1083 2496 calicis
1111 2435 1253 2496 memoria
1284 2441 1346 2512 est,
1378 2451 1477 2516 neque
1511 2441 1612 2496 tamen

239 2535 310 2598 inde
342 2536 481 2598 concludi
508 2542 608 2617 potest
635 2535 755 2596 unicum
783 2550 876 2612 super
907 2533 992 2595 altari
1020 2533 1132 2610 fuisse,
1164 2533 1218 2594 sed
1246 2535 1364 2595 unicum
1395 2540 1551 2613 acceptum
1581 2534 1612 2595 in

241 2651 365 2713 manus,
390 2653 406 2696 a
431 2633 645 2698 Sacerdotibus
669 2651 756 2696 sacra
779 2631 1020 2711 celebrantibuS,
1051 2633 1080 2693 in
1104 2651 1142 2694 eo
1166 2633 1424 2695 consecrationem
1446 2641 1611 2714 peractam,

244 2742 274 2796 ct
298 2753 339 2797 ex
363 2733 470 2796 eodem
493 2733 627 2814 reliquos
651 2733 859 2812 confirmatos,
889 2738 922 2793 ut
951 2730 1109 2794 Ritualium
1137 2730 1336 2794 Romanorum
1365 2731 1459 2796 verbo
1486 2739 1612 2808 utamur,

243 2832 302 2896 boc
326 2840 373 2894 est
395 2832 526 2894 immissa
549 2833 685 2912 corporis
709 2830 820 2894 Christi
843 2830 1005 2912 particula,
1029 2839 1060 2893 et
1081 2829 1183 2894 retusa
1206 2833 1485 2928 sanguinispartc,
1508 2832 1537 2893 in
1559 2834 1612 2894 vi-

247 2952 318 2995 num
342 2951 403 2995 non
427 2938 646 2994 consecratum.
688 2930 734 2992 De
763 2948 800 2993 eo
823 2929 901 3010 apud
925 2937 1046 2992 veteres
1068 2930 1218 2994 Romanos
1240 2933 1298 2993 ritu
1329 2931 1419 2994 docte
1444 2931 1611 3010 admodum,

242 3044 275 3099 ut
298 3033 407 3110 omnia,
437 3031 559 3111 scripsit
580 3031 627 3092 vir
652 3029 841 3094 Clarissimus
864 3029 901 3091 D.
923 3029 1056 3092 loannes
1079 3029 1268 3094 blabillonius
1288 3033 1500 3094 commentario
1517 3050 1611 3117 prae-

242 3137 293 3197 vio
316 3132 353 3196 ad
377 3130 499 3195 Ordinis
522 3131 646 3193 Romani
665 3145 773 3192 novam
792 3138 823 3190 et
847 3137 1016 3192 accuratam
1031 3149 1071 3192 ex
1090 3129 1189 3193 multis
1209 3130 1431 3212 exemplaribus
1450 3131 1611 3194 editionem

242 3252 315 3317 pag.
339 3230 390 3292 1ยน5.
412 3229 463 3291 li.
487 3239 518 3292 et
541 3229 616 3292 locis
639 3229 715 3294 aliis.
738 3228 781 3291 lbi
805 3227 895 3290 docet
917 3245 979 3290 non
1003 3227 1135 3291 eamdem
1158 3228 1251 3292 luisse
1282 3231 1360 3312 apud
1389 3239 1510 3294 autores
1541 3233 1613 3314 opi-

243 3337 364 3397 nionem
401 3329 439 3391 de
476 3331 680 3398 commistione
710 3328 876 3410 particulae
910 3336 1106 3392 consecratae
1137 3348 1204 3392 curn
1237 3333 1306 3394 vino
1334 3347 1395 3393 non
1422 3340 1611 3396 consecrato.

245 3433 321 3496 Aliis
344 3416 441 3509 euim,
458 3438 491 3492 ut
513 3429 684 3509 Amalario,
709 3433 739 3493 in
762 3431 855 3511 prima
879 3429 982 3510 operis
1004 3429 1050 3490 sui
1073 3428 1215 3509 editione,
1234 3429 1408 3512 judicatum,
1432 3431 1612 3496 sanctificari

245 3535 346 3594 vinum
368 3549 431 3592 nun
454 3539 680 3609 consecratum,
705 3549 760 3612 per
789 3529 1002 3592 sanctificatum
1031 3545 1155 3609 punem,
1186 3547 1274 3610 quam
1302 3528 1396 3592 luisse
1425 3531 1612 3594 diversarum

245 3632 449 3696 Ecclesiamm
472 3647 660 3693 communem
683 3631 859 3693 sententiam
881 3628 990 3709 probat
1011 3645 1091 3691 num.
1116 3627 1250 3709 ejusdem
1270 3627 1481 3692 Commentarii
1497 3628 1548 3693 13.
1571 3649 1611 3693 ex

244 3729 414 3794 blissalibus
438 3737 469 3792 et
491 3728 657 3792 Ordinariis
679 3729 836 3806 ilamensi,
861 3729 1085 3804 Suessionensi,
1109 3726 1312 3807 Ambiaocnsi,
1341 3730 1515 3810 Viennensi,
1538 3731 1612 3792 Vir-

248 3831 394 3907 dunensi,
418 3837 448 3890 et
472 3827 586 3909 aliquot
609 3830 683 3892 aliis.
707 3828 834 3891 Diversa
858 3831 887 3890 in
910 3827 1056 3889 sententia
1080 3827 1173 3889 luisse
1203 3829 1347 3892 observat
1376 3837 1511 3893 sanctum
1532 3828 1612 3892 Ber-

245 3929 389 4007 nardum,
411 3927 556 3991 Jacobum
580 3929 618 3990 de
641 3929 792 4003 vitriaco,
822 3937 852 3990 et
879 3927 1065 3989 recentiores
1095 3927 1221 4004 multos,
1252 3928 1464 4009 concluditque
1492 3930 1611 3992 tandem

245 4026 316 4090 nibil
345 4028 383 4090 ab
411 4027 547 4090 Ecclesia
577 4027 710 4090 Romana
738 4027 818 4090 circa
848 4026 1019 4090 alterutram
1051 4028 1221 4108 opinionem
1252 4027 1494 4108 determinatum,
1531 4029 1612 4109 quod

243 4146 319 4190 vere
341 4117 567 4208 prudenterque
590 4134 760 4191 annotatum
783 4134 839 4189 est.
884 4125 991 4206 Neque
1013 4145 1085 4190 saue
1109 4145 1241 4208 operose
1264 4127 1487 4214 disquirendum
1513 4146 1550 4190 an
1574 4146 1611 4192 ea

245 4227 468 4303 commistione,
493 4227 558 4288 sive
581 4229 747 4306 particulae
776 4233 989 4304 consecratae,
1024 4229 1090 4290 sive
1121 4227 1213 4290 rebrsi
1245 4248 1284 4290 ex
1314 4229 1428 4308 majore
1458 4227 1551 4290 calice
1579 4229 1611 4290 iu

245 4325 489 4404 ministerialem,
517 4326 672 4407 sanguinis
696 4326 824 4404 Cbristi,
856 4327 955 4388 vinum
978 4328 1017 4390 ita
1041 4336 1293 4406 consecraretur,
1323 4335 1356 4390 ฮนฮนฮน
1379 4327 1464 4390 lieret
1486 4329 1610 4408 sanguis

247 4425 365 4490 Christi.
390 4424 501 4488 Omnes
523 4427 703 4488 sanctificari
725 4426 932 4488 secundarium
953 4427 1033 4488 illum
1053 4425 1175 4490 calicem
1192 4427 1271 4490 nulla
1292 4445 1418 4508 prorsus
1438 4427 1610 4507 opinionum

246 4525 420 4588 diversitate
450 4533 650 4608 agnoverunt.
681 4526 817 4588 Ecclesia
845 4542 921 4589 vero
949 4544 1027 4606 quae
1061 4527 1148 4588 talem
1172 4529 1405 4591 commistionem
1433 4546 1491 4608 per
1519 4527 1610 4589 multa

246 4627 367 4690 saecula
390 4626 584 4703 observavit,
615 4627 684 4688 dum
712 4627 753 4688 ita
782 4626 881 4688 Laicis
908 4627 1144 4689 communionem
1174 4625 1238 4689 dari
1264 4627 1375 4704 voluit,
1407 4627 1478 4688 satis
1508 4626 1612 4690 docuit

247 4726 374 4789 credere
397 4743 432 4786 se
454 4724 536 4805 quod
558 4723 731 4804 adplenum
754 4727 961 4807 integramque
982 4725 1166 4788 Sacramenti
1185 4727 1442 4808 participationem
1457 4724 1612 4790 sufficeret

247 4824 418 4904 specierum
441 4832 684 4887 consecratarum
707 4843 773 4887 cum
796 4842 857 4888 uon
880 4827 1065 4887 consecratis
1088 4825 1269 4907 conjunctio.
1313 4826 1414 4907 Atque
1437 4826 1477 4888 ita
1500 4844 1539 4888 ex
1563 4826 1612 4890 di-

248 4923 373 5002 sciplina
395 4922 609 4986 Ecclesiastico
631 4923 815 4987 sufficienter
838 4924 1074 5002 demonstratur,
1109 4932 1159 4986 aut
1181 4925 1337 4989 Ecclesiae
1361 4926 1475 5007 judicio
1502 4925 1612 4988 iactam

247 5021 341 5084 fuisse
363 5040 404 5084 ex
426 5023 633 5088 commistione
656 5024 915 5087 consecrationem
938 5022 1039 5086 calicis
1069 5025 1286 5102 ministerialis,
1317 5034 1368 5089 aut
1394 5027 1610 5090 sanctificatio-

147 5149 151 5158 *
247 5139 331 5201 nem,
369 5127 477 5202 quanta
511 5121 675 5186 sufficiebat
709 5122 747 5186 ad
781 5125 927 5208 integram
957 5125 1193 5186 communionem
1228 5128 1366 5207 corporis
1397 5135 1428 5191 et
1455 5127 1611 5210 sanguinis

1658 1435 1732 1488 Aliae
1746 1437 1934 1491 caeremoniae.
