4686 6060
690 595 1229 674 atuxalnalno
1574 597 1649 671 399

273 791 368 856 catur
392 785 427 854 in
453 781 590 856 'l'hrono
617 781 852 872 Patriarehali,
879 783 1144 856 continuantibus
1170 783 1314 880 hymnos
1344 787 1492 874 interea,
1519 781 1651 857 Sacer-

272 897 405 973 dotibus
445 907 480 970 et
509 897 680 972 Diaeouis.
732 900 800 972 Dat
831 898 1114 990 benedictionem,
1150 909 1184 972 et
1219 922 1380 992 egressus
1413 922 1460 972 ex
1493 898 1649 973 Ecclesia

273 1014 402 1088 ducitur
428 1013 470 1086 ad
497 1013 625 1088 Cellam
651 1014 926 1103 Patriarehalem,
961 1037 1023 1088 seu
1048 1015 1289 1088 Patriarchium
1314 1015 1356 1088 D.
1383 1015 1491 1088 Marci
1516 1019 1651 1089 nomine

273 1129 476 1215 dedicatum,
508 1130 707 1227 vehiturque
738 1133 888 1225 jumento
922 1152 993 1204 suo.
1045 1131 1208 1228 Episcopi
1241 1141 1440 1227 sequuntur,
1474 1139 1509 1204 et
1542 1136 1650 1204 omnis

272 1247 430 1342 populus:
458 1245 662 1321 Sacerdotes
688 1257 867 1344 praeeunt,
895 1258 1054 1320 canentes
1081 1248 1238 1343 hymnos:
1275 1247 1438 1343 simulque
1464 1247 1651 1342 procedunt

271 1362 481 1457 praesidiarii
514 1386 533 1434 a
566 1365 716 1461 principe
749 1364 806 1437 vel
832 1366 1028 1456 magistratu
1054 1365 1163 1456 missi,
1198 1371 1274 1437 ante
1310 1386 1394 1459 quos
1426 1375 1495 1436 tres
1530 1386 1649 1437 cruces

272 1476 514 1574 praeferuntur.
568 1477 652 1551 Cum
678 1483 712 1551 in
737 1481 879 1553 mediam
907 1479 1024 1552 urbem
1049 1488 1185 1552 ventum
1212 1491 1286 1568 est,
1321 1482 1521 1552 consistunt:
1550 1489 1650 1574 atque

273 1614 359 1665 unus
375 1616 442 1692 ‚ex
467 1594 628 1668 Diaconis
668 1598 782 1692 incipit
818 1595 883 1667 alta
910 1618 1001 1669 voce
1027 1599 1213 1668 orationem
1240 1595 1410 1692 Eiirwpav
1435 1589 1563 1679 πάντες
1588 1593 1650 1669 καὶ

274 1711 422 1792 ἐκτενῶς
455 1706 646 1805 δεώμεθα,
681 1707 781 1810 κύριε
815 1715 966 1808 elehem.
1019 1713 1186 1783 Dicamus
1221 1734 1335 1784 omncs
1368 1719 1403 1783 et
1429 1733 1562 1783 oremus
1588 1715 1650 1783 io-

274 1828 417 1914 tentios,
449 1825 561 1919 Kprie
595 1825 740 1900 eleison:
772 1829 920 1925 Populus
961 1815 1083 1900 clamat
1114 1827 1225 1921 Eprio
1262 1828 1401 1901 eleison.
1454 1826 1650 1901 Patriareha

275 1940 354 2012 dicit
380 1943 564 2015 orationem
592 1947 687 2037 qu'us
714 1947 859 2033 initium,
891 1944 1039 2015 Domine
1070 1945 1168 2016 Deae
1200 1947 1428 2038 omnipotens:
1461 1955 1495 2016 et
1529 1955 1650 2040 postea

275 2056 369 2146 dicit,
396 2058 479 2129 Poro
503 2059 602 2130 uobis
627 2058 796 2133 omnibus:
822 2071 856 2133 et
881 2060 970 2132 illum
996 2081 1149 2133 versum:
1176 2063 1247 2132 cito
1274 2063 1519 2153 anticipatione
1543 2064 1651 2133 mise-

274 2174 433 2245 ricordia
466 2183 502 2246 et
536 2175 714 2247 clementio
748 2183 825 2265 tao,
861 2177 1017 2248 Domine.
1070 2176 1216 2272 Populus
1250 2176 1345 2266 dicit,
1379 2177 1489 2270 Eprio
1522 2175 1652 2247 eleison

275 2290 460 2366 multoties:
488 2300 521 2362 et
546 2302 624 2386 post
651 2291 749 2365 aliam
774 2292 1053 2384 benedictionem,
1079 2292 1265 2387 procedunt
1291 2289 1484 2365 Patriareha
1511 2302 1546 2364 et
1563 2292 1653 2388 Epi-

276 2409 370 2503 scopi
398 2407 441 2479 ad
466 2407 723 2498 Patriarchium,
751 2432 892 2506 cumque
919 2408 985 2481 illic
1011 2408 1221 2498 consederit,
1248 2429 1364 2481 rursus
1391 2431 1467 2480 eum
1493 2411 1655 2504 prostrati

276 2505 490 2596 venerantur.
541 2523 725 2598 Festivites
754 2533 863 2597 eutem
895 2526 1105 2598 contionatur
1136 2547 1199 2621 per
1231 2523 1304 2596 dies
1337 2534 1426 2596 tres:
1461 2527 1592 2620 prime,
1618 2530 1654 2598 iu

162 2679 165 2684 ·
276 2636 431 2712 Ecclesia
455 2640 609 2732 Angelii:
637 2641 798 2730 seeundo,
825 2644 859 2712 in
875 2639 1030 2713 Ecclesia
1048 2640 1084 2712 S.
1102 2639 1308 2732 Archangeli
1324 2639 1513 2714 Michaelis:
1541 2645 1651 2734 tertio,

277 2758 311 2827 in
335 2754 491 2829 Ecclesia
518 2754 553 2829 S.
575 2745 698 2829 lllerci':
726 2756 783 2829 ubi
809 2767 887 2852 post
912 2756 1110 2853 completam
1136 2756 1342 2849 Liturgiam,
1371 2759 1551 2853 accipit-in
1577 2762 1652 2831 sinu

277 2893 338 2944 suo
366 2881 465 2967 caput
490 2869 525 2943 S.
553 2869 659 2944 Marci
686 2870 939 2965 Evangelistee.
979 2871 1053 2945 lluc
1069 2871 1396 2969 asqueAbrdbircat
1433 2871 1491 2944 Ex
1509 2871 1650 2949 Ebuas-
1704 2856 1707 2860 ¹

279 2985 351 3060 salo
377 2987 506 3083 reliqua
533 3010 782 3083 persequemur.
1125 3025 1128 3032 ,

266 3087 273 3196 ζ
380 3103 550 3176 LXXXII.
576 3105 714 3195 Postea,
740 3106 854 3198 inquit,
880 3102 986 3179 fastos
1008 3105 1079 3179 dies
1107 3113 1175 3177 tres
1203 3104 1374 3178 celebrant
1400 3106 1432 3176 in
1456 3101 1551 3177 Cella
1577 3104 1651 3177 Pa·
1681 3122 1787 3191 Reliqui
1803 3121 1961 3176 ritusexea

277 3219 464 3309 triarchali,
497 3243 571 3292 cum
598 3242 721 3313 magno
748 3220 870 3312 gaudio
900 3220 1126 3316 spiritualique
1157 3220 1354 3294 festivitate:
1387 3229 1422 3292 et
1457 3220 1509 3292 die
1541 3208 1777 3311 tertio,¹¹⁸⁵⁸⁸¹⁰·

277 3339 385 3408 omnis
412 3321 553 3432 populus
581 3359 656 3408 oum
683 3355 728 3408 eo
752 3335 974 3431 proficiscitur
1000 3335 1042 3408 ad
1069 3336 1201 3408 domum
1233 3336 1374 3409 filiorum
1400 3335 1564 3407 Elcocori
1596 3335 1654 3409 ubi

232 3461 235 3464 ’
279 3460 331 3526 est
358 3461 457 3548 ceput
481 3451 589 3524 Marci
614 3450 873 3544 Evangelistae:
906 3450 1064 3547 iactaque
1098 3455 1250 3525 oratione
1282 3475 1394 3524 arcam
1422 3451 1583 3542 educunt,
1619 3463 1654 3525 et

279 3591 380 3664 saper
406 3567 549 3662 lapidem
576 3567 760 3659 collocent,
788 3568 860 3640 thus
886 3571 1014 3640 interea
1042 3567 1230 3641 adolentes:
1264 3569 1474 3663 aperiturque
1501 3589 1592 3659 arca,
1619 3577 1655 3640 et

279 3685 448 3758 osculatur
473 3682 666 3756 Patriareha
694 3695 794 3780 eaput
818 3684 860 3756 l).
887 3684 1009 3773 lllarci,
1040 3694 1161 3780 postea
1194 3705 1305 3756 arcam
1339 3679 1494 3755 claudunt
1523 3692 1557 3755 et
1582 3706 1652 3780 po-

277 3799 375 3896 pulus
403 3823 479 3872 eam
505 3800 683 3875 osculatur.
735 3802 889 3874 Diximus
917 3801 959 3873 de
985 3823 1028 3872 ea
1059 3799 1235 3872 traditione
1268 3801 1303 3869 in
1335 3799 1439 3872 variis
1470 3798 1555 3872 loeis
1585 3797 1655 3868 lli-

278 3919 404 3990 storiae
430 3926 567 3988 nostrae
593 3914 839 4006 Patriarehalis,
866 3915 1053 4011 dudumque
1075 3937 1154 3990 esse
1172 3915 1259 4013 apud
1273 3912 1446 3987 Jacobitas
1461 3915 1653 4011 Aegyptios

278 4054 486 4104 communem
513 4034 705 4127 opinionem
731 4032 820 4127 quod
853 4041 951 4128 caput
983 4032 1025 4106 D.
1056 4031 1162 4105 Marci
1194 4031 1294 4104 luerit
1325 4034 1358 4102 in
1391 4029 1491 4103 domo
1523 4033 1655 4126 privata

277 4145 424 4220 familiae
446 4143 666 4237 Christianae,
694 4146 803 4220 dictae
828 4147 969 4220 liliorum
989 4146 1159 4237 Elsohari,
1186 4147 1264 4219 olim
1291 4147 1423 4242 quaidem
1449 4155 1527 4242 post
1552 4147 1654 4219 multa

276 4262 427 4363 pericula
454 4273 688 4338 conservatum
716 4263 804 4360 apud
831 4277 947 4337 senem
974 4264 1149 4359 quemdam
1162 4262 1443 4352 Abuzachariem,
1470 4284 1535 4357 quo
1554 4283 1653 4334 mor-

278 4391 355 4472 tuo,
393 4380 646 4475 translatisque
664 4385 771 4454 saeris
808 4381 871 4454 illis
910 4379 1083 4476 reliquiis,
1119 4402 1259 4473 magnas
1296 4378 1498 4454 Christoduli
1532 4377 1653 4451 LXVI.

278 4495 493 4569 Patriarehae
519 4505 681 4593 tempore,
708 4496 855 4569 nonnulli
882 4499 937 4592 qai
963 4495 1006 4568 ad
1033 4499 1123 4570 senis
1150 4495 1236 4570 illias
1256 4495 1415 4568 familiam
1432 4491 1654 4590 pertinebant,

279 4612 483 4684 calamitates
510 4615 664 4708 perpessi
689 4611 829 4684 luerunt.
884 4611 1039 4684 Ultimum
1074 4633 1158 4686 vero
1192 4610 1281 4707 quod
1314 4615 1348 4683 in
1374 4611 1513 4684 historia
1538 4616 1655 4681 nostra

280 4731 426 4800 occurrit
459 4727 501 4799 de
537 4726 654 4800 eadem
687 4727 899 4823 reliquiarum
930 4726 972 4799 D.
1004 4727 1112 4800 lllerei
1147 4731 1181 4799 in
1222 4727 1323 4801 domo
1358 4725 1500 4800 liliorum
1532 4725 1656 4800 Soceri

282 4846 543 4916 conservatione
573 4847 812 4936 testimonium,
845 4841 985 4916 habetur
1016 4845 1049 4914 in
1083 4847 1155 4916 vita
1189 4841 1308 4940 cyrilli
1337 4842 1394 4916 lilii
1423 4839 1567 4915 Laklalri
1599 4839 1656 4936 qui

283 4956 453 5031 ordinatus
480 4969 533 5032 est
558 4982 645 5033 anuo
673 4961 703 5032 J.
730 4959 769 5033 0.
801 4957 1040 5033 MOCXXXV.
1097 4958 1224 5031 Verum
1260 4969 1358 5032 autor
1390 4964 1481 5035 vitae
1514 4966 1656 5032 testatur

283 5073 463 5165 dubitatum
490 5097 569 5150 esse
591 5079 659 5169 jam
686 5075 741 5149 illo
768 5078 842 5172 ipso
864 5077 1039 5170 tempore,
1067 5074 1109 5147 de
1134 5073 1232 5169 hujus
1258 5075 1454 5167 traditionis,
1481 5079 1559 5154 licet
1585 5094 1655 5148 an-
