4686 6060
693 698 1229 778 ALEXANDRINO.
1511 701 1637 775 ‘³75

262 909 337 957 cum
364 889 450 957 inter
476 885 649 958 Jacobitas
676 887 900 976 gravissimae
927 884 1154 959 dissensiones
1182 899 1297 961 essent
1323 892 1412 960 circa
1441 888 1639 961 electionem

262 999 498 1090 Patriarcbae,
535 999 624 1073 Adel
659 1000 817 1072 Sultanus
861 978 1081 1092 considuerit,
1114 1013 1150 1074 ut
1189 1027 1285 1098 quem
1324 1027 1452 1077 morem
1486 1003 1640 1094 Bagdadi

266 1117 354 1211 apud
384 1114 590 1208 Christianos
625 1115 891 1204 observaverat,
931 1139 1006 1187 eum
1040 1129 1267 1211 sequerentur.
1319 1119 1542 1211 Negaverunt
1567 1119 1640 1191 lieri

263 1232 296 1304 id
324 1231 410 1326 apud
436 1255 475 1303 se
500 1253 624 1326 posse,
659 1230 720 1303 sed
756 1230 844 1327 apud
879 1231 1030 1304 Francos
1062 1230 1186 1304 licitum
1222 1237 1424 1323 existimari,
1458 1233 1546 1330 quod
1579 1245 1639 1306 ta-

263 1370 341 1418 men
378 1345 498 1418 ialsum
537 1367 635 1435 esse,
677 1346 797 1417 electio
838 1346 979 1418 Ioannis
1012 1345 1163 1419 XLVIII.
1197 1349 1307 1422 multis
1344 1354 1438 1422 annis
1474 1353 1640 1422 vetustior

265 1465 343 1534 sotis
371 1460 524 1533 ostendit.
576 1461 723 1532 Ioannes
750 1460 836 1533 lilius
862 1461 981 1534 Narsis
1004 1458 1248 1536 Catholicorum
1275 1464 1545 1557 Bagdadensium
1570 1465 1640 1537 LII.

265 1598 352 1648 anno
379 1577 410 1646 J.
445 1572 483 1647 C.
516 1573 826 1648 DCCGLXXXIV.
860 1580 905 1648 ita
937 1576 1064 1650 electus
1100 1578 1270 1653 scribitur:
1304 1591 1338 1654 et
1373 1580 1457 1652 alins
1489 1581 1639 1655 loannes

264 1695 465 1784 cognomine
504 1689 676 1764 Abu-Isa
711 1690 797 1763 LXI.
830 1714 917 1764 anno
950 1693 981 1764 J.
1017 1691 1056 1764 C.
1096 1692 1205 1767 MVII.
1265 1696 1474 1770 Observatur
1513 1706 1640 1768 tantum

264 1807 348 1880 haec
377 1807 555 1880 diversitas
583 1806 671 1903 quod
698 1807 786 1902 opud
811 1807 1050 1900 Nestorianos,
1079 1808 1224 1882 schedae
1251 1833 1270 1881 a
1296 1834 1378 1885 sene
1406 1821 1440 1883 et
1461 1815 1515 1907 qui
1531 1835 1639 1908 prope

264 1946 360 1996 usum
399 1923 571 1995 oculorum
614 1925 788 2008 amiserat,
831 1921 1022 2018 Episcopo,
1061 1927 1096 1996 in
1138 1923 1250 1997 ultIma
1295 1926 1460 1999 electione
1499 1928 1640 2000 eductae

265 2050 357 2130 sunt,
386 2049 451 2110 tum
479 2039 567 2135 quod
594 2041 750 2133 inscripta
777 2037 909 2111 luerunt
936 2043 1079 2134 quinque
1106 2039 1357 2114 candidatorum
1383 2045 1535 2131 nomina,
1562 2045 1640 2139 pri-

265 2177 386 2249 maque
413 2156 560 2242 sortitio,
588 2177 629 2226 eo
659 2153 747 2249 quod
773 2153 897 2226 fraudis
925 2157 1072 2249 suspicio
1099 2157 1223 2247 injecta
1249 2155 1377 2247 iuerat,
1410 2160 1502 2229 irrita
1529 2157 1640 2234 habita

265 2275 321 2344 sit:
348 2269 383 2341 id
410 2269 498 2364 qnod
526 2269 613 2366 apud
624 2270 816 2365 Aegyptios
832 2293 999 2366 nunqnam
1017 2270 1182 2344 accidisse
1200 2270 1354 2364 legimus.
1393 2272 1483 2344 Illius
1508 2295 1641 2368 quoque

266 2385 460 2482 disciplinae
486 2395 589 2458 testes
617 2394 693 2456 sunt
717 2383 924 2459 Ebnassalus
951 2396 986 2457 et
1011 2385 1225 2474 Abulbircat‚
1254 2397 1353 2483 atque
1381 2411 1559 2460 excomm
1580 2398 1639 2461 te-

265 2505 419 2575 stimonio
446 2500 607 2572 refellitur
634 2502 793 2572 autoritas
821 2523 908 2595 quae
935 2525 981 2573 ex
1014 2502 1152 2574 historia
1186 2501 1359 2576 electionis
1391 2501 1510 2600 Cyrilli
1544 2506 1639 2578 istius

267 2615 325 2690 filii
351 2615 492 2689 Lalrlalri
520 2615 595 2687 duci
621 2625 752 2710 posset,
782 2619 858 2711 quia
886 2626 961 2687 tunc
988 2618 1061 2708 ejus
1093 2617 1243 2691 fautores
1277 2629 1490 2711 negaverunt
1523 2641 1639 2690 coram

264 2736 414 2828 principe
454 2730 520 2803 tale
564 2730 738 2825 quidquam
784 2730 870 2826 apud
910 2731 1062 2827 Coptitas
1106 2735 1269 2830 usurpari.
1332 2736 1388 2806 An
1425 2733 1489 2805 buc
1532 2757 1639 2830 nsque

266 2869 307 2919 ea
348 2846 554 2920 consuetudo
599 2855 735 2919 servata
768 2845 856 2940 apud
891 2845 1041 2941 Coptitas
1074 2846 1190 2938 luerit,
1225 2847 1323 2922 nobis
1355 2850 1533 2923 obscurum
1569 2859 1640 2922 est:

265 2964 325 3036 sed
353 2971 510 3056 qnantum
536 2983 582 3032 ex
609 2959 681 3032 aliis
708 2981 919 3052 cognoscere
945 2966 1128 3057 potuimus,
1155 2963 1449 3060 adeoprocnlcata
1466 2967 1598 3056 estjam
1619 2987 1640 3036 a

266 3079 384 3151 Turris
412 3075 582 3172 disciplina
610 3078 716 3150 omnis
742 3075 999 3167 Ecclesiastico,
1026 3089 1060 3150 nt
1081 3079 1205 3151 nullum
1223 3102 1331 3175 prope
1356 3083 1535 3172 vestigium
1551 3078 1638 3150 illius

266 3197 418 3289 supersit.
445 3191 530 3264 Nam
546 3191 684 3281 Bassae,
703 3193 778 3264 sive
795 3190 976 3281 Praefecti,
1004 3198 1058 3288 qui
1076 3192 1364 3290 Constantinopoli
1382 3197 1549 3266 mittuntur
1564 3218 1639 3267 oum
1763 3261 1768 3278 ,

267 3333 393 3382 somma
410 3310 597 3394 autoritate,
623 3330 698 3378 cum
712 3329 810 3378 unum
826 3305 860 3377 id
875 3307 1059 3400 designent,
1087 3319 1122 3381 ut
1137 3309 1299 3384 exhausta
1312 3314 1486 3405 provincia
1501 3311 1638 3384 ditiores

267 3424 402 3513 abeant,
430 3422 625 3495 Christianis
653 3426 681 3495 si
707 3419 806 3492 ullam
832 3421 1019 3518 relinquunt
1045 3423 1244 3498 electionum
1267 3426 1474 3516 libertatem,
1502 3449 1544 3498 ea
1570 3447 1637 3497 non

265 3543 328 3611 nisi
362 3541 512 3635 pecuniis
549 3537 734 3626 obtinetur,
770 3547 868 3632 atque
902 3539 1155 3635 utplurimum,
1182 3543 1211 3612 is
1239 3541 1370 3632 eligitur
1407 3545 1461 3636 qul
1488 3563 1638 3635 praece-

265 3665 356 3751 ptum
384 3678 403 3726 a
429 3653 679 3727 Mnbamedanis
705 3650 817 3743 babet,
845 3674 910 3746 quo
929 3663 1061 3724 vetetur
1077 3653 1253 3751 Episcopis
1280 3677 1323 3726 ne
1350 3654 1449 3727 alium
1477 3656 1638 3727 ordinent.

371 3769 425 3840 LI.
459 3768 524 3840 Ubi
558 3767 690 3840 tandem
724 3766 781 3838 vel
808 3779 900 3841 sorte
932 3768 989 3841 vel
1028 3769 1269 3842 acclamatione
1307 3774 1451 3842 omnium
1486 3771 1638 3842 ordinum
1685 3783 1855 3837 Proclamauo
1888 3781 1963 3835 eroco

267 3885 406 3977 alicujus
444 3881 693 3956 candidatorum
732 3880 851 3954 electio
893 3882 1110 3979 comprobata
1151 3862 1277 3975 iuerat,
1311 3884 1485 3958 clamando
1518 3907 1638 3978 nempe
1650 3869 1670 3922 Ρ
1672 3870 1823 3923 ⁸⁸³⁵⁸¹⁶¹¹⁸ffi

257 3999 397 4085 Ἄξιος,
443 3997 641 4088 autlingua
679 3996 860 4069 vernacula
897 3996 1032 4093 Dipone
1064 4005 1132 4071 est:
1164 4009 1242 4070 tunc
1276 4021 1399 4072 nomen
1439 4004 1512 4094 ejus
1550 4022 1638 4095 pro·-

265 4112 482 4186 nunciabatur
508 4110 550 4182 ab
577 4111 749 4206 Episcopo
776 4115 923 4202 seniore,
951 4117 1005 4207 qui
1030 4135 1120 4186 voce
1145 4118 1323 4211 perspicua
1354 4114 1397 4186 ad
1430 4115 1639 4207 sacerdotes,

266 4226 488 4325 popubunqne
514 4225 622 4298 verba
648 4224 801 4314 faciebat,
829 4238 864 4298 nt
890 4231 1002 4317 sciret,
1030 4252 1071 4300 an
1098 4231 1132 4299 in
1159 4234 1231 4322 ejus
1265 4229 1463 4302 electionem
1490 4254 1639 4305 consen-

266 4344 374 4414 tirent.
400 4340 488 4412 Nam
515 4363 599 4436 opus
633 4353 705 4412 erat
735 4341 791 4413 vel
818 4346 982 4415 communi
1011 4347 1154 4415 omnium
1190 4367 1374 4435 consenso,
1408 4346 1467 4417 vel
1502 4349 1639 4439 majoris

268 4458 386 4530 saltem
412 4459 536 4551 partis,
570 4477 643 4526 eam
671 4453 824 4548 probari,
850 4466 886 4528 ut
910 4457 1058 4550 legitima
1085 4457 1184 4530 loret.
1237 4458 1333 4530 Unde
1365 4483 1434 4532 non
1468 4461 1576 4532 solum
1606 4463 1641 4534 in

268 4576 375 4668 primo
403 4569 459 4642 illo
488 4571 660 4642 electionis
687 4581 775 4658 actu,
802 4593 920 4644 verum
946 4577 981 4643 in
1008 4572 1241 4664 OrdinatIone,
1268 4573 1457 4670 Episcopus
1484 4577 1539 4668 qni
1566 4599 1640 4647 eam

268 4685 461 4758 celebrabat
487 4707 554 4757 non
581 4685 685 4757 semel
712 4685 816 4758 officia
844 4687 1089 4780 intermittebat,
1118 4689 1159 4761 ad
1186 4692 1457 4783 interrogandum
1468 4689 1639 4786 populum,

269 4824 310 4872 an
338 4801 493 4872 electioni
525 4804 738 4872 consentiret.
772 4801 810 4872 ln
838 4824 903 4895 quo
931 4814 1040 4876 autem
1068 4809 1269 4878 consisteret
1295 4805 1438 4898 dignitas
1466 4809 1557 4898 ejus,
1586 4811 1642 4902 qui

269 4915 449 4987 secundum
474 4914 732 4988 Ecclesiasticas
759 4916 854 5009 leges
889 4917 932 4988 ad
964 4919 1223 4992 Patriarcbatum
1254 4920 1396 4994 idoneus
1429 4923 1641 5011 censebatur,

264 5035 336 5122 jam
362 5022 460 5102 nobis
487 5029 717 5124 explicandum
751 5041 812 5105 est.
838 5083 840 5089 -
865 5031 935 5104 Eas
970 5033 1177 5110 conditiones
1211 5038 1328 5131 paucis
1360 5037 1556 5131 complexus
1590 5047 1642 5111 est

267 5142 494 5234 Ebnassalns,
531 5144 652 5240 Operis
693 5150 744 5218 sui
779 5145 976 5240 Theologici
1009 5169 1038 5220 c.
1067 5143 1145 5220 55⁰.
1180 5159 1213 5222 et
1247 5148 1338 5220 multi
1365 5149 1439 5242 alii,
1473 5165 1509 5226 ut
1541 5155 1642 5226 ctiam
