4680 6044
546 648 598 723 AD
620 646 826 724 lllURGlAll
848 643 1088 756 corrictus.
1105 645 1250 722 BASllll.
1510 643 1583 719 201

219 843 346 900 aetatem
373 839 457 896 certa
484 839 550 894 erat
579 839 610 894 et
639 849 737 913 usque
767 831 798 893 in
823 829 981 912 Hispanias
1010 828 1189 911 pervulgata
1220 827 1354 910 Symboli
1380 829 1534 907 recitatio,
1556 829 1588 893 in

218 933 424 998 Orientalibus
446 930 604 1008 Ecclesiis,
626 948 726 1012 neque
748 930 869 993 noviter
891 927 1069 992 introducta.
1091 927 1159 990 Non
1182 927 1240 990 alia
1262 928 1356 1008 igitur
1377 931 1465 1011 origo
1489 946 1588 1008 quas-

217 1033 311 1096 reuda
334 1039 382 1095 est
403 1032 483 1092 inter
504 1029 610 1112 Syros,
633 1029 815 1112 Aegyptios,
839 1034 869 1090 et
890 1027 965 1090 alios
988 1027 1040 1108 qui
1062 1027 1099 1089 ab
1114 1025 1252 1090 Ecclesia
1269 1035 1475 1104 recesserunt,
1498 1045 1588 1108 quam

217 1132 342 1194 imitatio
366 1128 591 1194 consuetudinis
614 1127 858 1200 Ecclesiasticae,
888 1143 988 1207 neque
1016 1125 1228 1206 postulandum
1256 1131 1290 1186 ut
1319 1123 1492 1207 Symbolum
1519 1142 1588 1189 cnm

218 1229 370 1293 additione
383 1228 557 1303 recitarent,
581 1211 762 1307 quaefacta
784 1223 916 1287 nondum
939 1223 1047 1302 luerat,
1071 1242 1138 1286 eum
1166 1231 1199 1286 ut
1221 1238 1325 1287 omnes
1349 1233 1534 1308 agnoscunt,
1557 1227 1588 1288 in

215 1327 362 1410 Hispania
384 1329 520 1409 coeperit
541 1325 834 1390 Priscillianistarum
857 1341 959 1399 cause,
981 1330 1095 1386 elnon
1116 1324 1174 1385 nisi
1196 1329 1266 1404 post
1280 1323 1393 1405 aliquot
1412 1325 1534 1388 saecula
1556 1326 1588 1387 iu

216 1426 380 1490 Romanam
401 1424 568 1488 Ecclesiam
591 1424 713 1487 inducta
733 1421 834 1487 luerit.

713 1709 834 1812 Oratio
861 1707 968 1780 cecedi
991 1711 1100 1800 pacis.
1216 1817 1219 1824 .

309 1903 457 1982 Osommr
479 1922 631 1991 sanctum,
655 1911 737 1996 quod
758 1931 799 1976 ex
820 1911 1023 1975 vetustissima
1044 1911 1247 1975 Ecclesiarum
1273 1910 1492 1975 consuetudine
1514 1912 1588 1977 dere

216 2020 349 2082 invicem
371 2015 532 2080 Christiani
545 2011 633 2077 'inter
662 2031 750 2076 sacra
772 2012 888 2089 solent,
910 1995 1106 2090 Ἀσπασμὸς
1135 2011 1215 2092 apud
1242 2010 1375 2072 Graecos
1407 2012 1587 2094 appellatur,

217 2135 308 2198 qnam
346 2133 453 2177 vocem
487 2112 637 2194 copulae,
673 2110 865 2192 Arabesque,
898 2117 931 2172 ut
964 2116 995 2172 et
1015 2108 1122 2173 nullm
1150 2110 1223 2172 alias
1252 2109 1457 2172 retinuerunt:
1485 2112 1588 2193 itaque

216 2215 322 2278 titulus
346 2215 431 2276 istius
454 2212 606 2275 Orationis
629 2211 729 2273 estin
758 2228 864 2272 eorum
877 2246 879 2254 ι
893 2207 1115 2289 exemplaribus
1138 2199 1436 2292 οουευχήιπασμός.
1481 2210 1589 2291 Neque

216 2316 317 2380 solum
342 2331 378 2376 ea
401 2319 526 2374 utuntur
548 2310 666 2392 qumrdo
690 2309 815 2391 Coptice
838 2308 989 2387 scribunt,
1019 2307 1074 2371 sed
1098 2309 1187 2371 etiem
1216 2307 1357 2372 Arabice.
1401 2308 1434 2372 lu
1457 2295 1596 2374 Historia'

215 2411 414 2478 Patrisrcbeli
436 2410 475 2473 ad
498 2427 607 2473 annum
628 2409 794 2490 Martyrum
817 2406 1029 2478 CCClllllllll.
1059 2409 1181 2488 qomodo
1204 2405 1305 2486 odlos't
1331 2413 1447 2489 tempas
1477 2396 1589 2472 dorec-

217 2510 306 2604 opoai
328 2511 390 2576 hoe
417 2518 465 2573 est
486 2510 581 2590 pacis.
627 2509 743 2588 Nempe
773 2525 840 2569 eam
881 2508 1071 2570 retinuerunt
1110 2525 1150 2568 ex
1187 2505 1317 2568 Paulinis
1355 2506 1498 2588 Epistolis
1538 2509 1590 2572 ubi

214 2631 280 2675 non
313 2609 410 2674 semel
442 2610 575 2673 occurrit
606 2593 826 2682 Ἀσπάζεσθε
862 2593 1037 2692 ἀλλήλους,
1064 2598 1099 2668 ἐν
1128 2591 1292 2691 φιλήματι
1328 2595 1425 2690 dqur,
1460 2610 1591 2672 satutare

213 2715 350 2775 invicem
379 2712 412 2772 in
449 2709 552 2772 osculo
586 2713 704 2771 sonem.
748 2706 781 2769 lu
816 2705 948 2788 Syriacis
979 2705 1122 2788 Liturgiis
1160 2705 1233 2767 Poe
1270 2710 1382 2766 tantun
1421 2706 1590 2786 appellatur

215 2829 330 2892 nempe
359 2789 468 2887 κῶν,
491 2806 622 2870 Arabioe
640 2788 720 2885 RSD,
744 2805 851 2869 eodem
873 2823 976 2880 sensu,
997 2813 1031 2868 ut
1053 2807 1142 2868 etiam
1164 2803 1244 2886 apud
1265 2821 1333 2869 nos.
1370 2804 1455 2868 Ritus
1478 2806 1529 2869 ille
1551 2805 1589 2870 ab

216 2910 360 2973 omnibus
388 2906 533 2970 Ecclesiis
560 2907 723 2969 retinetur:
757 2924 824 2968 cum
854 2905 953 2986 aliqua
975 2905 1160 2968 differentia:
1189 2922 1257 2966 nam
1285 2903 1392 2967 Latino
1420 2906 1481 2968 ritu
1502 2905 1590 2987 juxta

215 3009 299 3072 illam
322 3006 491 3069 innocentii
512 3002 562 3066 ΙΙΙ.
574 3005 763 3074 ,sententiam
784 3004 839 3084 Ep.
862 3003 884 3067 l.
909 3021 976 3064 com
993 3011 1067 3083 post
1086 3004 1189 3086 omnio
1209 3021 1287 3083 quoe
1308 3003 1431 3083 operire
1450 3023 1512 3065 non
1533 3005 1591 3066 ds-

216 3108 285 3187 bec,
310 3107 417 3188 inquit,
441 3104 499 3166 boc
521 3112 569 3166 est
589 3111 659 3184 post
681 3104 890 3183 mysteriorum
908 3103 1168 3166 consecrationem
1186 3120 1254 3181 poe
1277 3103 1319 3164 sit
1338 3104 1514 3165 emerendo
1539 3105 1591 3165 in-

216 3207 363 3270 dicenda.
401 3203 543 3267 Attamen
565 3203 653 3265 etlam
676 3203 754 3264 inter
776 3200 915 3279 Latinos,
945 3201 1163 3264 Ambrosianus
1194 3208 1226 3262 et
1257 3199 1465 3263 blozarebicus
1494 3199 1590 3281 Ritus,

216 3304 361 3370 oscrrlum
382 3303 465 3385 pacis
488 3309 557 3364 ante
580 3301 839 3364 consecrationem
860 3301 1080 3381 praescribunt.
1103 3301 1180 3364 Nota
1202 3307 1273 3364 sunt
1293 3317 1371 3381 quoe
1393 3301 1424 3362 in
1447 3296 1590 3362 Clemen-

216 3407 290 3468 tinis
315 3401 586 3485 Constitutionibus
609 3406 774 3482 occurrunt
796 3399 834 3462 de
858 3401 979 3481 antiquo
1001 3399 1054 3463 illo
1077 3401 1136 3462 ritu
1162 3399 1183 3463 l.
1206 3399 1237 3462 8.
1267 3417 1293 3463 o.
1328 3397 1378 3461 ll.
1408 3408 1439 3462 et
1466 3395 1592 3462 Concilii

91 3562 94 3577 ,
216 3503 386 3566 Laodiceni
408 3519 474 3564 can.
498 3497 548 3562 19.
578 3507 613 3562 ut
639 3507 703 3562 tres
723 3518 745 3562 o
764 3497 902 3578 fidelibus
923 3501 1078 3561 orationes
1102 3501 1192 3578 finnt,
1219 3500 1324 3578 primo
1351 3499 1483 3576 mentio,
1513 3499 1593 3562 doce

216 3604 304 3664 elota
326 3619 418 3676 voce,
450 3607 511 3662 nom
534 3617 602 3678 poa·
630 3599 726 3660 detur.
755 3597 804 3660 Ex
826 3598 954 3679 antiquis
981 3597 1040 3660 illis
1070 3597 1269 3661 monumentis
1296 3601 1391 3680 petita
1417 3607 1488 3662 sunt
1514 3617 1593 3680 quoe

216 3701 314 3764 babet
337 3696 521 3761 libnassalus
544 3698 575 3758 in
598 3695 787 3761 Collectione
809 3696 965 3761 Canopum
987 3715 1053 3778 cap.
1078 3695 1129 3759 12.
1151 3697 1309 3759 Diaconos
1329 3705 1416 3760 storto
1437 3698 1593 3779 oomldpi-

216 3819 316 3880 scopo
340 3799 413 3873 (oct
438 3797 623 3870 Sacerdote)
652 3796 696 3857 od
721 3798 934 3872 ministerium,
962 3796 1061 3858 edicet
1083 3795 1183 3876 plebi,
1213 3801 1248 3856 ot
1271 3797 1370 3859 nodos
1398 3799 1478 3860 ister
1502 3817 1536 3861 se
1565 3805 1596 3861 el

214 3899 352 3978 [robers
373 3915 460 3958 ruam
480 3897 581 3958 dolum
603 3903 657 3957 not
676 3895 851 3978 hypocrisin
869 3894 993 3975 [coeat.-
1014 3902 1077 3957 tom
1097 3897 1204 3957 virise
1220 3897 1349 3958 invicem
1361 3897 1593 3960 nemobonus.-

213 3997 365 4060 mnls'eres
385 4013 459 4057 cero
482 3995 563 4056 attae
584 3987 726 4056 mdieres
747 3995 970 4070 osenlobontatr,
992 4013 1048 4057 nec
1069 3995 1347 4058 illm-ciricseadum
1367 3995 1491 4058 dobunt.
1512 3997 1594 4061 ldem

215 4094 409 4178 praescribit
429 4091 607 4156 Abulbircat
628 4095 660 4155 in
681 4092 879 4175 Expositione
901 4094 1065 4177 Liturgiae,
1089 4093 1212 4158 Gabriel
1228 4095 1400 4158 Patriarcba
1423 4101 1453 4156 et
1475 4094 1525 4158 alii
1547 4096 1594 4158 ri·

216 4203 306 4258 tuum
330 4194 525 4274 interpretes.
547 4191 623 4255 lllud
646 4193 735 4255 etiam
749 4209 810 4256 non
821 4194 1075 4274 praetereundum
1097 4202 1155 4271 est,
1179 4193 1260 4276 quod
1271 4213 1312 4256 ex
1334 4195 1516 4274 antiquitatis
1533 4213 1594 4256 ve-

216 4293 395 4369 neratione,
416 4289 568 4356 Diaconus
592 4291 729 4354 osculum
749 4293 833 4372 pacis
856 4292 1060 4369 denuncians,
1086 4292 1184 4356 adbuc
1206 4293 1350 4375 populum
1373 4291 1490 4356 Graece
1512 4293 1594 4356 allo-

216 4393 325 4474 quitur
338 4391 460 4454 dicens:
477 4377 695 4468 Ἀσπιὶζεσθε
708 4375 882 4475 ἀλλήλους,
894 4384 928 4452 e’r
946 4379 1110 4479 φιλήματι
1122 4383 1220 4478 ἂγλῳι
1244 4411 1322 4473 quoe
1337 4391 1433 4456 verba
1450 4392 1594 4474 leguntur

216 4489 304 4572 apud
332 4488 524 4570 Abulbircat,
553 4499 586 4553 ut
612 4490 691 4553 alibi.
721 4488 777 4552 Ubi
792 4505 795 4514 ’
810 4499 909 4554 tamen
937 4491 1158 4556 observandum
1187 4499 1234 4556 est
1262 4494 1409 4556 Graecum
1439 4491 1595 4574 exemplar

215 4589 337 4653 editum
359 4587 514 4671 Liturgiae
541 4588 579 4653 D.
603 4589 714 4670 Marci,
737 4589 795 4653 boc
816 4589 885 4654 loco
906 4592 1142 4673 transpositione
1171 4593 1320 4656 turbatum
1342 4609 1426 4656 esse:
1457 4593 1595 4674 sequitur

216 4688 337 4770 quippe
360 4687 497 4749 osculum
518 4689 614 4769 pacis,
638 4688 741 4752 Oratio
769 4685 987 4776 umescens,
1016 4691 1055 4754 de
1082 4708 1142 4772 qua
1170 4692 1254 4755 initio
1283 4690 1419 4757 diximus.
1463 4692 1505 4755 At
1527 4693 1594 4773 ejus

213 4802 335 4851 seusus
358 4792 391 4847 et
410 4786 505 4849 verba
527 4789 600 4852 setis
623 4787 794 4867 ostendunt,
818 4807 884 4851 eam
905 4807 967 4854 non
988 4807 1045 4853 suo
1067 4790 1137 4854 loco
1160 4809 1230 4855 esse
1241 4793 1380 4872 positam,
1402 4791 1457 4856 sed
1474 4790 1513 4854 nd
1534 4792 1596 4853 ini-

214 4886 295 4948 tium
318 4883 474 4966 liturgiae
496 4886 712 4950 revocandam:
735 4905 835 4968 neque
857 4889 953 4952 nunus
975 4889 1112 4952 turbatus
1125 4891 1219 4954 „ordo
1241 4889 1376 4968 videtur,
1406 4889 1476 4954 dum
1503 4891 1595 4974 Sym-

213 4983 327 5048 bolum
349 4983 381 5045 in
404 4983 509 5048 eadem
531 4984 636 5062 Marci,
658 4986 764 5050 osculo
793 4987 878 5069 pacis
907 4988 1115 5070 subjungitur:
1143 4989 1202 5053 nisi
1231 4989 1308 5056 baec
1338 4991 1515 5074 disciplinae
1545 4989 1595 5053 di-

213 5083 355 5147 versitas
378 5080 476 5147 locum
499 5084 657 5167 aliquando
677 5086 756 5168 apud
778 5085 913 5152 Graecos
935 5086 1158 5154 Alexandrinos
1180 5088 1331 5170 babuerit,
1353 5090 1391 5154 de
1414 5109 1473 5174 qua
1494 5097 1595 5160 temen

1635 1719 1666 1775 P.
1681 1722 1723 1773 ll.
1740 1721 1757 1775 l.
1772 1723 1820 1778 33.

1634 1909 1672 1962 lle
1690 1912 1778 1966 osculo
1796 1914 1876 1982 pacis.
