4760 6038
355 622 602 702 nissuuvluo
620 555 670 701 llll
684 620 926 700 COPllTAllllhl
941 621 1287 700 AhllllhllDRIllOllllbl
1298 621 1492 701 thURGlIS.
1517 619 1679 694 LXXVII

307 810 414 884 multis
441 818 568 883 temera
603 819 638 882 et
665 807 856 902 juveniliter
888 807 1010 881 factumn
1037 817 1108 899 est,
1143 808 1375 905 despiciendus
1411 818 1484 881 erat
1509 809 1675 903 Scaliger,

308 929 368 999 etsi
394 924 547 1000 Arabica
574 929 685 999 omnia
710 947 778 997 non
803 924 1021 1017 intelligeret:
1046 924 1230 998 mirandvun
1249 928 1359 1022 potius
1378 925 1466 1020 quod
1482 925 1574 1000 solus
1590 930 1676 1022 ipse,

306 1043 424 1116 leviter
457 1066 478 1114 a
512 1041 660 1116 Postello
702 1039 932 1114 Grammaticis
968 1039 1258 1137 praeceptionibus
1298 1038 1459 1132 motuis,
1503 1041 1622 1114 deinde
1655 1063 1675 1113 a

307 1159 475 1254 Stephano
502 1156 652 1231 Huberto
677 1157 913 1230 Aurelianensi
946 1153 1147 1228 Professore
1172 1155 1302 1248 Regio,
1329 1167 1364 1228 et
1388 1155 1571 1232 Francisco
1598 1157 1676 1230 Ra-

306 1274 482 1372 pheleugio
508 1273 650 1346 Plautini
675 1295 803 1366 genero
830 1273 960 1365 adJntus
986 1293 1176 1368 parumper,
1202 1275 1236 1344 in
1261 1275 1419 1345 versione
1441 1273 1570 1346 illorum
1587 1274 1675 1348 Olli-

307 1394 431 1462 ciorum
461 1385 612 1463 Arabica
647 1392 774 1461 acutius
805 1387 944 1478 viderit,
982 1409 1080 1482 quam
1114 1386 1280 1460 Maronita
1312 1409 1380 1459 non
1414 1388 1584 1482 indoctus,
1619 1394 1674 1488 qui

305 1505 450 1600 baguam
476 1506 565 1578 illam
590 1504 765 1598 vulgarem
790 1503 944 1578 habebat.

407 1621 464 1695 Ill.
490 1622 652 1695 Velserus
677 1624 778 1714 igitur
797 1631 935 1718 accepta
955 1618 1074 1692 Latina
1094 1621 1378 1716 interpretatione,
1405 1643 1479 1692 cam
1498 1622 1674 1714 Augustae
1687 1635 1878 1689 veniebatur
1890 1637 1998 1694 oxnn-

306 1734 553 1816 Viudehcorum
577 1740 668 1834 typis
694 1735 924 1831 publicandam
952 1738 1079 1808 curavit
1112 1757 1199 1808 anno
1226 1734 1381 1810 Muctv.
1407 1737 1509 1810 nitido
1537 1746 1572 1808 et
1598 1739 1674 1811 ele·
1687 1722 1745 1774 ¹¹⁵⁰·
1763 1724 1976 1789 intepretatum

307 1856 396 1944 ganti
423 1852 626 1926 charactere.
678 1851 807 1924 Eadem
843 1855 877 1924 in
903 1851 1108 1925 Bibliotheca
1140 1852 1274 1924 Patrum
1300 1855 1386 1924 inter
1412 1853 1477 1924 aha
1502 1853 1674 1948 Liturgica
1687 1809 1868 1967 ffigssM‘
1887 1809 1998 1866 mm

307 1967 393 2042 edita
426 1979 497 2060 est,
533 1969 659 2064 absque
692 1968 757 2042 uda
794 1967 1041 2041 emendatione:
1076 1989 1152 2039 nam
1184 1967 1338 2060 Scaliger
1364 1971 1427 2040 etsi
1453 1972 1675 2065 quinquennio

307 2094 477 2178 superstes
502 2083 620 2174 luerit,
654 2107 761 2180 pauca
795 2094 920 2156 tantum
952 2083 994 2156 ad
1020 2087 1203 2176 marginem
1230 2082 1308 2155 editi
1334 2085 1535 2180 exemplaris
1562 2086 1675 2162 aduo-

306 2203 406 2274 tavit:
440 2204 646 2274 aversione
677 2204 807 2294 integra
843 2199 1008 2274 abstinuit
1061 2198 1215 2271 Habebat
1249 2199 1316 2272 talc
1349 2201 1536 2296 exemplum
1571 2206 1675 2299 ipsius

305 2339 402 2389 rnanu
427 2326 574 2390 notatum
599 2317 662 2389 Vir
687 2316 907 2392 Doctissimus
933 2314 1134 2388 Raimundus
1161 2315 1392 2388 Formentinus
1410 2315 1674 2396 Archidiaconus

304 2431 568 2523 Aurehanensis,
594 2433 683 2528 quod
715 2443 792 2505 ante
826 2433 939 2529 plures
972 2452 1079 2504 annos
1111 2430 1188 2502 mihi
1223 2431 1375 2504 ostendit.
1435 2432 1546 2524 Notae
1581 2447 1677 2509 erant

304 2544 544 2639 brevissimae,
576 2558 610 2622 et
629 2539 691 2622 'ex
726 2547 842 2644 quibus
873 2550 1002 2621 restitui
1036 2550 1108 2642 ipsa
1135 2550 1250 2620 versio
1281 2570 1349 2620 non
1374 2557 1525 2645 poterat,
1558 2573 1675 2625 omnes

303 2690 411 2764 porro
437 2679 494 2740 aut
519 2668 739 2742 emendabant
772 2668 1000 2743 nonnullarum
1026 2677 1147 2739 vocu'm
1173 2666 1393 2740 Arabicarum
1418 2668 1541 2741 malam
1565 2673 1675 2741 inter-

303 2788 534 2882 pretationem,
561 2796 616 2858 aut
642 2783 792 2859 Graecas
818 2807 934 2880 parurn
960 2783 1101 2856 hdehter
1127 2806 1328 2879 expressas,
1360 2788 1434 2858 sive
1459 2783 1577 2859 luisset
1604 2810 1675 2859 ex·-

304 2905 502 2998 soriptorum
529 2903 641 2997 culpa,
668 2905 743 2976 sive
776 2901 985 2995 Scaligerani
1012 2899 1136 2972 codicis
1163 2903 1288 2972 vitium.
1341 2901 1411 2973 Sed
1437 2901 1514 2972 nihil
1541 2906 1674 2976 omnino

304 3039 351 3090 ex
378 3017 452 3091 sola
481 3015 629 3090 Arabica
663 3021 821 3091 versione
854 3019 1017 3112 praestari
1051 3025 1194 3111 poterat,
1221 3015 1262 3087 ab
1290 3017 1352 3089 illis
1378 3021 1593 3112 praesertim,
1621 3020 1675 3113 qui

308 3154 418 3228 neque
444 3133 618 3229 exemplar
633 3133 880 3230 Aegyptiacum
907 3131 1136 3223 consulebant,
1163 3142 1198 3204 et
1224 3133 1369 3222 Graeco,
1397 3133 1484 3228 quod
1511 3135 1675 3230 archety-

301 3270 381 3344 pum
408 3247 480 3338 luit,
507 3257 603 3320 erant
616 3246 769 3322 destituti.
798 3250 893 3336 Quae
918 3271 1021 3344 porro
1049 3249 1090 3320 ad
1107 3249 1234 3321 illarum
1254 3249 1478 3352 Liturgiarum
1504 3250 1672 3324 historiam

299 3369 468 3461 pertinent
491 3369 560 3458 J'am
586 3365 781 3461 explicanda
811 3375 895 3440 sunt.

410 3481 466 3553 lv.
507 3480 643 3571 Omnes,
671 3483 768 3554 etiam
794 3485 1009 3576 antiquissimi
1035 3481 1161 3553 illamam
1189 3479 1344 3571 Codices,
1371 3482 1590 3576 Scaligerano
1618 3481 1723 3554 si·De
1740 3479 1996 3582 &chudbreh-

297 3597 398 3670 mdes
425 3606 512 3687 sunt,
538 3605 673 3692 tresque
698 3597 908 3694 Anapboras,
935 3601 1008 3672 sive
1024 3597 1205 3690 Liturgias,
1232 3601 1400 3670 continent
1425 3599 1549 3690 Basilii,
1577 3597 1671 3671 Gre-
1685 3585 1741 3621 ‘⁰¹¹¹
1760 3567 1900 3624 ⁰⁰d¹⁰¹¹³¹¹⁸·

297 3717 391 3808 gorii
417 3723 451 3786 et
477 3711 605 3809 cyrilli.
657 3712 810 3809 Scriptae
828 3725 937 3786 autem
960 3723 1035 3786 sunt
1053 3714 1165 3806 lingua
1176 3715 1403 3810 Aegyptiace,
1429 3717 1501 3787 sive
1520 3713 1672 3810 Coptica,

298 3853 346 3902 ea
371 3851 510 3925 nempe,
544 3852 649 3923 quae,
682 3851 755 3900 cum
782 3828 1015 3905 Muhamedani
1046 3830 1240 3926 Aegyptum
1276 3828 1500 3922 subegcrrmt,
1536 3841 1608 3903 erat
1638 3833 1672 3901 in

295 3967 365 4018 usu
391 3946 544 4038 vulgari;
578 3945 805 4018 Alexandriae
844 3945 975 4040 quidem
1005 3949 1133 4034 minus,
1166 3945 1222 4018 ubi
1261 3968 1377 4020 omncs
1407 3944 1571 4018 Graecam
1602 3947 1672 4019 lin-

292 4085 404 4156 guam
430 4065 511 4134 satis
537 4071 720 4152 noverant,
747 4062 808 4136 scd
840 4065 874 4133 iu
898 4065 1069 4157 superiore
1095 4070 1191 4159 parte
1217 4064 1432 4157 provinciae,
1459 4065 1491 4134 in
1517 4064 1613 4158 pagis
1640 4071 1674 4134 et
1729 4041 1734 4054 ’

294 4181 404 4270 agris,
420 4181 495 4251 vix
521 4172 585 4250 ulia
612 4201 710 4274 quam
736 4179 949 4274 Aegyptiaca
975 4176 1204 4273 usurpabatur.
1258 4178 1340 4250 Erat
1365 4177 1420 4252 illa
1445 4200 1547 4274 porro
1574 4188 1671 4251 vetus

292 4305 336 4366 et
361 4297 481 4390 patria,
508 4296 537 4365 si
563 4293 743 4366 verborum
770 4296 1002 4389 nominumque
1027 4293 1237 4367 inflexionem
1265 4305 1466 4391 spectemus,
1493 4316 1668 4390 quaecum

303 4411 376 4485 aliis
402 4409 523 4502 linguis
550 4432 724 4484 commuue
750 4410 829 4482 nihil
854 4410 1008 4484 haberet:
1044 4410 1105 4484 sed
1130 4434 1176 4483 ex
1202 4414 1357 4483 continuo
1383 4434 1457 4482 cum
1483 4409 1668 4485 hominihus

305 4530 358 4622 qui
386 4523 517 4597 Graece
542 4524 762 4621 loquebantur
788 4529 1005 4617 commercio,
1031 4514 1153 4620 magna
1181 4525 1386 4600 Graecarum
1407 4550 1530 4600 vocum
1558 4528 1668 4600 admi-

304 4646 424 4731 stione,
450 4663 572 4714 novam
598 4643 840 4738 quodammodo
867 4645 986 4716 dudum
1013 4653 1090 4716 ante
1114 4643 1373 4716 Muhamedanos
1399 4643 1537 4716 lormam
1563 4666 1668 4715 acce·-

301 4767 407 4854 parat.
459 4756 553 4830 llaec
585 4769 696 4832 tamen
730 4763 774 4833 ita
808 4759 1021 4853 intelligenda
1052 4768 1148 4852 sunt,
1181 4771 1218 4832 ut
1248 4782 1356 4855 neque
1383 4782 1457 4831 cum
1481 4759 1667 4833 Athanasio
1755 4843 1759 4854 Ι

304 4870 477 4964 llirchero,
503 4883 652 4948 veterem
686 4898 763 4952 esse
789 4876 877 4950 illam
904 4875 1155 4966 Pharaonicam,
1181 4875 1349 4966 obeliscis,
1377 4879 1463 4950 arcis
1490 4874 1667 4970 sepulcra·
1681 4840 1839 4997 copfm‘*
1861 4841 1992 4899 ''mam''

306 4985 410 5079 libus,
445 4999 478 5062 et
511 4990 583 5066 aliis
616 4995 757 5089 antiquis
791 4996 1010 5066 monumentis
1044 4994 1254 5087 inscriptam,
1290 4995 1532 5066 existimemus:
1559 5014 1667 5087 neque

307 5123 379 5175 cum
404 5105 521 5179 lsaaco
548 5108 673 5184 Vossio
699 5109 873 5182 colluviem
902 5111 1065 5185 sermonis
1091 5109 1242 5203 Arabici,
1269 5120 1303 5182 et
1330 5110 1462 5182 alterius
1488 5131 1585 5205 quem
1606 5111 1670 5205 ipsi
1681 5119 1792 5173 Exeat
1807 5118 1864 5172 adv·
1880 5119 1974 5172 suaa
