4760 6038
644 597 693 672 nn
708 593 1304 674 commmununmrnnuouun
1328 595 1524 673 inuans.
1601 590 1776 665 urnam

412 783 543 876 lingua,
570 803 638 854 uon
663 785 770 856 minus
798 807 895 879 quam
921 793 992 858 toto
1020 783 1166 858 Oriente.
1194 782 1280 868 Quin
1296 781 1387 855 multi
1403 781 1488 856 illius
1501 782 1600 878 plane
1617 791 1777 877 expertes

411 897 537 988 lorent,
564 897 716 972 dubitare
740 921 808 972 non
835 903 912 972 sinit
937 900 1040 974 solius
1065 900 1203 971 Antonii
1229 898 1427 994 exemplum.
1480 895 1548 970 Illis
1573 905 1610 968 ut
1635 897 1777 971 eonsul-

412 1023 478 1086 tum
503 1011 607 1087 hrisse
632 1013 806 1111 plusquam
831 1015 1014 1088 verisimile
1041 1027 1108 1107 est,
1134 1019 1404 1112 interpretatione
1416 1017 1652 1110 scripturarum
1665 1013 1778 1105 lingua

412 1129 610 1219 vernacula,
645 1134 692 1202 ita
727 1153 858 1227 quoquc
890 1134 978 1203 eirca
1004 1135 1093 1206 sauri
1119 1131 1223 1205 0llicii
1250 1130 1510 1204 celebrationem
1543 1127 1667 1201 lacurn
1700 1150 1778 1202 esse

413 1247 528 1340 potuit,
555 1245 617 1318 sed
642 1267 789 1341 preces,
815 1248 1013 1343 praesertim
1034 1247 1240 1340 Litrrrgicas,
1268 1246 1408 1343 Coptice
1424 1247 1514 1341 prius
1533 1267 1630 1340 quam
1647 1243 1780 1318 Graece

413 1363 551 1456 scriptas
577 1361 700 1452 fuisse,
730 1361 840 1454 nulla,
872 1387 916 1436 ne
943 1363 1073 1458 quidam
1099 1363 1188 1454 levi,
1221 1365 1412 1455 conjectura
1439 1370 1587 1452 constat,
1622 1369 1678 1432 aut
1711 1361 1779 1430 uli-

413 1479 505 1568 cujus
530 1482 688 1551 momenti
714 1479 914 1552 testimonio.
963 1478 1033 1564 ,Qui
1059 1483 1167 1570 enim,
1193 1489 1228 1551 ut
1244 1479 1447 1575 Aegyptiaci
1466 1487 1601 1550 autores
1620 1475 1779 1566 nonnulli,

408 1591 559 1665 lllarcum
584 1616 653 1668 non
680 1592 811 1668 Graece
837 1604 894 1667 aut
917 1594 1054 1686 Latine,
1086 1596 1147 1668 sed
1179 1595 1319 1690 Goptice
1349 1593 1570 1686 Evangehum
1604 1595 1780 1688 scripsisse

413 1709 628 1800 contendunt,
656 1721 689 1783 et
713 1713 934 1784 recentissimi
961 1722 1056 1802 sunt,
1084 1722 1118 1784 et
1144 1713 1328 1784 autoritatis
1354 1709 1417 1782 hoc
1443 1712 1478 1781 iu
1505 1717 1699 1801 argumento
1723 1706 1780 1778 le-

412 1827 578 1898 vissimae.
604 1826 724 1922 Neque
750 1837 860 1900 tamen
888 1827 929 1901 ab
957 1826 1024 1901 ullo
1052 1849 1191 1922 quorum
1211 1830 1333 1922 scripta
1350 1825 1553 1913 viderimus,
1581 1823 1781 1913 dictumest,

410 1939 566 2014 Basihum
610 1951 666 2015 aut
701 1942 901 2036 Gregorium
947 1943 1066 2016 eadem
1106 1942 1219 2036 lingua
1252 1942 1435 2034 Linngiam
1470 1939 1660 2014 ordinasse:
1694 1937 1782 2033 quod

410 2067 581 2131 extremae
617 2058 828 2132 absurditatis
863 2059 1005 2132 hrturum
1039 2059 1176 2148 brisset,
1212 2082 1287 2130 cum
1322 2058 1365 2132 ad
1399 2079 1461 2130 cos
1497 2077 1566 2130 uon
1599 2057 1782 2152 pertineret

410 2172 622 2269 Aegyptiace
648 2174 775 2267 hugua:
802 2179 868 2248 imo
896 2197 939 2246 ne
966 2175 1008 2247 de
1036 2174 1166 2271 Oprillo
1194 2172 1345 2270 quidem,
1381 2176 1454 2267 qui,
1481 2172 1673 2268 Aegyptius
1706 2193 1781 2243 curn

411 2300 518 2380 esset,
544 2289 578 2360 id
604 2299 755 2385 poterat,
780 2290 848 2362 talc
875 2290 1050 2386 quidquam
1076 2294 1258 2364 memoriae
1283 2289 1506 2385 prodiderunt
1548 2287 1634 2362 Nam
1660 2287 1780 2376 hlarci,

409 2414 443 2475 ut
468 2427 552 2478 mox
579 2404 794 2516 ohserqatum
823 2415 894 2497 est,
921 2407 1104 2500 Litrugiam
1132 2403 1285 2503 Coptitae
1300 2427 1368 2478 non
1383 2412 1589 2498 agnoscunt,
1617 2427 1691 2478 cum
1712 2401 1781 2475 ali-

408 2503 767 2615 quotPatriarcharum
780 2521 928 2598 Decreta
947 2533 1082 2613 extent,
1110 2545 1196 2618 prae
1220 2532 1360 2618 praeter
1381 2521 1542 2614 vulgares
1569 2531 1661 2611 tres,
1688 2519 1779 2592 Sca-

409 2634 560 2728 ligerano
587 2647 621 2710 et
647 2639 720 2712 aliis
747 2638 916 2712 codicibus
943 2639 1224 2734 comprehensas,
1252 2639 1335 2712 alias
1355 2637 1395 2710 ad
1415 2659 1547 2711 sacrum
1565 2638 1778 2708 ministerium

410 2751 558 2825 adhiberi
583 2753 797 2849 prohibeant,
824 2766 859 2827 et
884 2776 968 2828 unus
995 2765 1052 2827 aut
1078 2754 1180 2847 alter,
1209 2758 1264 2850 qui
1292 2754 1378 2828 illius
1405 2753 1579 2846 hiturgiae
1610 2754 1776 2824 memine-

407 2879 499 2960 runt,
525 2869 615 2942 illam
641 2893 686 2942 ex
713 2894 754 2943 ea
782 2895 868 2966 quae
895 2870 1015 2968 cyrilli
1041 2871 1182 2962 dicitur,
1208 2870 1439 2968 interpolatam
1468 2876 1663 2963 agnoscant.

510 2985 585 3058 XV.
620 2984 704 3059 Cum
736 2990 836 3081 igitur
861 3009 930 3060 non
956 3009 1002 3060 ex
1028 2989 1275 3084 Aegyptiorum
1312 2989 1368 3083 qui
1394 2986 1542 3060 Arabiae
1575 2987 1779 3081 scripserunt
1792 2984 2099 3088 trrurqraoraecanarcr

409 3104 602 3176 testimoniis
628 3106 711 3175 certi
738 3102 913 3199 quidquam
941 3107 1031 3178 circa
1063 3126 1181 3177 veram
1205 3102 1430 3198 liturgiarum
1466 3106 1629 3195 originem
1663 3100 1778 3174 haberi
1792 3073 2103 3227 ffffiffiffffi

408 3220 530 3313 possit,
556 3218 644 3314 quod
671 3216 802 3291 Graece
828 3220 1011 3292 nescirent:
1038 3219 1117 3292 nihil
1143 3244 1163 3292 a
1191 3217 1331 3292 Graecis
1357 3220 1481 3317 pariter
1507 3217 1571 3290 hoc
1597 3222 1632 3290 in
1651 3239 1778 3310 genere
1792 3251 1867 3302 crum.

409 3335 523 3406 doceri
547 3356 741 3430 possumne,
769 3339 890 3432 quippe
914 3358 959 3410 ne
985 3340 1081 3410 unius
1108 3334 1258 3431 quidem,
1286 3339 1341 3432 qui
1358 3334 1518 3430 Copticos
1544 3333 1648 3406 hbros
1675 3333 1778 3407 vide-

408 3453 474 3542 rit,
500 3460 594 3522 extat
619 3453 652 3522 in
679 3449 783 3524 hteris
809 3456 979 3524 memoria.
1006 3453 1100 3525 Unus
1126 3452 1226 3525 modo
1258 3456 1402 3525 oocunit
1428 3451 1626 3525 Theodorus
1651 3449 1778 3522 Bulsa-

408 3589 486 3639 mon
514 3569 568 3662 qui
596 3567 638 3639 de
665 3589 706 3639 eu
732 3565 902 3662 Liturgia,
936 3591 1021 3664 quae
1052 3568 1160 3640 Marci
1191 3571 1326 3641 nomine
1358 3569 1568 3659 designatur,
1608 3567 1778 3640 consultus

409 3693 460 3755 est
490 3705 512 3753 a
537 3682 654 3755 hlarco
680 3682 872 3756 Patriarcha
899 3684 1152 3772 Alexandrino,
1185 3693 1219 3754 et
1252 3682 1348 3756 simul
1382 3683 1423 3755 de
1437 3703 1440 3706 ·
1456 3707 1497 3756 ea
1531 3705 1617 3778 quae
1649 3681 1778 3754 Jacobo

408 3798 623 3872 tribuebatur.
677 3801 728 3874 At
752 3799 832 3898 napi
857 3797 902 3872 aci
927 3804 1019 3898 μέρη
1045 3805 1105 3897 τῆς
1129 3797 1409 3899 Ἀλεξανδρείας,
1444 3799 1505 3900 καὶ
1529 3805 1605 3876 τῶν
1630 3799 1778 3900 ‘Iepooo-

408 3912 536 4010 helprae
568 3912 908 4015 οἷναγιαωσκόμεναι
943 3916 1179 4016 λειτουργίαι,
1209 3915 1269 3990 καὶ
1302 3912 1491 4017 λογόμοναι
1521 3921 1777 4018 συγγραφῆναι

408 4029 504 4130 nopai
530 4036 606 4107 τῶν
631 4031 748 4133 ἁγίων
772 4029 987 4108 ἀποστόλων
1011 4029 1183 4131 Ἰακώβου
1207 4037 1274 4108 τοῦ
1298 4031 1547 4133 ἀδελφοθέου,
1573 4033 1633 4108 καὶ
1658 4029 1778 4133 Μάρ-

407 4175 474 4222 κου
501 4145 622 4222 texeat
647 4152 713 4223 εἰσι
747 4155 799 4245 τῇ
828 4147 914 4250 α’γίᾳ
945 4149 1006 4224 καὶ
1037 4153 1218 4246 noticiam}
1250 4151 1437 4248 ἐκκλησίᾳ,
1470 4150 1492 4248 ἢ
1524 4150 1586 4241 οὔ;
1621 4151 1716 4238 Onne
1741 4153 1778 4220 in

404 4264 563 4359 partibas
588 4265 829 4338 Alexandriae
856 4272 891 4337 et
915 4269 1225 4362 Hierosolymorum
1242 4269 1397 4363 tepenter
1414 4269 1614 4364 Lilnrpice,
1641 4274 1675 4340 et
1688 4286 1777 4336 con-

407 4385 559 4474 scriptae
589 4382 745 4453 dieantur
768 4386 877 4476 fniaue
902 4406 927 4454 ο
958 4389 1086 4457 sanclis
1119 4385 1296 4479 Apostolia
1329 4385 1464 4457 Jacoho
1497 4391 1612 4478 fratre
1638 4386 1777 4456 Domini
1857 4391 1865 4408 '

409 4506 443 4569 el
467 4497 608 4585 Marco,
634 4499 856 4591 recipiendae
881 4506 959 4572 mant
983 4523 1006 4572 a
1032 4507 1154 4572 nancta
1179 4507 1215 4572 ei
1233 4500 1412 4572 Catholicn
1438 4501 1612 4589 Ecclesia,
1640 4503 1774 4572 necne?

408 4613 493 4686 Mira
521 4634 603 4686 sane
628 4611 839 4688 balsamonis
866 4619 1062 4710 responsio,
1094 4640 1192 4712 quam
1224 4639 1299 4688 cum
1334 4614 1432 4713 paulo
1467 4618 1633 4712 prolixior
1667 4620 1710 4690 sit
1742 4619 1776 4686 in

408 4737 567 4826 pauciora
594 4728 702 4802 verba
730 4731 972 4804 contrahemus.
1027 4731 1222 4823 Corinthiis,
1258 4737 1378 4829 inquit,
1411 4733 1595 4830 Apostolus
1629 4731 1775 4822 mundat,

407 4867 450 4918 ne
477 4850 543 4921 sint
568 4849 603 4918 in
628 4846 726 4919 nohis
754 4846 936 4924 schismata
958 4859 992 4921 et
1017 4872 1115 4921 unum
1143 4849 1288 4924 dicamus
1317 4872 1446 4924 omncs:
1473 4853 1568 4947 quasi
1595 4854 1714 4922 rituum
1742 4860 1776 4922 et

409 4965 593 5037 orationum
627 4967 789 5038 innocens
816 4966 992 5040 diversitas
1011 4966 1203 5041 schismata
1230 4977 1286 5040 aut
1313 4967 1480 5040 doctrinas
1506 4989 1615 5040 novas
1650 4970 1684 5037 in
1710 4987 1775 5038 re-

406 5075 563 5171 hgionem
589 5079 737 5180 inducat,
765 5085 820 5178 qui
846 5084 982 5178 puerilis
1009 5106 1106 5157 error
1132 5083 1250 5156 dudum
1278 5108 1299 5156 a
1325 5082 1387 5157 SS.
1413 5083 1478 5155 ΡΡ.
1505 5094 1558 5155 est
1574 5081 1774 5174 confutatus,

1489 5197 1533 5270 ll
1551 5199 1570 5235 ⁴*
