4686 6060
724 618 799 724 386
1107 616 1704 696 DEPATRIAROHA

722 805 902 878 secundum
929 829 1030 901 quos,
1065 808 1093 878 is
1131 808 1185 901 qui
1218 802 1454 897 designabatur
1481 805 1625 877 ordinari
1651 829 1719 877 non
1745 815 1887 902 poterat.
1941 804 2027 879 Nam
2053 811 2087 880 iu

721 925 1005 1017 septingentorum
1033 929 1066 994 et
1093 917 1229 1016 amplius
1257 943 1417 993 annorum
1444 921 1598 1008 decursu,
1625 923 1718 1014 cujus
1745 920 1917 994 historiam
1931 922 2087 1016 qualem-

721 1059 862 1131 cumque
892 1036 1074 1126 babemus,
1110 1059 1274 1133 nunquam
1311 1035 1486 1120 observari
1512 1041 1637 1133 potuit,
1670 1038 1811 1135 aliquem
1839 1040 1881 1113 ab
1908 1036 2087 1136 Episcopis

722 1152 924 1242 ordinatum,
957 1155 1021 1226 nisi
1048 1152 1138 1226 Cleri
1173 1163 1207 1224 et
1241 1154 1354 1250 populi
1381 1175 1565 1228 consensus
1597 1153 1784 1229 accederet.
1836 1155 1956 1250 Neque
1990 1153 2087 1224 ordi-

720 1271 793 1340 nari
819 1278 952 1364 poterat
978 1272 1161 1365 quisquam,
1188 1272 1299 1342 invitis
1325 1269 1515 1367 Episcopis,
1542 1295 1618 1343 nam
1646 1295 1691 1343 ex
1717 1275 1863 1369 ipsorum
1880 1271 2088 1368 Coptitarum

716 1388 793 1477 jure
819 1406 923 1473 novo,
950 1384 1122 1456 duodecim
1150 1385 1266 1457 saltem
1292 1385 1453 1482 Episcopi
1479 1391 1690 1484 requiruntur
1717 1388 1758 1460 ad
1776 1386 1992 1462 ordinandum
2013 1387 2086 1458 Pa-

719 1499 907 1573 triarcham.
960 1499 1033 1573 Etsi
1069 1511 1177 1572 autem
1203 1505 1322 1594 ingens
1356 1502 1433 1574 clim
1461 1514 1533 1574 erat
1565 1503 1808 1601 Episcopcrum
1840 1507 1871 1575 in
1907 1515 1974 1577 tcta
2007 1505 2087 1578 Ae-

720 1627 827 1714 gypto
853 1616 1022 1688 multitudo
1049 1615 1109 1690 sub
1138 1615 1332 1691 Christianis
1350 1618 1619 1713 imperatoribus,
1647 1620 1708 1691 sub
1723 1619 1975 1692 Muhamedanis
2001 1619 2087 1691 red-

721 1736 787 1806 acti
824 1732 867 1804 ad
900 1732 1002 1825 longe
1034 1737 1211 1827 pauciores
1238 1733 1384 1824 luerunt,
1425 1733 1510 1806 adeo
1544 1746 1579 1806 ut
1611 1737 1640 1809 si
1676 1735 1893 1830 quadraginta
1930 1747 1987 1808 aut
2014 1739 2087 1806 cir-

722 1852 816 1938 citer,
844 1848 887 1919 ad
913 1847 1055 1921 Comitia
1082 1847 1318 1921 Patriarcbalia
1345 1853 1599 1937 intervenirent,
1637 1875 1678 1924 ea
1703 1849 1971 1948 frequentissima
2009 1872 2088 1924 esse

700 2013 705 2024 -
718 1964 954 2058 judicarentur.
999 1964 1176 2059 Nunquam
1202 1967 1301 2056 igitur
1327 1964 1449 2037 lactum
1475 1966 1636 2058 legimus,
1663 1979 1698 2039 ut
1724 1990 1799 2040 cum
1825 1979 1917 2039 esset
1944 1979 2087 2042 senteu-

720 2085 838 2152 tiarum
865 2080 1055 2170 diversitas,
1083 2080 1125 2152 de
1153 2079 1369 2152 Ordinatione
1395 2087 1617 2174 cogitaretur,
1653 2084 1761 2155 donec
1792 2084 1973 2157 concordia
2001 2088 2087 2155 inter

719 2185 781 2270 eos
809 2201 864 2293 qui
891 2197 1044 2269 electioni
1070 2196 1301 2293 repugnabant
1327 2196 1519 2272 coaluisset:
1556 2201 1631 2271 sive
1663 2199 1789 2272 electus
1821 2200 1975 2289 adesset,
2012 2204 2087 2272 sive
2123 2193 2133 2222 ⁸

719 2314 863 2406 abesset.
917 2313 954 2385 Si
981 2314 1108 2403 aderat,
1136 2317 1245 2385 statim
1271 2315 1304 2385 in
1330 2313 1439 2386 medio
1467 2313 1737 2404 constituebatur,
1764 2326 1798 2387 et
1825 2319 1970 2387 omnium
1995 2319 2087 2388 votis

718 2439 753 2501 et
779 2421 1070 2502 acclamationibus
1098 2429 1338 2524 excipiebatur.
1392 2431 1430 2502 Si
1457 2429 1590 2519 aberat,
1625 2431 1704 2524 eligi
1731 2431 1884 2504 solebant
1910 2430 2010 2526 aliqui
2039 2439 2108 2506 ex'

495 2595 498 2602 -
589 2540 599 2620 f
717 2541 961 2641 Episcoporum
986 2567 1135 2637 umnero,
1162 2547 1217 2641 qui
1244 2568 1319 2617 cum
1343 2545 1522 2619 Laicormn
1548 2546 1754 2619 Ncbdiorum
1781 2547 1905 2638 Missis,
1933 2548 1976 2619 ad
2002 2549 2087 2621 llio-

659 2727 660 2732 ,
718 2664 899 2734 nasterimn
931 2661 965 2736 S.
997 2661 1136 2734 Macarii
1171 2659 1485 2757 proficiscebantur,
1521 2674 1577 2735 aut
1612 2665 1710 2734 etiam
1738 2661 1780 2734 ad
1807 2662 1913 2753 aliud,
1952 2665 2009 2737 vel
2044 2666 2089 2738 ad

658 2809 661 2818 ¹
720 2774 849 2848 Gallam
880 2780 915 2849 in
946 2775 1091 2868 Eremo,
1125 2777 1167 2848 ad
1200 2801 1275 2850 eum
1309 2777 1534 2850 adducendum
1565 2780 1599 2850 in
1635 2801 1733 2874 quern
1767 2789 1850 2851 vota
1885 2779 2088 2876 reliquorum

720 2895 864 2964 omnium
898 2897 1182 2988 conspiraverant.
1235 2894 1284 2966 lbi
1317 2893 1454 2966 ulterior
1489 2895 1531 2967 de
1571 2899 1643 2989 ejus
1677 2894 1885 2986 conditione,
1925 2896 2088 2988 moribuS,

721 3008 881 3096 doctrina,
908 3019 942 3080 et
967 3009 1032 3081 fide
1057 3012 1223 3105 inquisitio
1251 3008 1367 3082 fiebat:
1394 3022 1526 3106 poterat
1552 3013 1637 3083 enim
1653 3010 1759 3082 adbuc
1784 3010 1927 3083 rescindi
1954 3013 2086 3102 electio,

721 3128 871 3220 quamvis
898 3136 1123 3198 consummata
1156 3127 1343 3216 videretur,
1375 3129 1403 3197 si
1437 3126 1602 3222 quidpiam
1637 3128 1708 3196 vitii
1742 3130 1776 3197 in
1812 3126 1920 3198 electo
1946 3133 2086 3223 reperi-

664 3285 668 3292 ·
719 3250 821 3331 retur,
849 3241 942 3334 cujus
967 3244 1177 3333 ignoratione
1204 3241 1324 3314 lactum
1349 3241 1477 3331 luisset,
1503 3252 1539 3314 ut
1565 3243 1763 3336 eligeretur,
1790 3247 1845 3338 qui
1871 3241 1990 3340 repelli
2018 3245 2086 3317 de-

431 3727 521 3781 Electo
542 3729 645 3782 vincula
664 3733 705 3783 in-

394 3811 470 3884 jecta.

719 3357 829 3430 bebat
881 3357 1111 3434 Audiebantur
1159 3357 1514 3450 Archimandritarum,
1565 3363 1798 3455 seniorumque
1845 3358 2087 3434 Monachcrum

720 3476 919 3564 testimonias
945 3475 1014 3546 tum
1040 3477 1068 3548 si
1096 3497 1136 3546 ea
1163 3473 1273 3546 lamae
1300 3473 1552 3570 responderent,
1580 3473 1791 3549 assumebant
1825 3499 1899 3548 eum
1925 3475 2088 3572 Episcopi

719 3601 753 3662 et
776 3591 1026 3678 Alexandriam,
1054 3601 1110 3664 aut
1135 3591 1289 3664 Caluram
1316 3590 1530 3664 deducebant.

821 3707 957 3780 LXVII.
1009 3708 1117 3779 Porro
1144 3731 1218 3779 cum
1246 3709 1322 3779 olim
1350 3706 1527 3779 accidisset
1553 3715 1588 3778 ut
1620 3707 1765 3780 nonnulli
1798 3731 1836 3781 se
1862 3707 1992 3781 bonore
2021 3733 2086 3782 su-

720 3828 825 3921 premi
852 3806 1038 3896 Sacerdotii
1063 3824 1218 3916 indignos
1241 3824 1439 3917 judicarent,
1466 3823 1645 3918 fugamque
1659 3832 1848 3896 sanctorum
1862 3827 2087 3919 antiquorum

720 3939 875 4036 exemplo
909 3939 1117 4028 molirentur,
1155 3949 1252 4034 atque
1286 3940 1371 4012 adeo
1407 3942 1442 4010 vi
1469 3938 1717 4031 constringendi
1751 3949 1884 4030 essent,
1920 3939 2009 4035 quod
2044 3941 2087 4013 de

700 4055 890 4127 ·Demetrio
917 4055 989 4128 Xll.
1017 4065 1129 4126 narrat
1155 4062 1302 4131 Severus
1328 4061 1371 4128 in
1389 4058 1461 4148 ejus
1488 4058 1569 4145 vita,
1595 4053 2016 4147 indeconsuetudolluxit,
2051 4069 2088 4129 ut
2161 4045 2168 4056 ”

721 4173 828 4245 electo
863 4175 971 4244 statim
998 4181 1138 4243 catenae
1173 4175 1402 4263 injicerentur3
1437 4179 1536 4266 atque
1567 4173 1611 4241 ita
1647 4169 1709 4243 illis
1746 4174 1845 4244 etiam
1880 4175 1936 4268 qui
1962 4174 2088 4247 ambitu

720 4300 753 4362 et
786 4289 963 4381 largitione
999 4287 1188 4380 dignitatem
1224 4288 1507 4384 adipiscebantur,
1540 4290 1593 4358 vis
1627 4286 1868 4381 quodammodo
1902 4288 2024 4378 liebat,
2052 4301 2088 4362 ut

718 4406 916 4478 reluctantes
945 4427 1028 4477 onus
1056 4405 1199 4477 subiisse
1234 4405 1436 4477 viderentur.
1489 4403 1541 4475 Ea
1576 4402 1688 4476 labula
1716 4407 1867 4498 quamvis
1894 4427 1978 4497 erga
2004 4405 2087 4500 ple-

718 4546 843 4618 rosque
870 4526 924 4618 qui
950 4520 1134 4594 nullatenus
1169 4520 1389 4610 resistebant,
1429 4525 1510 4594 satis
1542 4519 1680 4591 ridicule
1711 4530 1869 4616 peracta,
1904 4501 1938 4592 ib
1973 4519 2087 4612 legem

718 4645 864 4729 transiit,
892 4661 996 4734 quam
1030 4638 1177 4709 relerunt
1208 4635 1433 4726 Ebnassalus,
1466 4633 1664 4708 Abulbircat
1699 4646 1732 4706 et
1758 4635 1958 4708 Pontificalis
1984 4635 2086 4723 liber,
2217 4680 2218 4687 κ

717 4779 827 4852 neque
854 4766 993 4828 catenae
1021 4755 1212 4844 solvuntur,
1238 4757 1301 4827 nisi
1328 4757 1415 4825 inter
1440 4756 1514 4849 ipsa
1543 4751 1766 4824 Ordinationis
1801 4752 1920 4824 officia.
1975 4750 2086 4823 Cate-

718 4895 835 4945 narum
861 4871 1024 4964 ejusmodi
1051 4891 1131 4943 usus
1157 4869 1217 4942 luit
1244 4893 1327 4963 erga
1357 4869 1539 4944 Macarium
1565 4867 1686 4941 XLIX.
1714 4867 1887 4966 Yuqubum
1914 4867 1997 4941 sive'
2014 4865 2085 4937 Jo-

719 4987 854 5082 sephum
881 4987 949 5060 LII.
983 4988 1154 5062 Sanutium
1185 4986 1257 5059 LV.
1290 4987 1445 5058 Mennam
1481 4985 1567 5058 LXI.
1620 4983 1855 5080 Ephraemimn
1891 4988 1963 5077 ejus
1999 5005 2086 5055 suc-

719 5125 905 5178 cessorem:
939 5126 1006 5202 non
1040 5126 1125 5178 vero
1161 5126 1245 5196 erga
1277 5101 1480 5178 Pbilctheum
1513 5105 1621 5175 virum
1653 5099 1859 5197 improbum,
1891 5113 1925 5173 et
1958 5099 2087 5195 aliquot
