4686 6060
616 561 693 636 aoe
993 507 1598 656 nn'rnraraaoal

614 747 719 820 vebat
753 758 787 820 et
822 770 909 820 anno
942 749 971 820 l.
1005 746 1044 822 Ο.
1077 747 1332 822 ΜΟΟΧΧΧΙΧ.
1363 747 1542 844 Epitomen
1570 744 1760 837 Caranum,
1788 773 1875 846 quse
1900 751 1992 848 Epi-

614 866 728 959 scopis
754 863 949 956 urgentibus
962 863 1052 938 iacta
1066 876 1131 955 est,
1157 876 1191 938 et
1210 863 1374 960 publicata
1389 863 1431 936 ad
1454 863 1728 938 reformationem
1749 863 1992 958 Ecclesiamm,

614 979 676 1053 sub
714 983 847 1052 nomino
873 979 1022 1073 ejusdem
1048 980 1283 1069 Patriarchae,
1314 983 1395 1052 ritus
1421 978 1498 1052 illos
1533 980 1588 1074 qui
1614 983 1667 1052 sui
1693 982 1854 1075 temporis
1881 980 1991 1054 disci-

612 1095 736 1189 plinam
762 1096 969 1192 spectabant,
996 1099 1112 1192 paucis
1140 1095 1342 1192 explicavit,
1374 1105 1409 1166 et
1435 1098 1508 1188 ejus
1535 1095 1644 1168 verba
1676 1096 1872 1170 referemus.
1914 1097 1991 1184 Ouo

613 1209 679 1300 die,
706 1213 821 1306 inquit,
848 1215 1060 1284 constitutum
1085 1210 1147 1282 fuit
1171 1221 1208 1282 ut
1234 1211 1406 1287 Ordinatio
1434 1208 1677 1302 celebraretur,
1710 1212 1861 1285 dicantur
1894 1211 1992 1286 Ora-

612 1329 721 1398 tiones
757 1330 935 1400 matutinae
978 1327 1043 1398 diei
1076 1327 1287 1399 'dominicaez
1329 1335 1450 1422 postea
1485 1324 1636 1419 liturgia
1681 1329 1886 1418 celebratur,
1926 1351 1991 1400 se-

612 1441 755 1514 cundum
781 1451 976 1516 consuetum
1010 1442 1160 1514 ordinem
1195 1464 1213 1513 a
1251 1446 1386 1516 seniore
1411 1439 1594 1537 Episcopo.
1649 1441 1733 1516 Cum
1765 1445 1855 1517 finita
1889 1445 1992 1516 luerit
2094 1527 2100 1538 .

612 1557 712 1630 lectio
745 1557 890 1642 Actuum
924 1558 1182 1654 Apostolorum,
1219 1579 1335 1631 omnes
1372 1556 1535 1654 Episcopi
1568 1579 1643 1630 eum
1677 1553 1921 1634 comitabuntur
1956 1571 1991 1633 et

613 1673 778 1746 deducent
809 1674 852 1746 ad
884 1673 1070 1762 Thronum,
1106 1695 1167 1747 seu
1194 1673 1309 1747 sedem
1342 1671 1619 1746 Patriarchalem:
1655 1675 1781 1750 electus
1813 1685 1991 1750 convertet

610 1787 731 1860 faciem
759 1811 854 1861 suam
880 1789 923 1862 ad
949 1790 1131 1879 Orientem,
1156 1788 1318 1885 Episcopi
1344 1811 1428 1862 vero
1456 1789 1499 1860 ad
1520 1787 1754 1863 Occidentem:
1780 1801 1902 1888 postea
1928 1789 1990 1861 la-

610 1905 739 1977 vabunt
764 1926 880 1977 manus
907 1927 998 1994 suas,
1025 1904 1166 1999 illasque
1191 1907 1363 1998 irnponent
1381 1926 1483 1999 super
1509 1926 1602 1977 eum:
1635 1906 1835 2002 stabantque
1860 1907 1990 1978 interea

611 2019 718 2108 boici,
745 2030 779 2092 et
805 2023 912 2093 omnis
940 2020 1109 2093 multitudo
1137 2042 1211 2092 oum
1238 2022 1358 2093 timore
1384 2028 1418 2091 et
1444 2019 1586 2092 silentio.
1621 2018 1782 2116 Episcopi
1809 2020 1990 2092 verodom

611 2158 729 2208 manus
752 2140 922 2234 imponent
944 2158 1045 2232 super
1076 2159 1151 2208 eum
1180 2135 1298 2207 dicent.
1348 2135 1551 2228 imponimus
1568 2159 1686 2206 manere
1708 2143 1856 2224 nosnos,
1884 2159 1989 2238 snper

611 2250 700 2322 dunc
734 2276 866 2325 servom
899 2253 1040 2325 electum
1076 2275 1099 2322 a
1125 2251 1224 2340 Deo,
1251 2253 1288 2322 ia
1314 2253 1448 2322 nomine
1474 2251 1596 2322 Patris
1624 2257 1658 2322 et
1671 2252 1755 2323 Filii
1781 2257 1816 2323 et
1835 2249 1988 2344 Spiritus

612 2371 735 2456 sancti,
763 2369 810 2438 od
835 2368 1102 2440 constituendam
1128 2367 1220 2437 illam
1245 2369 1281 2436 in
1297 2367 1409 2462 moda
1421 2367 1610 2460 praeclaro
1633 2373 1668 2438 et
1683 2370 1781 2460 firnso
1804 2367 1988 2440 Ecclesiae

611 2487 745 2571 enicas,
765 2484 1012 2572 immaculatae,
1028 2483 1211 2554 Ecclesiae
1224 2482 1295 2553 Dei
1318 2485 1399 2570 oiri,
1425 2482 1622 2554 invisibilis:
1642 2483 1689 2554 od
1702 2483 1871 2576 judiciam
1890 2491 1988 2556 recte

611 2600 922 2688 administrandam,
947 2602 1319 2692 manifestationemque
1333 2601 1540 2689 sanctitatis,
1556 2599 1813 2692 doctrinamque
1835 2605 1870 2669 et
1895 2625 1987 2692 qra-

610 2717 694 2784 tiam
718 2721 880 2787 sanctam.
907 2715 1026 2785 Amen.
1078 2714 1114 2786 Is
1131 2719 1183 2784 est
1200 2716 1258 2807 qni
1283 2714 1466 2786 Ecclesiae
1486 2714 1674 2812 universali
1685 2718 1906 2809 praepositae
1921 2722 1988 2804 est,

608 2834 798 2901 autoritate
833 2831 1014 2902 Trinitatis
1050 2837 1193 2902 sanetae
1227 2852 1293 2922 per
1332 2834 1524 2923 mysterium
1563 2827 1684 2902 maris.
1753 2830 1837 2902 'l’um
1872 2829 1987 2906 incla-

608 2945 712 3018 mabit
738 2948 902 3041 antiquior
928 2946 1173 3042 Episcoporam
1198 2946 1284 3018 haec
1310 2945 1428 3019 verba.
1470 2945 1698 3035 Probntirne,
1734 2947 1825 3039 qaod
1849 2949 1987 3020 sitista

608 3061 825 3134 Petriorclua
849 3070 982 3152 cester,
1006 3062 1184 3156 judexque
1215 3066 1305 3134 inter
1340 3085 1417 3149 cor,
1444 3062 1561 3153 cobis,
1597 3068 1631 3132 et
1662 3084 1766 3154 saper
1792 3083 1870 3133 aas:
1897 3087 1987 3157 quae

609 3177 651 3250 ab
680 3201 731 3251 eo·
749 3188 801 3250 ter
825 3186 1032 3275 repetentur:
1059 3181 1157 3250 tertio
1184 3199 1270 3250 vero
1298 3176 1446 3270 adjiciet:
1480 3202 1527 3249 an
1558 3177 1761 3270 approbatis
1792 3178 1882 3248 dunc
1909 3201 1987 3251 esse

606 3297 786 3385 primatem
820 3317 923 3389 snper
957 3316 1037 3382 eos,
1072 3301 1106 3365 et
1136 3299 1354 3386 perspectam
1385 3293 1521 3366 tendetis
1554 3315 1628 3364 enm
1654 3317 1729 3367 esse
1755 3295 1890 3389 diqnnm
1916 3297 1986 3366 isto

607 3411 745 3502 made?
772 3408 923 3507 Cumque
949 3409 1106 3499 dixerunt,
1132 3409 1266 3504 Diqnns
1292 3414 1353 3496 eet,
1379 3418 1491 3481 verim
1516 3407 1637 3492 faciem
1664 3433 1758 3483 suam
1785 3409 1828 3480 ad
1854 3410 1985 3482 Orien-

608 3536 687 3616 tem,
714 3526 867 3620 dicetque
894 3529 1097 3616 orationem,
1134 3537 1168 3596 et
1194 3524 1341 3597 adolebit
1366 3511 1562 3598 incensum.¹
1602 3524 1800 3620 Primusque
1830 3523 1984 3619 Episco-

607 3663 742 3736 porum‚
775 3645 849 3714 sive
883 3645 1047 3735 antiquior
1083 3640 1299 3713 Ordinatione
1325 3627 1369 3712 'et
1394 3640 1559 3712 socundus
1592 3650 1669 3734 post
1704 3662 1780 3713 eum
1812 3645 1986 3736 imponent

605 3779 736 3828 manum
764 3779 866 3852 super
893 3757 1045 3844 electum,
1073 3755 1335 3855 ordinabuntqnc
1362 3778 1437 3827 eum
1464 3777 1527 3850 per
1553 3760 1739 3829 orationem
1757 3754 1984 3830 Ordinationis

607 3895 694 3968 quae
720 3885 799 3947 nota
826 3882 897 3948 est:
931 3881 966 3943 et
996 3895 1082 3967 quae
1115 3895 1190 3943 cum
1225 3871 1298 3943 aliis
1333 3870 1494 3962 singulari
1526 3869 1612 3944 libro
1648 3871 1834 3946 Pontificali
1865 3875 1981 3945 conti-

606 3998 734 4061 nentur.
789 3986 873 4062 Oum
899 3987 1059 4084 Episcopi
1085 4009 1152 4061 uno
1171 3971 1286 4080 'gradu
1314 3986 1533 4074 descendunt,
1567 4008 1677 4060 novus
1708 3986 1900 4060 Patriarcha
1927 3991 1984 4060 si-

606 4107 674 4178 mul
700 4104 861 4196 ascendit,
888 4104 998 4177 donec
1025 4104 1069 4175 ad
1094 4125 1256 4176 summum
1282 4105 1487 4198 pervenerit,
1515 4113 1613 4197 atque
1639 4106 1686 4175 ita
1711 4104 1847 4200 reliquis
1868 4107 1985 4176 omni-

606 4223 669 4295 bus
697 4223 851 4316 superior
877 4223 928 4294 sit.
983 4218 1066 4292 Cum
1093 4239 1180 4292 vero
1209 4217 1253 4317 ad
1278 4218 1456 4289 lectionem
1467 4216 1648 4310 Evangelii
1660 4227 1857 4312 perventum
1871 4218 1984 4311 iacnt,

606 4335 735 4410 deleret
767 4337 885 4410 librum
919 4357 1033 4409 coram
1072 4333 1128 4406 illo
1162 4335 1277 4406 senior
1302 4330 1568 4428 Episcopomm,
1602 4332 1761 4428 legetque
1788 4332 1984 4407 Patriarcha

604 4457 787 4526 sectionem
814 4452 870 4525 ubi
897 4459 973 4525 sunt
997 4450 1081 4522 haec
1106 4450 1227 4538 verba,
1254 4449 1331 4541 qu
1357 4473 1427 4520 carn
1444 4449 1574 4520 Pastor
1601 4447 1726 4525 bonne:
1756 4469 1842 4542 quae
1861 4461 1912 4520 tor
1938 4451 1982 4523 ab

603 4572 678 4664 ipso
705 4569 876 4661 legentur:
904 4575 938 4639 et
964 4566 1007 4638 ad
1034 4565 1183 4658 singulas
1211 4568 1328 4654 vices,
1360 4557 1474 4638 senior
1505 4566 1740 4659 episcoporum
1766 4563 1886 4636 librum
1912 4567 1984 4637 im-

603 4694 707 4780 ponet
733 4688 834 4782 capiti
861 4687 954 4777 ejus;
981 4692 1015 4754 et
1042 4681 1108 4754 alta
1135 4703 1224 4756 voce
1251 4681 1353 4753 dicet:
1380 4681 1515 4773 Diqnns
1535 4686 1604 4771 eet,
1630 4681 1796 4776 Dicetque
1822 4683 1985 4754 universa

604 4801 776 4873 multitudo
803 4800 899 4874 simul
930 4797 1070 4882 νΑξιος.
1122 4797 1287 4869 Lectione
1313 4795 1369 4868 illa
1403 4805 1560 4892 peracta,
1592 4795 1783 4891 perficietur
1810 4795 1985 4887 Litargiar

604 4919 788 5011 Postquam
813 4937 898 4988 vero
932 4913 1103 4986 Ordinatio
1129 4912 1281 5008 perfecta
1307 4911 1425 5000 fuerit,
1460 4910 1698 4984 osculabuntur
1724 4933 1799 4983 eum
1820 4909 1986 5007 Episcopi

558 5082 561 5092 «
603 5038 703 5128 juxte
730 5031 879 5104 ordinem
906 5054 1016 5105 saum:
1043 5039 1110 5102 tum
1125 5029 1340 5118 Sacerdotes,
1368 5039 1402 5100 et
1427 5029 1566 5101 ministri
1582 5028 1708 5116 altaris,
1734 5027 1880 5121 primarii
1894 5025 1985 5098 Lai-
