4778 6034
1103 555 1411 635 PRAEFATIO.

578 761 616 828 ut
646 751 727 828 usui
765 749 882 832 iorent
922 753 957 826 in
991 748 1202 854 quotidianis
1240 747 1400 852 Officiis,
1432 753 1565 855 quique
1604 776 1729 832 omnes
1763 754 1876 832 ierme
1908 757 1944 833 in

579 882 761 964 Graeciam
799 884 1083 988 asportabantur,
1126 885 1259 988 vixque
1308 886 1438 964 nostris
1480 882 1677 990 'lheologis
1712 891 1786 966 noti
1833 899 1944 990 erant,

579 1045 661 1097 cum
691 1023 782 1098 inter
815 1044 879 1098 eos
916 1020 1118 1121 paucissimi
1157 1015 1294 1097 Graece
1331 1022 1474 1120 scirent,
1511 1020 1721 1125 etquidem
1750 1021 1945 1101 mediocri-

578 1166 655 1256 ter,
694 1153 785 1231 adeo
826 1165 864 1231 ut
894 1153 973 1256 styli
1012 1153 1102 1231 illius
1143 1155 1255 1230 sacris
1295 1151 1418 1232 ritibus
1456 1157 1589 1258 proprii
1626 1159 1835 1254 sententiam
1871 1181 1945 1235 non

577 1288 680 1367 lacile
711 1300 1008 1392 assequerentur:
1042 1287 1151 1364 multo
1187 1291 1304 1364 minus
1330 1287 1549 1366 nrhricarum
1581 1301 1616 1367 et
1647 1293 1859 1393 scriptorum
1885 1293 1946 1393 qui

577 1427 819 1502 caeremonias
849 1433 1098 1527 exposuerant.
1161 1420 1390 1500 Orientalium
1422 1421 1659 1526 Liturgiamm
1699 1425 1806 1527 nulla,
1835 1449 1945 1528 prae-

576 1570 630 1635 ter
662 1557 910 1661 Aethiopicam
935 1557 1156 1661 generalem,
1189 1568 1225 1635 et
1250 1555 1339 1636 duas
1373 1557 1457 1636 alias
1486 1556 1578 1635 edita
1601 1556 1727 1660 iuerat,
1751 1584 1833 1636 cum
1854 1583 1944 1636 ver-

575 1694 678 1770 sione
709 1695 794 1771 satis
828 1694 1061 1793 inconcinna,
1100 1703 1136 1769 et
1162 1691 1295 1794 aliquot
1331 1691 1420 1771 locis
1458 1691 1688 1794 interpolata,
1720 1717 1766 1771 ex
1801 1718 1869 1797 qua
1897 1692 1945 1771 de

575 1825 699 1905 ritihus
729 1825 947 1929 Aethiopum
980 1828 1041 1902 vix
1075 1836 1214 1928 poterat
1244 1829 1480 1927 pronunciari.
1547 1824 1636 1904 Post
1670 1850 1782 1906 annos
1813 1828 1946 1931 aliquot

569 1957 684 2062 'lypis
725 1955 851 2064 Regiis
887 1957 1048 2044 Lutetiae
1083 1958 1199 2036 editae
1229 1969 1312 2038 sunt
1343 1955 1480 2037 Graece
1522 1972 1558 2038 et
1581 1959 1727 2063 latine,
1763 1959 1945 2064 Liturgiae

574 2094 613 2173 S.
635 2093 773 2197 Jacohi,
811 2092 850 2172 S.
874 2093 1003 2196 Basilii,
1037 2091 1076 2171 S.
1100 2092 1247 2172 loannis
1279 2089 1544 2196 Chrysostcmi,
1581 2120 1663 2171 cum
1696 2091 1804 2174 Missa
1828 2094 1945 2174 Prae-

574 2228 870 2308 sanctilrcatorum
893 2253 985 2306 anno
1008 2225 1154 2304 lllDLX.
1177 2252 1247 2330 qua
1270 2226 1424 2334 editione
1447 2227 1531 2306 nihil
1557 2229 1768 2333 elegantius.
1799 2228 1945 2308 Acces-

573 2374 698 2442 semnt
731 2362 903 2466 opuscula
933 2373 1136 2441 sanctorum
1165 2360 1330 2464 Patrum,
1362 2373 1422 2440 aut
1452 2366 1691 2440 recentiorum
1727 2359 1944 2442 Gmecorum

573 2501 682 2600 varia,
719 2523 811 2601 quae
844 2495 888 2574 ad
919 2495 1026 2574 fidem
1049 2494 1294 2576 Eucharistiae
1321 2495 1610 2599 confirmandam,
1641 2509 1677 2574 et
1706 2496 1943 2576 illustrandam

574 2657 739 2735 magnam
772 2633 993 2708 autoritatem
1032 2628 1217 2708 habebant.
1278 2629 1415 2708 Verum
1445 2635 1512 2709 etsi
1546 2657 1618 2709 non
1648 2630 1943 2709 contemnendam

574 2792 720 2871 operam
752 2769 787 2843 in
815 2762 1096 2843 Praelationihus
1131 2776 1167 2842 et
1200 2767 1293 2842 notis
1323 2763 1555 2867 impendisset
1586 2761 1755 2842 Claudius
1788 2763 1944 2843 Sancte-

573 2905 648 2982 sius
678 2903 827 3004 insignis
862 2899 919 2976 illa
956 2910 1070 2977 aetate
1104 2897 1331 3001 Theologus,
1365 2897 1487 2976 ritihus
1518 2898 1648 2976 nullam
1683 2910 1743 2976 aut
1777 2902 1943 3002 exiguam

574 3037 692 3113 lucem
725 3035 856 3112 attulit:
896 3037 1125 3137 quaestiones
1166 3033 1241 3109 illas
1286 3023 1435 3135 quarum
1473 3036 1577 3135 origo
1625 3057 1672 3109 ex
1710 3031 1943 3135 quorumdam

574 3169 756 3248 hominum
790 3167 965 3247 adversus
1002 3164 1159 3245 Graecos
1194 3165 1510 3269 criminationibus,
1545 3191 1617 3244 non
1648 3165 1789 3244 aliunde
1828 3191 1943 3270 quae-

574 3303 684 3382 renda
716 3315 782 3405 est,
814 3314 964 3380 tractare
997 3300 1216 3404 Sanctesius,
1249 3314 1286 3380 et
1319 3305 1378 3404 qui
1412 3326 1493 3378 eum
1522 3303 1636 3379 secuti
1671 3313 1754 3379 sunt
1778 3299 1945 3378 videntur

575 3436 796 3518 formidasse.
859 3434 1043 3514 Cahasilae
1072 3448 1108 3513 et
1139 3433 1248 3513 Marci
1284 3435 1433 3540 Ephesii
1464 3441 1592 3539 scripta
1620 3436 1819 3539 ediderunt,
1851 3440 1944 3514 circa

574 3577 740 3678 agitatam
769 3574 805 3648 in
836 3568 997 3649 Concilio
1026 3569 1233 3648 Florentino
1268 3569 1314 3647 de
1347 3569 1542 3648 verborum
1578 3567 1707 3649 Christi
1735 3570 1779 3648 ad
1808 3595 1943 3649 conse-

575 3710 776 3785 crationem
798 3717 973 3808 potestate
1016 3707 1277 3808 quaestionem:
1324 3703 1389 3782 sed
1421 3729 1498 3782 eam
1528 3707 1593 3808 ipsi
1625 3708 1800 3808 attingere
1827 3708 1943 3805 veriti,

573 3841 795 3920 Bessarionis
829 3865 920 3942 opus
958 3837 1004 3916 de
1036 3837 1257 3917 Eucharistia
1292 3840 1575 3942 conjunxerunt,
1618 3841 1717 3942 quasi
1750 3839 1943 3917 antidotum

574 3976 748 4054 adversus
780 3970 998 4051 Graecorum
1030 3972 1207 4074 haeresin,
1237 3998 1356 4076 neque
1389 3973 1478 4050 ultra
1511 3976 1696 4077 progressi
1725 3985 1816 4051 sunt.
1874 3971 1942 4064 Qui

572 4089 810 4190 Parisiensem
844 4107 1034 4185 editionem
1061 4105 1190 4183 eodem
1217 4130 1310 4184 anno
1334 4106 1554 4209 Antuerpiae
1587 4109 1713 4183 minori
1745 4105 1877 4208 lorma,
1909 4116 1944 4182 et

571 4243 694 4322 latine
728 4255 861 4322 tantum
889 4249 1165 4340 renovaverunt,
1197 4238 1282 4318 nihil
1313 4239 1523 4318 addiderunt
1553 4245 1649 4318 novi.

303 4419 415 4476 som„
433 4439 449 4475 ,
467 4423 559 4477 sm,
692 4374 1049 4460 EditioniParisiensi
1071 4397 1217 4476 operam
1242 4373 1438 4453 contulerat
1459 4373 1617 4452 loannes
1638 4371 1866 4452 aS.Andrea
1884 4377 1943 4450 in-

250 4505 493 4608 hramningi„
507 4511 558 4563 ⁸¹³·
571 4516 684 4619 signis
706 4511 893 4592 Ecclesiae
920 4508 1130 4588 Parisiensis
1160 4506 1381 4587 Canonicus:
1418 4513 1448 4588 is
1471 4520 1553 4613 post
1578 4534 1690 4587 annos
1720 4511 1846 4612 viginti
1870 4519 1943 4587 tres

250 4603 315 4664 qun
330 4595 416 4654 edm
570 4649 764 4752 liturgiam
790 4645 901 4724 lllarci
935 4642 1106 4722 Graecam
1136 4641 1262 4746 edidit,
1305 4669 1351 4722 ex
1385 4642 1592 4748 apographo
1619 4641 1793 4721 Guillelmi
1824 4641 1944 4722 Sirleti

572 4781 767 4862 Cardinalis
787 4780 997 4859 doctissimi:
1025 4779 1110 4856 nihil
1133 4803 1279 4882 quoque
1301 4789 1443 4882 praeter
1463 4777 1620 4856 Latinam
1647 4780 1850 4857 versionem
1874 4778 1943 4856 ad-

566 4919 704 5022 junxit:
735 4927 836 4995 notas
859 4913 973 4992 nullas
997 4924 1169 5017 quaeant
1193 4915 1293 5015 ritus,
1323 4926 1382 4992 aut
1409 4913 1603 4991 doctrinam
1624 4914 1851 5017 explicarent,
1876 4913 1942 4998 sed

572 5063 739 5155 excerpta
756 5048 998 5128 tantummodo
1023 5073 1069 5128 cx
1091 5044 1390 5127 Clementinarum
1410 5045 1707 5130 Constitutionum
1737 5047 1827 5127 libro
1855 5046 1894 5126 8.
