4680 6044
560 589 633 674 184
1034 587 1443 667 COMMENTARIUS

554 774 625 837 dicit
647 776 790 839 sacerdos
814 775 857 838 1⁰.
879 774 1024 837 Memento
1045 774 1172 838 Domine
1193 775 1298 837 Patris
1318 776 1417 836 nostri
1436 773 1582 854 Episcopi
1600 774 1689 836 Abba
1710 773 1747 836 N.
1771 772 1817 837 2⁰.
1830 782 1860 835 et
1873 772 1921 840 3⁰.

553 877 632 936 riam
653 877 695 938 nd
715 875 936 937 Patr-iambum.
960 873 1136 956 Hegumeno
1158 893 1214 936 seu
1234 872 1493 938 Archiroandn'tae
1515 873 1562 936 bis
1585 872 1674 935 datur
1695 873 1922 940 incensum.1⁰.

553 973 670 1036 dicitur.
712 972 954 1037 Boudictionem
971 981 1042 1053 peto
1064 991 1085 1034 a
1107 980 1136 1035 te
1157 973 1251 1036 Pater
1272 975 1315 1034 mi
1334 971 1502 1053 llepumene
1527 970 1615 1032 Abba
1636 969 1673 1034 N.
1697 980 1841 1050 memmdo
1862 975 1923 1036 mei

552 1075 584 1134 in
607 1075 666 1134 tuis
687 1073 881 1136 orationibus.
905 1072 951 1136 2⁰.
998 1071 1153 1134 Consano
1185 1091 1252 1134 mm
1280 1073 1313 1134 in
1336 1091 1430 1152 pace,
1459 1079 1489 1133 et
1506 1069 1702 1149 perfectimre.
1746 1069 1923 1150 Respondet

538 1170 754 1253 .Hcgumenus.
776 1172 923 1234 Dominus
944 1181 1100 1234 eorummet
1119 1170 1328 1233 Sacerdotium
1350 1179 1449 1244 ιιαιιιι,
1472 1176 1505 1230 ut
1525 1169 1752 1244 Melcbmedeci,
1774 1168 1919 1244 Amnum,

553 1271 726 1332 Zachariae
746 1279 776 1332 et
795 1271 944 1361 Simeoms
965 1270 1161 1332 Sacamum
1181 1269 1241 1331 Dei
1261 1269 1383 1332 excelsi.
1416 1267 1590 1350 Sacerdoti,
1614 1286 1681 1331 cum
1704 1268 1792 1330 datur
1814 1269 1923 1330 incen-

553 1388 636 1448 sum,
659 1369 730 1430 dicit
752 1369 919 1432 celebrans.
963 1368 1205 1432 Bmedictiouem
1217 1376 1290 1448 peto
1307 1387 1328 1430 a
1344 1377 1389 1444 te,
1411 1367 1559 1430 Paterni
1576 1366 1755 1450 Presbyter:
1777 1375 1922 1430 memento

552 1471 612 1532 mei
631 1471 664 1531 io
687 1471 747 1530 tuis
767 1469 962 1533 madoribus
985 1467 1220 1548 Respondetque
1242 1466 1347 1530 iisdem
1370 1465 1488 1545 verbis,
1512 1465 1619 1547 quibus
1642 1467 1844 1550 Hegumenus.

641 1569 745 1632 Statim
767 1568 873 1629 iterum
896 1567 983 1630 datur
1005 1568 1160 1629 incensum
1182 1583 1289 1629 versus
1312 1565 1470 1646 populum,
1499 1563 1668 1646 diciturque
1697 1568 1793 1647 prima
1821 1565 1923 1628 bene-

444 1748 446 1756 ,
554 1667 646 1731 dictio
669 1674 737 1728 ante
760 1665 919 1729 lectionem
941 1665 1094 1747 Epistulae
1116 1665 1147 1730 S.
1178 1665 1261 1728 Pauli
1288 1664 1318 1726 in
1348 1663 1427 1726 hunc
1455 1663 1584 1730 modum.
1628 1664 1804 1728 Benedictio
1833 1663 1925 1727 Pusuli

553 1767 693 1847 Apostoli
712 1765 787 1827 Jesu
810 1765 942 1828 Christi:
965 1769 1084 1846 musque
1106 1765 1327 1829 benedictiones
1348 1773 1473 1826 sunctae
1495 1766 1556 1826 ran
1575 1783 1642 1826 cum
1666 1766 1803 1828 ommbacs
1823 1764 1920 1828 nobis.

553 1865 657 1928 Amen.
682 1864 763 1926 Thus
784 1880 904 1945 quoqne
927 1864 1063 1926 similiter
1083 1863 1185 1942 datur,
1209 1862 1288 1943 quod
1311 1864 1342 1924 in
1364 1863 1429 1925 istis
1451 1862 1556 1926 ritibus
1575 1868 1623 1926 est
1637 1860 1922 1943 frequentissimum.

554 1964 761 2043 Patriarcbae,
785 1962 963 2044 Episcopis,
987 1962 1217 2042 Sacerdotibus,
1242 1962 1367 2025 Clericis
1390 1961 1527 2023 daturin
1552 1961 1747 2038 Sanctuario,
1769 1963 1820 2024 ubi
1841 1979 1917 2043 pro-

558 2064 643 2145 prius
666 2081 768 2126 eornm
791 2063 877 2126 locus
900 2071 963 2126 est:
985 2063 1084 2124 Laicis
1106 2070 1139 2124 ut
1161 2061 1200 2123 ad
1222 2079 1276 2124 eos
1298 2060 1476 2124 thurificatio
1498 2063 1665 2142 pertineat,
1692 2060 1771 2122 hunc
1800 2063 1831 2123 in
1853 2079 1923 2125 mo-

555 2162 623 2225 dnm
646 2163 713 2226 thus
736 2162 801 2225 dari
823 2161 909 2224 solet.

639 2264 798 2343 Postquam
821 2259 1031 2337 Patriarchae,
1053 2259 1228 2340 Episcopis,
1252 2257 1467 2324 Sacerdotibus
1490 2264 1520 2319 et
1543 2256 1633 2320 Claro
1656 2257 1724 2320 thus
1747 2257 1845 2322 datum
1864 2268 1932 2340 est,

554 2361 634 2442 quod
656 2361 806 2424 multoties
834 2361 864 2422 in
893 2359 1028 2440 Liturgia
1058 2359 1091 2420 fit
1120 2357 1199 2439 apud
1230 2357 1383 2438 Coptitas,
1413 2365 1446 2420 ut
1476 2375 1516 2420 ex
1545 2357 1753 2444 superioribus
1782 2359 1921 2423 Rubricis

552 2460 740 2523 manifestum
762 2467 827 2536 est,
856 2457 1007 2521 Sacerdos
1029 2457 1188 2520 celebrans
1211 2458 1249 2521 ad
1277 2456 1361 2520 iores
1390 2457 1557 2521 Sanctunrii
1584 2474 1784 2541 progressus,
1810 2460 1921 2523 Laicos
1959 2493 1962 2500 ⁴

553 2561 680 2621 circuitu
702 2577 757 2641 per
778 2557 946 2620 Ecclesiam
966 2557 1045 2619 lacto
1067 2559 1221 2634 incensat,
1244 2564 1277 2619 ιιι
1298 2564 1420 2620 nentur
1440 2557 1471 2618 in
1494 2555 1606 2619 Codice
1627 2555 1726 2640 Regio
1747 2559 1921 2638 recentiori,

551 2667 583 2720 ut
605 2661 694 2720 etiam
716 2660 747 2720 in
767 2657 875 2719 Rituali
898 2657 1044 2720 Gabrielis
1066 2655 1268 2731 Patriarchae,
1290 2655 1478 2734 Abulbircat,
1500 2654 1616 2719 Autore
1641 2657 1790 2720 Scientiae
1809 2659 1924 2721 Eccle-

551 2757 692 2820 siastieae
722 2765 753 2820 et
783 2757 858 2822 aliis.
905 2757 1014 2820 Similis
1045 2758 1235 2840 caeremonia
1264 2756 1376 2838 ubique
1404 2773 1501 2838 prope
1532 2757 1727 2835 observatur,
1758 2775 1815 2819 nec
1841 2759 1923 2839 apud

552 2856 722 2920 Orientales
745 2856 859 2935 solum,
882 2855 937 2919 sed
961 2854 1039 2937 apud
1063 2855 1197 2918 Graecos
1219 2863 1250 2917 et
1271 2854 1412 2935 Latinos,
1435 2863 1468 2918 nt
1491 2854 1660 2918 Christiana
1684 2854 1771 2936 plebs
1788 2859 1819 2919 in
1834 2875 1922 2920 com-

551 2957 699 3019 munionis
728 2957 860 3039 signum,
894 2973 952 3037 per
979 2973 1083 3035 quam,
1113 2973 1168 3017 suo
1196 2954 1304 3034 modo,
1332 2955 1475 3036 precibus
1504 2961 1536 3017 et
1565 2953 1719 3017 Sacrificio
1749 2958 1920 3040 participat,

550 3055 674 3120 honoris
697 3075 817 3137 quoque
840 3061 955 3136 partem
978 3054 1103 3131 habeat,
1127 3063 1158 3116 et
1180 3053 1217 3116 ad
1240 3053 1384 3116 curandum
1408 3055 1547 3118 attentius
1571 3053 1729 3116 excitetur.
1764 3057 1798 3120 ld
1820 3061 1921 3121 omni-

551 3155 607 3217 bus
630 3155 775 3220 Ecclesiis
799 3171 955 3218 commune
977 3161 1038 3229 est3
1061 3172 1165 3215 verum
1188 3153 1322 3234 Copticis
1344 3154 1506 3238 singularis
1529 3154 1675 3234 quaedam
1704 3153 1759 3217 luit
1786 3175 1920 3222 eonsue-

551 3253 645 3332 tudo,
667 3255 724 3316 hac
746 3257 777 3316 in
799 3253 953 3334 Liturgiae
976 3260 1078 3334 parte,
1101 3269 1179 3333 quae
1201 3255 1233 3314 in
1255 3253 1436 3316 teterrimam
1451 3253 1695 3332 superstitionem
1712 3253 1921 3337 degenerarit.

549 3353 665 3435 Nempe
689 3371 756 3416 cum
778 3352 928 3416 Sacerdos
954 3351 1021 3415 tbus
1044 3351 1168 3414 adolens
1190 3353 1221 3413 in
1241 3352 1411 3416 Ecclesiam
1426 3350 1678 3433 progrederetur,
1694 3351 1834 3416 solebant
1848 3356 1919 3419 olim

553 3452 691 3534 Coptitae
714 3455 780 3534 ejus
803 3451 943 3533 precibus
967 3451 1176 3514 commendare
1198 3469 1250 3527 se,
1273 3452 1420 3532 simulque
1442 3451 1578 3514 confiteri
1599 3470 1634 3515 se
1660 3462 1856 3532 peccatores,
1887 3467 1919 3522 et

550 3553 775 3616 consessionem
804 3551 960 3632 quamdam
988 3550 1091 3614 verbis
1118 3550 1312 3632 generalibus
1341 3551 1560 3632 pronunciare,
1589 3551 1633 3613 illi
1665 3568 1726 3614 non
1754 3553 1919 3617 absimilem

551 3669 641 3733 quam
664 3652 747 3713 initio
770 3651 880 3714 Missae
902 3651 1008 3713 recitat
1029 3648 1135 3712 Latina
1156 3649 1311 3728 Ecclesia,
1334 3652 1420 3732 cujus
1442 3651 1583 3732 antiquae
1599 3651 1744 3716 formulae
1758 3654 1918 3717 breviores

550 3751 665 3832 aliquot
688 3758 868 3830 occurrunt,
891 3758 924 3812 ιιι
945 3749 1066 3814 luerunt
1088 3749 1165 3812 aliae
1188 3751 1380 3832 prolixiores.

248 3847 535 3915 Supersuumntema.
637 3849 710 3913 Cum
739 3852 856 3912 interea
888 3849 1039 3913 Sacerdos
1066 3850 1232 3912 orationem
1262 3849 1379 3913 diceret
1408 3869 1486 3932 quae
1512 3850 1670 3914 videbatur
1697 3853 1850 3932 pertinere
1879 3853 1917 3916 ad

550 3952 759 4014 remissionem
788 3956 998 4031 peccatorum,
1029 3949 1294 4029 existimaverunt,
1324 3949 1406 4031 quod
1433 3952 1465 4012 in
1491 3958 1611 4030 promtu
1642 3959 1723 4032 erat,
1761 3969 1827 4014 earn
1856 3970 1922 4016 uon

548 4051 659 4114 trustra
681 4050 892 4132 pronunciari,
922 4057 954 4112 ut
976 4048 1087 4112 similes
1109 4047 1337 4112 benedictiones
1360 4059 1391 4113 et
1412 4050 1618 4114 absolutiones
1640 4051 1744 4126 ualere
1763 4050 1915 4132 judicatae

548 4158 618 4215 sum
640 4150 678 4214 ad
700 4147 846 4211 abolenda
868 4157 1011 4230 peccata,
1034 4167 1112 4230 quae
1134 4167 1191 4230 per
1211 4147 1403 4231 fragilitatem
1424 4149 1598 4230 humanam,
1620 4167 1639 4212 a
1657 4151 1715 4232 piis
1731 4152 1819 4212 etiam
1834 4169 1916 4232 quo—

547 4251 620 4313 tidie
643 4249 873 4312 committuntnr.
897 4246 1024 4312 Saecrdo
1048 4248 1165 4310 demum
1186 4247 1348 4312 undecimo
1371 4256 1403 4311 et
1424 4233 1711 4332 sequenu‘praeter
1731 4251 1915 4314 calamitates

546 4349 718 4412 innumeras
740 4366 815 4430 quas
838 4348 875 4411 ab
897 4347 1069 4411 infidelibus
1097 4347 1238 4411 Ecclesia
1267 4347 1474 4412 Alexandrina
1502 4350 1662 4430 sustinuit,
1690 4351 1849 4413 maximum
1877 4350 1915 4412 ab

548 4449 623 4530 ipsis
653 4448 876 4511 Ecclesiasticis
905 4455 935 4510 et
962 4447 1143 4510 Patriarchis
1171 4448 1202 4509 in
1229 4448 1436 4511 Paenitentiali
1465 4447 1621 4530 disciplina
1649 4449 1758 4512 vulnus
1786 4451 1914 4531 accepit.

548 4547 597 4612 Ad
620 4548 859 4611 communionem
881 4548 992 4630 quippe
1015 4548 1226 4630 mysteriorum
1246 4546 1402 4612 admittere
1425 4556 1608 4629 coeperunt,
1640 4566 1693 4611 eos
1715 4549 1765 4630 qui
1788 4551 1916 4631 gravio-

549 4666 616 4709 rum
638 4648 793 4710 criminum
816 4649 876 4729 rei,
899 4647 950 4710 illa
974 4647 1187 4712 Sacerdotibus
1210 4647 1363 4726 confiteri,
1393 4656 1424 4710 et
1446 4646 1598 4710 Canonem
1626 4664 1681 4709 seu
1703 4648 1916 4727 poenitentiam

551 4747 653 4809 subire
675 4747 886 4831 negligebant,
910 4765 991 4827 cum,
1016 4748 1042 4811 si
1064 4747 1250 4830 disciplinam
1271 4746 1515 4811 Ecclesiasticam
1538 4764 1613 4831 erga
1627 4762 1681 4808 eos
1694 4747 1915 4826 exercuissent,

549 4846 687 4908 linerent
709 4863 747 4909 ne
771 4847 945 4911 calumniam
967 4849 1041 4930 ipsis
1064 4847 1191 4930 aliquam
1214 4847 1352 4910 obdurati
1374 4854 1552 4927 peccatores
1581 4846 1659 4936 apud
1682 4845 1914 4908 bluhamedanos

276 4971 341 5032 gg,
369 4969 440 5022 pp„
461 4967 535 5023 ,pm
549 4944 765 5027 impingerent,
794 4955 844 5008 aut
873 4947 961 5010 iidem
991 4949 1187 5030 abnegarent.
1230 4947 1292 5011 Alii
1318 4947 1439 5029 longius
1468 4947 1639 5029 progressi,
1667 4953 1700 5008 ut
1726 4946 1805 5007 inter
1837 4945 1912 5008 alios

223 5076 250 5128 p.
268 5057 329 5110 550.
547 5047 680 5110 Joannes
702 5046 723 5108 i.
745 5045 905 5129 Abugaleb
926 5045 1099 5112 Patriarcha
1122 5048 1328 5132 Coptitum,
1357 5059 1388 5112 et
1409 5046 1530 5110 Marcus
1552 5046 1629 5110 libus
1650 5046 1762 5127 Zerna,
1785 5044 1911 5108 contes-
