4736 6064
646 643 723 717 444
1033 645 1188 724 RITUS
1221 643 1622 724 OR'DINATIONIS

644 837 696 904 sni
711 835 905 906 memoriam
919 834 1062 927 reliquit,
1085 843 1119 904 et
1144 833 1185 904 ad
1202 834 1312 906 Deum
1351 828 1568 932 dnt’ssmua
1582 841 1622 908 Δ.
1640 838 1706 907 τοῦ
1718 835 1757 909 ἐν
1769 830 1929 931 ὁσιότητι
1944 835 2014 934 τὴν

643 966 810 1054 migravit.
855 964 965 1069 Super
1007 961 1093 1034 hunc
1136 967 1236 1056 igitur
1278 973 1314 1035 ut
1351 933 1710 1062 persimillimum,
1730 935 1791 1011 καῖ
1811 937 1899 1037 ⁷193ss
1923 940 2013 1018 Θεὸν

723 1065 726 1074 .
1360 1045 1369 1070 ,
1750 1046 1762 1061 „
1880 1038 1895 1069 τ
1986 1044 1996 1070 t

643 1092 766 1166 videtis
793 1116 855 1189 par
878 1096 1073 1164 canonicam
1088 1116 1235 1189 precem,
1256 1093 1312 1164 di·
1351 1038 1644 1169 ἶπιὸημησαπθςτ
1688 1047 1827 1118 TW?
1851 1071 1934 1135 θυι,
1965 1075 2013 1128 ως

670 1227 676 1240 Ι
760 1218 764 1224 ,
1010 1224 1018 1239 ‚
1351 1149 1467 1242 ορᾶτε,
1483 1142 1546 1218 διά
1560 1151 1619 1241 τῆς
1636 1151 1934 1244 κεκαιιονισμιιιης
1950 1146 2013 1222 ssl-

642 1244 755 1294 vmam
783 1232 983 1318 potestatem
1008 1231 1216 1314 invocantes,
1242 1223 1309 1294 ad-
1346 1254 1431 1344 χῆς,
1454 1246 1521 1344 τὴν
1546 1249 1653 1321 parav
1670 1244 1831 1342 dducam
1848 1253 2013 1326 571oech-

642 1355 761 1424 venirc
789 1355 894 1424 sancti
910 1351 1051 1448 Spiritus
1080 1357 1309 1448 operationem
1349 1348 1513 1445 σάμινοι,
1529 1359 1595 1426 τοῦ
1603 1356 1830 1450 insipentiam
1838 1352 1891 1428 ἐπ’
1899 1353 2012 1430 αὐτὸν

645 1492 890 1576 exspectamus.
939 1479 1042 1554 Orate
1077 1485 1177 1574 igitur
1213 1482 1310 1556 simul
1347 1452 1821 1555 ῖῆγῖθῦἅιῖθυπιέύμαῖθς
1833 1461 2012 1558 indpysmv

645 1614 845 1706 omnesqui
875 1610 1018 1698 adestis,
1044 1621 1080 1682 ut
1107 1633 1208 1706 super
1234 1634 1309 1683 cum
1347 1556 1630 1690 Wlffl‘l‘fflffla·
1671 1562 1910 1686 Q‘vga‘lg‘li
1944 1560 2012 1638 οὖν

1348 1691 1476 1746 παντες
1502 1692 1536 1736 οι
1559 1687 1827 1760 συμπαροντις,
1854 1693 1950 1749 οπως
1974 1695 2012 1740 τε

646 1739 803 1811 adveniat
814 1739 935 1812 donum
945 1739 1101 1812 coelestis
1111 1743 1309 1828 vocationis,
1347 1764 1408 1840 καὶ
1426 1764 1479 1840 a'u'
1498 1765 1611 1842 αὐτόν
1630 1765 1652 1863 ἡ
1674 1764 1791 1865 δωρεᾶ
1814 1774 1874 1863 τῆς
1891 1767 2012 1846 ἐπάνω

644 1877 678 1938 et
704 1872 815 1960 gratia
842 1871 1043 1941 sanctissimi
1062 1867 1214 1964 Spiritus.
1241 1869 1309 1941 Di·
1343 1867 1507 1966 κλήσεως,
1520 1870 1581 1944 καὶ
1596 1868 1620 1966 ἡ
1628 1866 1734 1968 χάρις
1748 1877 1816 1945 τοῦ
1831 1873 2011 1972 nnuaylov

643 2019 757 2070 camus
785 2019 911 2070 onmes.
951 1997 1057 2095 Kyric
1084 1996 1223 2070 eleison.
1349 1970 1550 2099 π’ζθύμαϊθέ
1563 1971 1798 2100 'mucosus-qap.
1819 1991 1822 1994 ’
1844 1975 2013 2070 3331th

688 2098 692 2104 '
1348 2105 1485 2161 παντες.
1512 2086 1624 2176 Kapsa
1642 2082 1794 2174 ἐλέησον.

751 2192 843 2262 Tunc
879 2191 1083 2262 descendent
1112 2191 1279 2285 Episcopi
1312 2215 1357 2263 ec
1388 2193 1600 2286 Spnlltrono,
1641 2201 1676 2265 et
1714 2193 1852 2265 stabunt
1894 2217 2012 2267 coram

640 2308 764 2396 ullari‘,
805 2314 840 2379 el
881 2308 1063 2378 adducitur
1098 2311 1156 2401 qui
1194 2309 1375 2380 ordinatur
1408 2309 1640 2381 Patriarclro:
1678 2317 1712 2380 el
1750 2333 1862 2402 qenuu
1897 2315 2012 2405 flectet

640 2447 743 2517 super
769 2424 897 2516 qradus
923 2423 1056 2494 altaris.
1110 2423 1252 2517 Reliqui
1276 2423 1413 2495 stabunt
1438 2428 1473 2494 in
1500 2428 1621 2496 timore
1647 2434 1682 2496 et
1713 2427 1869 2516 silentio,
1905 2428 2012 2499 corde

639 2540 770 2626 humili,
798 2541 1011 2632 orabantque
1037 2541 1073 2608 in
1099 2542 1220 2610 timore
1248 2546 1282 2610 et
1308 2543 1429 2632 quiete.

550 2751 552 2757 ,
744 2653 871 2726 Senior
898 2655 1088 2746 Episcopus
1115 2653 1206 2725 dicet
1229 2654 1426 2728 Orationem
1451 2658 1642 2752 proliacum
1667 2663 1835 2730 actionis:
1860 2658 2013 2730 adolebit

640 2779 825 2860 incensum,
854 2779 889 2842 et
914 2773 1005 2842 dicet
1033 2771 1230 2843 Orationem
1255 2775 1394 2843 incensi.
1878 2789 1881 2803 ·

712 3048 793 3118 Τιιιιι
819 3047 911 3118 dicet
938 3047 1134 3118 Orationem
1159 3055 1351 3143 sequentem
1374 3052 1470 3143 socie
1497 3049 1543 3140 od
1571 3048 1743 3120 Οιιοιιιειιι
1769 3071 1945 3122 conversa.

744 3251 887 3323 Domina
917 3251 1011 3323 Deus
1043 3253 1199 3322 virtutum
1232 3253 1287 3345 qui
1319 3250 1485 3322 adduxisti
1517 3273 1580 3323 nos
1614 3243 1669 3322 ad
1689 3262 1814 3324 sortem
1840 3254 2010 3324 ministerii

639 3366 753 3460 hujus,
788 3371 843 3461 qui
869 3369 972 3459 erigis
999 3364 1183 3438 intellectus
1214 3365 1396 3455 hominum,
1433 3380 1466 3440 ct
1502 3371 1660 3442 scrutaris
1696 3367 1799 3441 corda
1834 3379 1868 3440 et
1898 3392 2010 3456 reneS,

575 3515 577 3520 ·
640 3483 764 3556 exaudi
790 3505 853 3558 nos
879 3507 940 3581 per
966 3505 1122 3576 magnam
1147 3483 1410 3555 misericordiam
1437 3492 1543 3557 tuam:
1577 3485 1714 3580 purifica
1750 3507 1812 3558 nos
1851 3482 1892 3556 ab
1921 3487 2010 3557 omni

638 3599 769 3672 macula
795 3603 905 3675 carnis
932 3609 967 3686 et
993 3602 1136 3695 spiritus.
1189 3598 1325 3696 Dissipa
1351 3587 1472 3672 nubem
1499 3613 1714 3697 pcccatorum
1741 3610 1774 3672 ct
1807 3603 2009 3696 iniquitatum

638 3727 829 3789 nostrarum
856 3715 1078 3790 tenebrosam.
1116 3713 1220 3810 Imple
1247 3737 1309 3788 nos
1327 3725 1494 3811 potestate
1516 3716 1715 3806 medisina,
1738 3726 1771 3788 et
1793 3718 1900 3808 gratia
1921 3714 2010 3788 Uni-

639 3835 742 3925 geniti
767 3832 842 3904 Filii
869 3835 925 3920 tui,
953 3843 986 3903 ct
1012 3835 1207 3928 operatione
1234 3832 1375 3928 Spiritus
1402 3836 1525 3905 sancti:
1552 3844 1588 3904 ut
1613 3837 1716 3905 simus
1743 3831 1854 3903 idonei
1880 3830 2010 3905 adhoc

639 3951 854 4021 ministerium
880 3951 962 4021 novi
987 3948 1083 4043 hujus
1110 3949 1332 4038 Testamenti,
1367 3958 1401 4019 et
1431 3951 1598 4045 possimus
1631 3949 1730 4042 digne
1766 3947 1857 4019 ferre
1887 3971 2010 4022 nomen

544 4125 546 4130 .
639 4075 729 4136 tuum
756 4076 918 4154 sanctum,
945 4076 978 4138 et
1005 4077 1095 4138 stare
1122 4064 1165 4136 ad
1191 4068 1402 4138 ministerium
1430 4066 1543 4137 altaris
1566 4067 1613 4138 tui
1633 4065 1753 4138 divini:
1779 4086 1889 4159 neque
1908 4087 2008 4158 com-

640 4182 844 4254 municemus
871 4185 1017 4277 peccatis
1044 4182 1173 4272 alienis,
1201 4180 1260 4252 sed
1283 4179 1358 4254 dele
1375 4191 1513 4277 peccata
1530 4193 1663 4270 nostra3
1691 4191 1725 4253 et
1748 4179 1896 4252 concede
1912 4178 2009 4254 nobis

640 4298 800 4386 Domine,
834 4308 870 4370 ut
895 4297 1012 4369 similia
1038 4319 1105 4369 non
1139 4300 1392 4370 committamus:
1427 4308 1461 4369 et
1495 4297 1536 4368 da
1569 4297 1667 4370 nohis
1699 4301 1942 4390 cognitionem,
1974 4308 2010 4369 ut

641 4416 808 4509 possimus
834 4413 924 4508 loqui
950 4417 1034 4486 sicut
1059 4424 1200 4510 oportet,
1230 4426 1326 4509 atque
1353 4413 1395 4486 ad
1427 4423 1459 4486 te
1493 4413 1666 4486 accedere.
1726 4413 1867 4510 Suscipe
1898 4413 1939 4484 od
1976 4423 2009 4484 te

641 4527 869 4602 Pontificatum
897 4533 988 4601 servi
1014 4533 1059 4602 tui
1085 4529 1138 4600 hic
1164 4533 1297 4620 stantis,
1324 4534 1378 4625 qui
1406 4539 1561 4626 expectat
1587 4530 1708 4603 donum
1735 4540 1823 4601 tunm
1849 4530 2009 4616 coeleste,

642 4649 718 4741 quia
746 4655 780 4718 tu
807 4669 846 4718 es
873 4644 980 4718 bonus
1008 4657 1042 4717 et
1067 4646 1200 4718 multum
1227 4648 1418 4720 misericors
1446 4669 1528 4738 erga
1556 4668 1673 4719 omnes
1701 4647 1756 4742 qui
1783 4643 1841 4715 tibi
1875 4642 2009 4740 suppli-

643 4773 736 4851 cant,
764 4773 798 4834 et
822 4761 919 4835 iortis
946 4773 999 4836 est
1025 4771 1174 4860 potestas
1202 4773 1274 4853 tua,
1309 4785 1384 4834 cum
1416 4766 1584 4855 unigenito
1611 4762 1698 4834 Filio
1730 4773 1786 4835 tuo
1820 4770 1854 4832 et
1885 4761 2009 4858 Spiritu

642 4890 777 4966 sancto,
804 4901 909 4970 nunc,
937 4887 999 4950 etc.
1086 4879 1088 4882 ’

744 4997 923 5068 Diaconus
949 4995 1041 5067 dicct
1064 4994 1128 5066 lias
1149 4994 1406 5091 postulationes.
