4684 6042
688 684 768 760 134
1134 611 1141 710 ss
1228 672 1594 756 tlrnnaln

686 883 721 945 et
751 893 882 944 renova
914 891 1029 942 earum
1064 886 1207 940 ascensu
1238 864 1357 940 laciem
1400 857 1540 943 τόπους.
1567 857 1749 958 είίωρανον
1765 856 1826 932 καί
1839 854 2076 938 όνακαίνισον

687 987 807 1047 terrae.
833 973 942 1046 Rivos
969 974 1042 1093 eJus
1069 969 1215 1056 inebria,
1241 967 1359 1042 multi·
1401 993 1446 1060 τῃ
1432 959 1658 1085 καταβάσει
1675 961 1796 1038 αότιόν
1820 959 1862 1035 τό
1884 959 2076 1090 πρόςωπον

687 1078 775 1175 plica
801 1079 968 1169 genimina
982 1078 1065 1166 ejus.
1092 1071 1268 1146 Fructibus
1283 1081 1358 1142 ter-
1401 1075 1463 1163 τῆς
1480 1074 1555 1194 γρς,
1579 1068 1679 1141 ίνα’
1661 1095 1700 1142 εν
1721 1075 1797 1149 ταῖς
1813 1063 1989 1190 σταγόσιν
2005 1065 2077 1142 αό-

687 1203 760 1268 rae,
786 1179 939 1267 Domine,
954 1177 1153 1262 benedicito,
1177 1175 1360 1268 salvosque
1403 1178 1463 1268 τῆς
1486 1167 1820 1293 εόφρανθήσηται,
1822 1166 2076 1246 όνατελλουσα.

688 1283 786 1356 nobis
822 1293 855 1353 et
887 1285 1099 1375 incorruptos
1139 1288 1360 1352 conservato:
1404 1271 1576 1368 Ποτάμια
1604 1270 1775 1348 ὕδατα
1751 1268 1910 1373 ανόγαγε
1942 1272 1998 1347 ἐπί
2032 1272 2076 1350 τό

690 1383 811 1459 exhibe
849 1386 947 1457 nobis
994 1406 1054 1456 eos
1101 1387 1135 1456 in
1171 1403 1286 1454 semen
1328 1389 1362 1451 et
1406 1377 1503 1452 ίίίιον
1519 1380 1653 1508 μέτρον
1666 1374 1799 1466 αὐτῶν,
1817 1374 2000 1475 εὔφρανον
2016 1375 2078 1452 καί

689 1511 844 1562 messem.
871 1487 1066 1560 Benedicito
1079 1491 1268 1575 etiamnum,
1282 1482 1361 1556 Do·
1405 1480 1641 1556 ἀνακαίνισον
1654 1507 1698 1576 τῃ
1683 1477 1947 1575 οίναβοίσει’
1899 1493 2021 1555 αυτων
2034 1478 2076 1556 τό

689 1597 796 1683 mine,
839 1613 988 1664 coronae
1034 1594 1111 1664 anni
1149 1588 1362 1681 benignitatis
1404 1581 1594 1711 πρόςωπον
1616 1589 1677 1679 τῆς
1697 1591 1770 1684 γῆς.
1810 1581 1900 1666 Τους
1921 1582 2079 1668 αὔλακας

689 1707 777 1784 tuae,
803 1705 941 1791 propter
966 1715 1132 1790 pauperes
1164 1692 1279 1787 populi
1304 1694 1361 1780 tui,
1405 1687 1512 1783 αὐτῆς
1524 1690 1705 1783 μέθυσον,
1719 1684 1914 1781 πλήθυνον
1930 1686 1975 1760 τό
1973 1716 2078 1813 μεν-

689 1808 827 1896 propter
853 1798 986 1870 viduam
1019 1807 1053 1868 ct
1083 1806 1221 1918 propter
1247 1795 1362 1891 pupil-
1405 1789 1547 1888 νήαοιτα
1574 1788 1687 1886 αι’ντης.
1731 1788 1821 1874 Τούς
1842 1788 2000 1888 καρποός
2016 1797 2078 1886 τῆς

689 1902 771 1974 lum:
799 1911 936 1998 propter
961 1903 1187 1996 peregrinum
1214 1909 1249 1971 et
1273 1920 1361 1994 pro·
1405 1901 1469 1994 γῆς
1491 1891 1591 1991 κύριε
1619 1890 1834 1993 εὐλόγησον,
1866 1891 1983 1977 σώους
2018 1893 2079 1968 καί

691 2015 765 2100 pter
791 2005 974 2078 advenam:
1000 2014 1139 2099 propter
1160 2024 1223 2074 nos
1246 2021 1361 2073 omnes
1405 1997 1588 2096 ακεραίους
1601 1996 1690 2110 ἡμῖν
1695 1995 1938 2130 ιλιατήρησον·
1956 1995 2079 2096 παροί-

691 2119 865 2203 sperantes
891 2112 926 2179 in
939 2118 983 2195 te,
1011 2115 1044 2178 et
1055 2111 1249 2179 invocantes
1276 2127 1362 2178 san·
1406 2127 1540 2199 στησον
1553 2101 1642 2196 ἡμῖν
1658 2099 1787 2184 αότοός
1801 2103 1846 2184 εἰς
1860 2105 2002 2232 σπεραα
2019 2099 2080 2174 καί

692 2221 779 2282 ctum
820 2234 942 2284 nomen
983 2220 1081 2281 tuum
1135 2209 1232 2281 Oculi
1275 2209 1371 2278 enim
1405 2209 1451 2289 εἰς
1472 2202 1662 2302 θερισμόν.
1690 2201 1914 2304 Εόλόγησον,
1930 2203 1990 2278 καί
2008 2211 2079 2280 νῦν

692 2319 836 2386 omnium
867 2318 901 2385 iu
934 2323 968 2384 tc
994 2323 1147 2433 sperant,
1182 2323 1216 2383 et
1242 2322 1276 2382 tu
1303 2310 1362 2381 das
1405 2307 1505 2405 κύριε
1526 2307 1593 2383 τόν
1601 2313 1798 2433 ora'qcnov
1820 2315 1886 2381 τοῦ
1913 2311 2081 2382 ἐνιαυτοῦ

692 2441 806 2492 escam
833 2420 980 2513 ipsorum
1005 2419 1204 2509 intempore
1226 2436 1363 2537 ⁸o-ppor
1406 2441 1467 2507 της
1472 2436 1711 2510 χρηστοτητος
1722 2436 1800 2499 σου,
1814 2408 1877 2484 dcc
1886 2437 2080 2495 τουςπτω-

692 2531 781 2592 tuno
826 2519 891 2605 Qui
919 2519 977 2590 das
1006 2542 1119 2592 escam
1146 2522 1233 2591 omni
1260 2519 1363 2605 carni,
1405 2544 1492 2611 χους
1507 2544 1573 2589 του
1557 2521 1676 2590 ’λαοῦ
1690 2539 1777 2604 σου,
1798 2511 1921 2588 dcci
1879 2541 1947 2609 την
1961 2513 2081 2612 χήραν

691 2624 791 2719 imple
817 2622 941 2714 gaudio
969 2621 1138 2693 etlaetitia
1165 2622 1267 2693 corda
1294 2642 1364 2691 no·
1407 2647 1467 2693 ναι
1459 2616 1621 2694 dccccv
1632 2647 1808 2717 ορφανον,
1821 2615 2082 2719 διατονπρος

693 2737 781 2816 stra,
807 2735 843 2797 ut
870 2747 1003 2819 semper
1030 2747 1161 2797 omnem
1188 2724 1364 2796 sufficien-
1410 2721 1561 2819 ήλυτον,
1583 2719 1633 2796 δι’
1651 2721 1744 2818 ἡμεῖς
1761 2720 1896 2804 πόντος
1916 2720 1999 2805 τούς
2021 2726 2083 2797 ε’·λ-

692 2832 774 2901 tiam
801 2827 974 2918 habentes,
1002 2827 1230 2901 abundemus
1221 2849 1365 2900 rnomne
1410 2824 1579 2914 πίζοντας
1602 2827 1658 2900 aa
1682 2851 1736 2916 σε,
1762 2854 1822 2900 και
1813 2824 2084 2920 ἐπικαλουμέ-

696 2953 781 3054 opus
807 2931 978 3020 honum,
968 2955 1001 3003 ιιι
1029 2931 1161 3005 Christo
1188 2932 1269 3004 Jesu
1286 2933 1366 3003 Do·
1410 2958 1495 3013 νους
1516 2927 1558 3002 τό
1581 2929 1699 3024 ὄνομά
1723 2954 1792 3004 σου
1816 2927 1858 3002 τό
1885 2927 2001 3038 ἅγιον.
2037 2929 2083 3005 Oi

694 3039 784 3108 mino
811 3045 936 3107 nostro.
963 3035 1041 3106 Rex
1055 3035 1200 3126 Regum,
1229 3045 1261 3106 et
1286 3035 1367 3105 Do-
1410 3031 1482 3150 γόρ
1502 3030 1695 3130 ὀφθαλμοί
1718 3030 1868 3108 πάντων
1894 3031 1940 3115 είς
1957 3057 1997 3107 σε
2021 3036 2084 3107 ίλ-

695 3143 784 3209 mine
816 3138 1067 3218 dominantium
1102 3160 1243 3230 regnum
1276 3139 1369 3208 servi
1412 3134 1595 3226 πίζουσιν,
1608 3165 1668 3210 και
1678 3162 1725 3211 συ
1716 3133 1904 3220 dadolo
1862 3164 1930 3231 την
1942 3162 2085 3234 τροφην

696 3245 743 3312 tui
775 3239 955 3313 orthodoxi
988 3252 1022 3312 et
1049 3238 1213 3314 Christum
1248 3262 1370 3312 aman·
1412 3237 1754 3338 αὐτωνίνεόκαιρίᾳ.
1768 3237 2087 3338 Ὁόιόοόςτροφὴν

696 3348 738 3416 tis
765 3343 871 3436 Regis
896 3346 1013 3433 nostri,
1041 3368 1138 3440 quem
1166 3367 1267 3440 super
1295 3355 1369 3414 ter·
1412 3340 1508 3436 πόσῃ
1529 3344 1656 3440 σαρκί,
1678 3341 1872 3442 πλήρωσον
1894 3350 2007 3442 χαρᾶς
2024 3342 2086 3416 καί

696 3470 769 3519 ram
804 3469 950 3538 regnare
977 3449 1101 3539 justum
1128 3450 1302 3538 censuisti,
1336 3449 1369 3516 in
1413 3444 1635 3542 εὐφροσύνης
1647 3445 1709 3530 τός
1725 3445 1875 3544 καρδίας
1889 3445 2006 3542 ἡμῶν,
2025 3448 2086 3520 tta

697 3574 792 3645 pace,
821 3561 854 3622 et
880 3549 1081 3639 fortitudine,
1109 3560 1143 3622 et
1165 3554 1308 3642 justitia,
1336 3559 1371 3620 et
1413 3546 1565 3623 πόντοιο
1578 3557 1697 3626 πᾶσαν
1709 3547 1923 3648 αὐτάρκειαν
1938 3552 2087 3645 ἔχοντες,

698 3653 946 3747 tranquillitate,
965 3665 1178 3727 conservato.
1206 3653 1369 3745 Subjicito
1413 3649 1677 3747 περισσεύομεν
1698 3655 1743 3737 εἰς
1764 3665 1838 3728 πᾶν
1861 3657 1969 3753 ε”ργον
1990 3651 2087 3753 ἀγα-

699 3759 731 3828 ei
764 3757 875 3845 Deus,
910 3779 1040 3829 ornnem
1073 3755 1203 3829 hostem
1236 3767 1270 3828 et
1303 3755 1369 3828 ad·
1414 3754 1507 3846 θόν,
1531 3761 1569 3832 ἐν
1592 3764 1745 3856 Χριστῷ
1766 3755 1873 3854 Ἰησοῦ
1898 3765 1950 3852 τῷ
1972 3757 2088 3856 κυρίῳ

697 3863 902 3950 versarium,
946 3870 1011 3932 tam
1050 3866 1232 3933 nostratem
1272 3883 1369 3955 quam
1413 3859 1527 3954 ἡμῶν.
1554 3866 1796 3936 Βασιλεῦτων
1804 3857 2088 3956 βασιλευόντων,

700 3971 883 4034 externum.
935 3962 1161 4059 Apprehende
1200 3985 1291 4038 arma
1338 3973 1372 4035 et
1414 3961 1474 4037 καί
1483 3959 1582 4057 κύριε
1591 3972 1666 4039 τιῦν
1674 3962 1927 4062 κυριευόντων,
1936 3962 2003 4060 τόν
2011 3965 2088 4060 βα-

700 4076 847 4156 scutum,
883 4077 917 4137 et
950 4090 1080 4160 exruge
1112 4071 1144 4139 in
1173 4067 1369 4159 adjutorium
1415 4067 1553 4141 σιλειάν
1569 4075 1636 4142 τοῦ
1649 4066 1786 4143 δούλου
1803 4093 1871 4143 σου
1888 4079 1954 4142 τοῦ
1967 4066 2090 4164 ὀρθο-

700 4174 746 4241 ei:
783 4169 912 4241 eilunde
945 4169 1106 4244 frameam
1143 4182 1176 4242 et
1209 4171 1371 4242 conclude
1415 4167 1528 4248 ιλόξου
1551 4169 1612 4244 καί
1634 4173 1872 4268 φιλοχρίστου
1892 4171 1995 4296 ἡμιίν
2012 4171 2089 4266 βα·-

628 4301 631 4306 ·
700 4272 864 4346 adversus
909 4295 987 4364 eos,
1032 4278 1086 4370 qui
1128 4283 1370 4370 persequuntur
1414 4270 2090 4372 σιλίως,όνέόικαίωσαςβασιλεόεινόιι

700 4399 791 4447 οιιιιιι
828 4374 989 4450 obumbra
1023 4399 1125 4473 super
1166 4384 1265 4473 caput
1298 4379 1370 4468 ejus
1413 4383 1475 4470 τῆς
1497 4385 1561 4477 γῆς
1583 4381 1621 4453 ἐν
1647 4377 1766 4474 εἰρήνῃ
1787 4408 1846 4453 και
1840 4377 2004 4474 ἀνιίρίᾳ
2027 4376 2089 4451 καί

699 4483 734 4551 in
773 4479 826 4550 die
868 4479 960 4552 belli:
999 4478 1071 4569 fac,
1110 4490 1146 4552 ut
1185 4481 1226 4552 de
1263 4478 1372 4553 fructu
1415 4475 1667 4576 ιλίπαιοσόνῃ.’Ιι
1685 4479 2090 4578 Ὁθεόςποίνταέχθρόν

699 4582 801 4655 lumhi
842 4586 914 4676 ejus
960 4583 1077 4656 sedeat
1115 4607 1217 4680 super
1257 4583 1372 4656 sedern
1415 4611 1475 4657 και
1466 4581 1660 4679 πολεμιον
1673 4584 1897 4684 ιμφυίιοντι
1906 4613 1966 4660 και
1957 4581 2090 4659 αλλο-

701 4688 782 4778 ejus.
810 4685 966 4781 Loquere
998 4687 1041 4758 ad
1074 4709 1134 4759 cor
1165 4691 1237 4780 ejus
1268 4687 1371 4778 bona,
1416 4691 1544 4786 φυλον.
1579 4691 1756 4785 ἐπιλαβοῦ
1783 4689 1897 4765 όπλου
1925 4717 1984 4762 και
1975 4687 2091 4762 θυ-

699 4811 762 4884 pro
791 4801 906 4862 sancta
933 4801 988 4861 tua
1010 4788 1192 4880 Catholica,
1220 4801 1255 4862 et
1268 4789 1372 4886 Apo·
1417 4789 1534 4889 ραίου,
1559 4791 1619 4865 καί
1640 4791 1824 4889 ἀνάστηθι
1843 4797 1889 4878 εἰς
1908 4791 1976 4888 τήν
1991 4789 2091 4888 βοή-

702 4891 817 4963 stolica
843 4892 1011 4984 Ecclesia,
1039 4904 1072 4964 ct
1099 4898 1186 4965 omni
1209 4894 1372 4966 Christum
1417 4895 1525 4971 θειαν
1542 4893 1671 4986 αὐτοῦ,
1692 4896 1753 4971 καί
1770 4897 1891 4993 ἔκχεον
1905 4895 2091 4993 ῥομφαίαν

702 5005 833 5066 amante
860 4995 998 5092 populo,
1025 5006 1060 5067 ut
1078 5006 1112 5067 et
1137 5017 1199 5069 nos
1226 4999 1260 5068 in
1277 5007 1373 5068 tran·
1417 4995 1478 5071 καί
1492 4997 1706 5097 σόγκλεισον
1722 5001 1920 5084 ἐξεναντίας
1932 5011 2007 5074 τῶν
2018 5027 2092 5072 κα-

702 5097 952 5192 quillitateejus,
967 5099 1175 5224 tranquillam
1188 5109 1221 5171 et
1235 5103 1376 5196 quietam
1417 5097 1675 5180 ταιλιωκόνιων
1700 5101 1824 5180 αὐτόν.
1867 5102 2092 5180 Ἐπισκίασον
