4778 6034
1172 489 1494 567 PRAEFATIO.

588 731 590 739 ·
642 685 903 784 interpretatur,
935 707 1045 785 saepe
1084 705 1208 782 parum
1243 680 1413 757 feliciter:
1447 680 1597 784 alicujus
1629 680 1807 783 Theologi
1835 679 2020 784 Aegyptii,

615 811 858 893 «Canonistac
896 816 956 891 vel
993 813 1138 892 Rituum
1176 816 1400 914 expositoris,
1443 811 1586 892 Codicis
1618 814 1810 915 Liturgici,
1838 825 1897 890 aut
1928 814 2020 890 alte-

642 951 718 1026 rius
753 949 950 1052 cujuspiam
983 946 1061 1024 libri
1095 945 1358 1047 Ecclesiastici,
1394 969 1441 1022 nc
1478 971 1609 1024 nomen
1641 945 1786 1050 quidem
1820 949 1988 1049 reperias.

764 1080 867 1158 Alius
909 1080 954 1156 de
995 1079 1206 1181 Aethiopica
1245 1075 1411 1158 Ecclesia
1452 1078 1643 1158 verbosam
1675 1079 1868 1157 Diatribam
1910 1080 2020 1181 dedit,

643 1237 749 1317 quam
784 1217 843 1316 qui
879 1216 1050 1291 memoria
1082 1213 1359 1315 complectetur,
1393 1212 1477 1288 nihil
1511 1212 1557 1290 de
1591 1213 1809 1315 Aethiopum
1844 1214 2019 1316 religione

641 1351 758 1448 magis
793 1349 903 1447 sciet,
953 1371 1081 1451 quam,
1097 1349 1248 1450 quisque
1282 1347 1576 1449 imperitissimus.
1646 1345 1775 1450 Neque
1807 1346 1842 1423 id
1879 1349 2019 1447 mirum,

644 1478 787 1584 quando
814 1482 871 1556 vir
901 1479 1200 1558 laboriosissimus
1222 1478 1570 1582 Europaeorumque
1603 1478 1816 1581 Aethiopica
1850 1479 2020 1558 doctissi-
2062 1578 2065 1583 Ι

640 1638 721 1690 mus
742 1612 857 1692 Jobus
877 1611 1071 1715 Ludolfus,
1094 1638 1175 1690 cum
1203 1614 1375 1715 maJ'orem
1398 1616 1492 1689 vitae
1514 1625 1650 1714 partem
1671 1616 1708 1690 in
1729 1612 2020 1715 Aethiopicarum

640 1773 762 1824 rerum
796 1746 914 1825 studio
949 1749 1226 1847 consumsisset,
1258 1745 1355 1823 unde
1387 1747 1523 1850 justum
1556 1749 1847 1824 commentarium
1883 1757 2022 1824 texeret

640 1885 703 1958 vix
724 1879 863 1982 hahuit,
895 1892 1083 1984 antequam
1105 1878 1294 1958 Baltazaris
1318 1877 1461 1957 'l'ellesii
1483 1879 1638 1957 Historia
1660 1879 1861 1958 Lusitanice
1890 1882 2020 1981 scripta

641 2017 676 2090 in
705 2039 830 2092 manus
859 2014 937 2118 ejus
969 2017 1205 2115 pervenisset.
1265 2011 1352 2090 lllox
1385 2013 1566 2090 volumina
1610 2013 1682 2090 duo
1721 2012 1848 2114 edidit,
1890 2011 2019 2116 quihus

641 2151 706 2226 etsi
730 2147 902 2252 quidquid
926 2146 1020 2250 apud
1048 2149 1347 2225 contemtissimos
1370 2149 1564 2248 scriptores
1595 2145 1641 2223 de
1663 2146 1853 2250 Aethiopia
1876 2150 2018 2247 reperi-

639 2293 717 2382 tur,
751 2281 959 2383 collegerit,
993 2282 1078 2358 novi
1104 2291 1221 2356 tamen
1250 2278 1334 2356 nihil
1370 2279 1467 2384 quod
1498 2279 1542 2357 ad
1571 2279 1751 2359 historiam
1785 2280 1926 2357 civilem
1960 2291 2020 2357 aut

638 2412 930 2495 Ecclesiasticam
953 2412 1152 2514 conferret,
1184 2412 1361 2516 produxit.
1423 2411 1515 2490 Nam
1538 2414 1749 2517 religionem
1771 2418 1814 2491 iis
1837 2411 2017 2492 coloribus

640 2548 818 2650 depinxit,
863 2559 902 2624 ut
930 2550 990 2651 qui
1025 2546 1074 2624 de‘
1106 2571 1148 2623 ea
1191 2567 1237 2624 ex
1275 2541 1354 2649 ej'us
1388 2549 1648 2625 commentariis
1688 2546 1919 2650 judicaverit,
1970 2570 2025 2624 new

640 2682 793 2760 obscura
818 2679 962 2783 quidem
987 2681 1079 2758 illius
1102 2680 1313 2759 lineamenta
1334 2685 1448 2783 possit
1470 2705 1684 2785 agnoscere.
1746 2680 1916 2758 Vindicas
1938 2679 2017 2759 illos

639 2815 682 2894 ab
705 2814 984 2917 Eutychianismi
1006 2817 1253 2916 accusatione,
1277 2825 1313 2892 et
1334 2826 1434 2891 recte
1457 2815 1620 2918 quidem:
1655 2812 1721 2892 sed
1743 2817 1848 2890 unius
1872 2826 2018 2891 naturae

504 2934 508 2940 ’
639 2953 675 3027 in
711 2947 852 3027 Christo
894 2947 1177 3051 professionem,
1225 2947 1443 3026 anathemata
1482 2948 1657 3026 adversus
1698 2945 1896 3024 Concilium
1929 2944 2017 3024 Cal-

640 3083 894 3184 chedonense,
939 3082 1171 3184 Leonemque
1210 3081 1411 3159 Romanurn
1444 3079 1678 3183 Pontificem,
1731 3081 1873 3158 tolerari
1907 3105 2016 3183 posse

635 3217 780 3322 judicat.
842 3215 1009 3294 ludaicas
1032 3219 1324 3319 superstitiones,
1346 3195 1606 3320 polpgamiam,
1634 3240 1819 3293 sacrorum
1844 3213 2017 3292 Ordinum

638 3350 940 3453 profanationem,
975 3360 1011 3428 ct
1044 3350 1151 3427 multa
1174 3349 1318 3450 similia,
1353 3373 1445 3453 quae
1478 3352 1544 3451 ipsi
1575 3346 1802 3426 Patriarchae
1832 3347 2017 3425 Jacobita-

639 3509 719 3561 rum
740 3480 971 3562 Alexandrini
1006 3507 1115 3585 saepe
1149 3483 1423 3585 damnaverunt,
1461 3481 1656 3560 tolerabilia
1683 3481 1858 3560 Ludolfus
1890 3485 2017 3559 existi-

638 3621 766 3720 mavit,
812 3630 847 3694 et
882 3642 1057 3694 excusare
1094 3640 1293 3720 aggressus
1328 3629 1393 3695 est.
1456 3615 1497 3693 ln
1529 3617 1674 3692 materia
1705 3615 2017 3693 Sacrameutorum

638 3751 721 3828 nihil
754 3775 827 3828 non
861 3751 1004 3827 molitur
1035 3760 1075 3827 ut
1096 3748 1318 3829 Lutheranos
1341 3748 1421 3828 illos
1446 3775 1528 3828 esse
1556 3748 1723 3828 suadeat:
1757 3748 1904 3851 duoque
1933 3759 2016 3825 tan·

613 3897 712 3990 ‘tum
746 3885 813 3964 illis
848 3883 1020 3984 attribuit,
1076 3908 1156 3960 cum
1200 3909 1245 3961 ex
1281 3885 1421 3962 illorum
1453 3883 1551 3961 libris
1591 3881 1718 3960 eadem
1761 3882 1894 3959 habere
1937 3881 2016 3960 illos

638 4029 797 4118 constet,
841 4042 933 4121 quae
962 4015 1128 4095 Ecclesia
1164 4016 1425 4095 Alexandrina:
1470 4016 1540 4094 hoc
1582 4027 1637 4095 est
1670 4015 1817 4095 totidem
1858 4027 1946 4119 quot
1981 4019 2017 4092 in

639 4151 775 4230 Graeca
799 4164 834 4230 et
851 4149 1088 4229 Orientalibus
1109 4150 1297 4253 Ecclesiis,
1319 4175 1393 4229 non
1416 4153 1532 4228 minus
1555 4175 1661 4254 quam
1694 4155 1729 4228 in
1745 4149 1867 4229 Latina
1896 4173 2016 4253 agno-

639 4298 796 4367 scuntur.
859 4285 908 4363 At
929 4283 1104 4362 Ludolfus
1126 4284 1161 4361 id
1184 4297 1313 4388 negat:
1347 4281 1452 4389 quia,
1475 4287 1604 4388 inquit,
1639 4288 1878 4386 interrogatus
1910 4309 1930 4360 a
1958 4308 2016 4360 me

636 4401 767 4498 Petrus
803 4419 999 4522 Aethiops,
1043 4444 1088 4496 an
1128 4431 1369 4522 agnoscerent
1400 4430 1538 4521 septem
1573 4419 1686 4522 sigilla
1718 4416 1822 4519 fidei,
1858 4421 2015 4521 negavit.

636 4552 777 4655 Nempe
805 4553 913 4631 homo
944 4552 1116 4630 barbarus
1144 4551 1384 4631 definitionem
1418 4552 1637 4630 Sacramenti
1668 4561 1785 4628 natam
1818 4555 1853 4627 in
1877 4550 2015 4629 Reior-

637 4691 791 4766 matione
816 4687 1066 4789 intellexisset,
1101 4712 1207 4790 quam
1226 4689 1300 4792 ipsi
1328 4688 1406 4791 ejus
1429 4685 1580 4762 artifices
1606 4688 1668 4762 vix
1693 4685 1903 4789 intelligunt.
1964 4683 2015 4761 lta

637 4826 785 4926 negavit
815 4819 1236 4926 Transubstantiationem
1272 4819 1369 4897 credi
1407 4815 1502 4921 apud
1533 4818 1752 4921 Aethiopes,
1795 4817 1891 4921 quod
1920 4816 2015 4895 idem

637 4962 767 5042 Petrus
799 4954 845 5032 de
876 4979 919 5032 ea
952 4952 1102 5031 edoctus
1135 4954 1177 5032 ab
1208 4957 1287 5056 ipso
1316 4951 1490 5056 ludolfo,
1529 4977 1655 5054 parum
1694 4965 1734 5031 ut
1769 4977 1842 5030 non
1879 4963 2015 5028 temere
