4670 6046
699 620 777 695 304
1274 619 1508 698 NOTAE

697 803 753 866 sali
775 804 971 870 Francorum.
1014 804 1144 868 Domine
1164 803 1248 868 Deru
1270 807 1465 885 ommipotens,
1488 805 1568 866 meru
1593 804 1634 868 ob
1656 805 1742 868 initio
1770 805 1943 872 homicibau
1968 809 2076 874 uitalia

697 910 729 966 et
747 904 925 966 necessario
946 905 1077 966 creasti:
1099 911 1130 966 et
1149 903 1399 984 queamdmodum
1427 904 1605 964 continuante
1625 903 1820 982 Pontificolio
1848 904 2074 985 Sooerrimibua,

698 1007 729 1061 et
748 998 865 1064 Levitis
887 1009 1075 1078 omomento,
1096 1020 1174 1083 poue
1196 1009 1226 1064 et
1246 1001 1423 1066 linteomiam
1441 1003 1511 1081 fieri
1528 1001 1645 1080 [ammo
1667 1009 1718 1064 tuo
1740 1002 1840 1085 llopsi
1857 1023 1916 1084 per
1935 1005 2075 1084 pacura-

697 1099 784 1178 9intc
806 1100 873 1162 dies
893 1101 1044 1164 mecca.-
1065 1102 1131 1164 aioe
1152 1102 1244 1162 etium
1266 1118 1305 1162 ec
1333 1118 1411 1180 quae
1438 1100 1541 1162 llario
1570 1103 1676 1176 amur,
1705 1101 1835 1180 etfacit
1854 1103 1887 1164 iu
1907 1120 1995 1164 umen
2023 1113 2074 1166 tc·

699 1197 1021 1277 nomentanam,
1044 1200 1249 1278 sanctificare,
1272 1199 1460 1275 berredicere,
1482 1217 1724 1279 coraseerurepne
1739 1200 1875 1280 dipnerta
1885 1200 1962 1264 boec
1984 1201 2074 1265 tueo-

698 1296 792 1372 aniao,
814 1298 847 1358 in
868 1315 955 1358 wem
977 1297 1088 1360 attaris
1109 1299 1163 1372 tui,
1185 1298 1229 1360 cd
1250 1297 1406 1376 monadum
1428 1297 1695 1377 involvendumque
1705 1315 1828 1377 ,corpur
1850 1306 1880 1360 et
1899 1302 2074 1380 mpaioen

699 1394 769 1468 unu
789 1395 834 1458 tici
853 1393 977 1457 Domini
996 1397 1096 1457 nostri
1115 1395 1190 1458 Jeme
1212 1393 1335 1459 Chnbti.
1366 1393 1485 1458 Similes
1508 1402 1558 1457 aut
1581 1394 1707 1458 eaedem
1730 1404 1835 1460 extant
1865 1398 1896 1460 in
1918 1397 2072 1478 plerisque

697 1491 812 1556 Latinis
840 1492 1122 1556 Sacramentahbus.

942 1751 1062 1822 Oratio
1090 1755 1363 1854 consecrationis
1387 1751 1489 1824 Diaei
1515 1759 1549 1823 et
1574 1752 1725 1824 celorum
1751 1758 1833 1846 m'ua.

793 1959 847 2038 Du
863 1971 955 2034 Disco
978 1971 1089 2034 dictum
1112 1979 1159 2036 est
1181 1973 1211 2032 in
1235 1971 1313 2034 notis
1337 1970 1375 2032 ad
1397 1969 1563 2053 Liturgiam
1584 1967 1686 2032 Basilii
1710 1968 1882 2051 Copticam:
1905 1974 2071 2054 respondet
2122 1945 2141 1966 ν

696 2080 793 2138 autem
816 2075 952 2140 Potenue
973 2073 1158 2153 Latinorum,
1181 2073 1240 2136 nisi
1262 2072 1353 2154 quod,
1376 2082 1408 2136 ut
1431 2073 1509 2154 apud
1534 2073 1680 2150 Graecos,
1703 2073 1753 2134 illa
1776 2073 1872 2154 major
1892 2075 1986 2138 multu
2009 2085 2068 2140 est:

695 2190 763 2236 cum
785 2173 816 2236 in
840 2191 877 2239 eo
902 2173 982 2236 calix
1004 2175 1034 2236 in
1057 2191 1117 2254 qno
1140 2173 1330 2236 consecratio
1353 2171 1395 2250 iit,
1418 2180 1449 2237 et
1468 2171 1640 2252 aliquando,
1664 2173 1768 2252 quiin
1791 2171 1946 2236 veteribus
1958 2174 2070 2240 Latinis

693 2271 851 2334 ritualibus
873 2272 1084 2336 llinisterioiia
1105 2272 1224 2352 dicitur,
1248 2271 1392 2336 collocari
1414 2271 1542 2334 soleant
1578 2271 1653 2334 Vela
1675 2279 1775 2334 numm
1798 2270 1859 2334 duo
1882 2279 1952 2336 sunt
1974 2277 2068 2356 majus

695 2379 726 2432 et
748 2372 859 2434 minus:
882 2369 944 2449 ille,
967 2370 1136 2450 nicophoro
1158 2370 1319 2451 aliquando
1342 2370 1522 2451 appellatur,
1544 2371 1711 2451 praecipue
1732 2371 1763 2432 in
1785 2369 1919 2450 Syriacis
1941 2370 2070 2436 Rituali-

693 2467 762 2542 hos,
785 2469 865 2549 apud
888 2469 1024 2533 Graecos
1046 2471 1214 2550 scriptores
1241 2467 1474 2532 Ecclesiasticus
1502 2457 1769 2546 Aeuaoaclivupu
1799 2468 1837 2532 de
1867 2485 1928 2550 quo
1952 2472 2069 2536 erudite

639 2584 648 2610 t
695 2561 824 2630 Carolus
853 2565 987 2650 Congius
1018 2569 1049 2630 in
1080 2569 1235 2632 Glossario
1264 2585 1332 2634 suo.
1376 2569 1475 2632 ninus
1509 2569 1609 2632 velum
1640 2567 1721 2650 apud
1750 2566 1887 2650 Coptitas
1915 2569 2071 2654 singndme

694 2684 806 2730 nomen
828 2684 889 2729 non
913 2667 1013 2730 habet.

699 2800 704 2806 -
782 2763 816 2826 ln
839 2766 897 2828 ista
921 2765 1134 2830 benedictione
1163 2767 1340 2830 varietatem
1370 2766 1498 2848 aliquam
1528 2764 1673 2829 Codicum
1703 2765 1949 2830 observarimus:
1981 2766 2071 2850 aliqui

695 2864 774 2928 onim
796 2881 857 2926 non
879 2863 990 2927 bahem
1012 2863 1106 2928 verba
1128 2864 1194 2942 illa,
1220 2865 1461 2928 recuncbentibos
1488 2868 1521 2928 iu
1551 2865 1691 2928 convicio
1713 2883 1862 2928 amomon
1890 2867 1988 2942 mitte,
2015 2866 2070 2930 sed

694 2963 886 3028 continuatur
907 2966 1014 3042 oratio,
1037 2965 1155 3028 ccccm
1172 2965 1295 3045 plenum
1316 2965 1413 3040 bonir,
1435 2983 1514 3047 quoe
1531 2963 1736 3044 praeparavit
1751 2963 1942 3042 dilipertibua
1963 2966 2077 3051 nomen

693 3081 790 3139 mum,
813 3082 925 3144 corpur
945 3065 1063 3126 scilicet
1083 3071 1113 3125 et
1133 3066 1309 3145 aonffiainem
1338 3060 1453 3125 Christi
1480 3065 1533 3125 toi.
1578 3061 1692 3123 Tamen
1722 3063 1752 3123 in
1780 3059 1890 3124 Rituali
1920 3062 2069 3128 Gabrielis

692 3160 823 3243 legitur,
852 3171 884 3224 ut
914 3162 1057 3225 versione
1081 3170 1184 3225 nostra
1208 3164 1423 3242 expressimus.
1476 3161 1520 3224 lta
1551 3162 1644 3244 igitur
1669 3178 1703 3223 se
1734 3159 1826 3222 habet
1854 3167 1914 3223 tam
1943 3161 2069 3243 Coptice

670 3257 782 3340 'quam
804 3260 952 3324 Arabicc:
975 3261 1115 3323 Eetaude
1136 3281 1258 3323 monam
1279 3269 1362 3323 tuom
1376 3262 1511 3322 divinam
1526 3277 1619 3340 cuper
1631 3259 1749 3320 diamur
1770 3259 1850 3320 barae
1871 3259 2068 3337 benedictum,

692 3361 745 3439 qni
765 3361 934 3439 implendos
955 3367 1003 3422 eat
1023 3360 1127 3440 ipnitia
1149 3359 1341 3436 corbonibus,
1362 3378 1420 3438 per
1438 3359 1585 3438 reliquias
1607 3357 1747 3436 corporis
1769 3358 1823 3434 tui,
1846 3354 1995 3437 offerendi
2015 3380 2069 3422 aaa·

688 3477 748 3537 per
769 3459 867 3520 chore
889 3459 990 3538 tarnpli
1010 3466 1137 3522 coactae
1158 3457 1316 3520 Ecclesiae
1337 3457 1422 3520 urbis
1447 3456 1485 3520 N.
1509 3456 1621 3520 hleutio
1644 3456 1777 3518 convivii
1814 3472 1961 3519 annorum
1989 3454 2068 3519 mille

691 3555 764 3619 nihil
787 3575 853 3624 cum
875 3555 1110 3620 hliilenmiorum
1133 3558 1277 3636 opinione
1301 3573 1458 3620 commune
1481 3555 1705 3636 hebenusque
1735 3553 1815 3617 aliud
1845 3571 1935 3636 quam
1959 3554 2067 3620 coele-

690 3661 767 3718 stem
789 3654 962 3721 felicitatem
983 3654 1161 3736 significat..
1189 3653 1345 3720 Carbones
1366 3654 1506 3718 dicuntur
1528 3652 1694 3734 particulae
1712 3651 1952 3734 Eucharisticac,
1975 3645 2066 3738 ciylou

690 3748 827 3840 μερίδες
849 3757 879 3818 in
901 3755 995 3818 Disco
1018 3754 1230 3835 reponendae,-
1260 3753 1456 3834 metaphora,
1485 3761 1518 3814 ut
1548 3751 1618 3816 alibi
1647 3753 1833 3830 notavimus,
1863 3751 2067 3817 Orientalibus

690 3853 819 3917 maxhne
841 3853 994 3928 familiari3
1017 3871 1075 3934 qua
1099 3860 1130 3916 et
1153 3852 1304 3916 Christum
1327 3852 1490 3915 carbonem
1509 3855 1611 3914 aiom
1631 3851 1784 3933 appellant
1801 3851 1974 3934 aliquando,
1997 3853 2066 3933 qruia

690 3953 723 4016 in
751 3970 789 4016 eo
818 3951 938 4016 habitat·
959 3953 1055 4015 omnis
1083 3951 1240 4033 plenitudo
1271 3951 1433 4013 divinitatis
1462 3951 1670 4031 corporaliter.
1716 3950 1801 4017 Unde
1827 3950 1859 4012 in
1890 3950 2066 4016 Theotokiis

691 4051 906 4115 Alexandrinis
927 4051 1023 4116 Maria
1047 4052 1141 4133 Virgo
1171 4051 1280 4114 dicitur
1308 4050 1489 4112 thuribulam
1518 4069 1655 4125 ameum,
1676 4068 1754 4131 quoe
1781 4050 1946 4112 carbonem
1967 4051 2068 4112 cimam

691 4158 722 4212 et
742 4169 846 4212 aarum
868 4153 1023 4214 continuit.
1051 4150 1127 4213 Eum
1150 4167 1272 4231 quoque
1294 4150 1468 4226 carbonem,
1491 4167 1551 4230 quo
1573 4148 1604 4210 in
1626 4149 1744 4210 visione
1766 4145 1863 4212 isaiae
1884 4147 1965 4211 labia
1988 4154 2064 4210 tacta

692 4255 723 4310 ct
744 4248 902 4329 purificata
924 4256 1004 4325 sunt,
1027 4248 1234 4312 Eucharistiae
1256 4255 1359 4330 typum
1382 4247 1476 4310 fuisse
1505 4249 1628 4328 saepius
1650 4248 1682 4310 in
1704 4245 1901 4310 Orientalium
1924 4246 2065 4329 precibus

689 4346 819 4427 legitur:
842 4355 873 4410 et
894 4349 993 4428 ipnarn
1014 4349 1046 4412 in
1063 4366 1157 4426 pone,
1179 4364 1236 4427 per
1250 4348 1459 4428 mysteriorum
1479 4347 1728 4423 communionem,
1752 4348 1892 4425 occipere
1912 4337 2065 4421 mortua,

691 4463 785 4526 saepe
806 4446 918 4529 legitur
940 4445 970 4509 in
993 4445 1122 4527 hymnis,
1144 4447 1196 4526 qui
1219 4453 1367 4510 canuntur
1389 4446 1427 4508 ad
1449 4445 1568 4509 illorum
1592 4444 1842 4508 distributionem.

778 4543 812 4606 ln
834 4553 946 4625 patena
968 4551 1083 4625 autem,
1107 4563 1163 4610 seu
1185 4545 1278 4608 Disco
1300 4545 1527 4620 Eucharistico‚
1553 4553 1665 4624 corpus
1688 4542 1798 4606 Christi
1830 4561 1900 4606 esse
1930 4551 1962 4605 et
1992 4559 2066 4605 cou-

608 4671 613 4682 ·
690 4643 755 4722 fici,
778 4661 840 4706 non
862 4628 965 4706 minus
981 4643 1098 4706 Graeca
1120 4651 1151 4706 et
1172 4645 1299 4726 Latina,
1324 4661 1412 4726 mam
1435 4642 1606 4708 orientales
1633 4642 1791 4706 Ecclesiae
1820 4641 1967 4706 similibus
1994 4657 2066 4704 ora-

688 4741 820 4806 tionibus
842 4743 1098 4826 significaverunt.
1125 4742 1158 4806 ht
1178 4745 1418 4808 sacramentario
1437 4742 1636 4826 Gregorianc.
1662 4740 1885 4804 Cenaeum
1903 4749 1933 4804 et
1947 4741 2064 4804 soncti-

655 4865 658 4870 ’
686 4843 814 4922 ficamus
840 4845 920 4906 bonc
945 4849 1105 4922 patenum,
1133 4844 1177 4905 ad
1203 4844 1420 4923 conficiendum
1447 4845 1480 4905 in
1509 4861 1548 4906 eo
1578 4859 1689 4920 empne
1717 4838 1842 4902 Domini
1868 4841 1969 4902 nostri
1993 4837 2065 4900 Jem

689 4938 818 5017 Christi,
844 4943 990 5021 patientis
1011 4959 1132 5004 mem
1149 4961 1209 5021 pro
1231 4943 1328 5006 anime
1349 4950 1457 5005 nostra
1483 4943 1686 5021 mariumque,
1714 4947 1771 5002 etc.
1815 4937 1899 5002 Deru.
1939 4937 2065 5000 bonae

688 5039 773 5102 Deam
794 5042 979 5120 omnipotens
1008 5040 1060 5118 qui
1080 5058 1140 5119 per
1165 5040 1290 5122 ilopaen
1315 5040 1462 5120 [amamur
1494 5047 1577 5104 taum
1606 5038 1796 5102 tubanensia·
1821 5038 1867 5100 rat
1894 5037 2012 5112 auore,
2037 5040 2066 5096 ct
