4736 6064
614 603 698 682 SlVll
726 600 862 692 CANON'
881 604 1126 682 lllllllllliSdLlS
1152 605 1380 684 munorum
1602 602 1676 677 481

315 791 486 866 scientiam
517 788 787 883 inamissibilem,
819 801 854 862 ut
884 790 1124 884 intelligamus,
1155 801 1190 863 et
1223 794 1463 890 perspiciamus
1497 791 1678 889 scripuras

312 918 453 981 sanctas
473 929 559 1002 quae
585 907 740 1000 leguntur
765 929 879 980 coram
905 919 955 981 te:
983 918 1018 980 ct
1043 907 1314 1003 quemadmodum
1345 908 1459 983 similis
1491 907 1599 993 lactus
1626 914 1679 980 est

311 1022 370 1096 tihi
395 1045 457 1119 per
482 1025 707 1110 imitationem,
734 1045 756 1094 o
781 1032 877 1095 autor
901 1026 1004 1112 vitae,
1030 1027 1075 1097 ita
1101 1023 1156 1098 fac
1180 1047 1243 1098 nos
1278 1024 1398 1118 dignos
1423 1034 1460 1097 ut
1495 1048 1571 1098 eum
1596 1024 1678 1096 imi-

311 1148 429 1230 temm,
456 1147 490 1210 et
517 1136 720 1213 ambulemus
746 1141 780 1209 in
794 1141 859 1212 viis
886 1142 975 1233 ejus:
1001 1138 1238 1237 laudamusque
1254 1163 1375 1214 nomen
1401 1151 1491 1214 mum
1517 1150 1678 1227 sanctum,

311 1263 345 1326 et
370 1253 552 1346 gloriemur
577 1257 611 1327 in
636 1257 784 1350 pretiosa
811 1277 911 1327 cruce
936 1265 992 1328 tua
1019 1279 1227 1352 quocumque
1252 1268 1420 1353 tempore:
1448 1260 1523 1353 quia
1550 1265 1584 1328 tc
1610 1255 1678 1327 de-

310 1379 365 1442 cet
399 1373 588 1467 imperium,
620 1375 746 1463 virtuts,
779 1371 1043 1465 magnificentia,
1078 1382 1227 1469 potestas
1263 1395 1403 1466 magna,
1442 1384 1475 1446 et
1507 1369 1618 1465 gloria
1642 1375 1676 1444 in

312 1484 447 1560 saecula
474 1484 693 1562 saeculorum.
743 1488 863 1562 Amen.

414 1601 450 1674 9.
476 1603 656 1676 Diaconos
682 1610 862 1698 naamam
887 1605 1020 1701 lepatar
1045 1603 1204 1697 Dpiatola
1230 1604 1323 1676 dicit.

415 1716 471 1790 lix
497 1717 601 1791 Paulo
628 1741 731 1794 servo
757 1729 791 1792 et
815 1719 983 1816 Apostolo
1009 1721 1142 1795 Domini
1174 1731 1209 1793 et
1243 1721 1422 1796 salvatoris
1457 1723 1562 1794 nostri
1595 1721 1678 1796 Jesu

314 1831 454 1923 Christi,
489 1837 545 1928 qui
579 1845 740 1926 vocatus,
776 1834 921 1925 clectos,
952 1846 987 1909 et
1017 1845 1215 1929 segregatus
1248 1849 1301 1912 est
1327 1837 1370 1910 ad
1395 1837 1678 1934 praedicationem

311 1949 490 2043 Evangelii
523 1955 648 2023 sancti:
679 1949 779 2024 lectio
814 1951 986 2047 Epistolae
1021 1951 1062 2024 N.
1096 1955 1202 2025 oratio
1237 1955 1310 2046 ejus
1341 1963 1376 2026 et
1413 1953 1602 2028 benedictio
1635 1957 1678 2027 sit

310 2065 493 2140 nobiscum.
524 2067 643 2139 Amen.

414 2183 462 2253 Et
483 2189 565 2277 poet
589 2183 766 2255 lectionem
792 2183 896 2254 Pauli
920 2182 1102 2255 Diaconos
1129 2185 1228 2256 dicet.

415 2296 530 2370 Gratia
554 2300 674 2387 Patris,
701 2301 823 2372 caritas
857 2297 933 2372 Filii
964 2308 998 2371 et
1023 2299 1145 2374 donum
1180 2298 1321 2396 Spiritus
1360 2303 1486 2392 sancti,
1522 2305 1578 2398 qui
1609 2301 1678 2375 de-

313 2414 442 2491 scendit
469 2435 571 2512 super
602 2415 789 2511 Apostolos
821 2415 1034 2508 benedictos,
1071 2424 1107 2489 ct
1140 2437 1260 2513 puros,
1297 2419 1331 2489 iu
1371 2417 1554 2492 menamdo
1594 2417 1710 2492 Sion-

311 2542 461 2621 sauctae,
489 2531 671 2628 duplicetur
697 2553 798 2627 super
823 2553 899 2622 nos,
926 2531 1082 2628 populum
1109 2531 1328 2631 Christianum
1361 2535 1396 2604 iu
1429 2534 1565 2608 saccula
1592 2556 1677 2610 sae-

311 2649 469 2722 culorum.
521 2650 640 2723 Amen.

414 2763 539 2837 Sancta
565 2764 670 2838 Paule
695 2764 862 2863 Apostole
887 2765 978 2866 hone
1004 2767 1173 2854 minister,
1204 2774 1341 2838 sanator
1366 2765 1587 2859 intirmorum,
1614 2789 1679 2838 ac-

310 2883 427 2976 cepisti
455 2902 639 2972 coronam3
666 2904 729 2956 ora
755 2892 788 2954 et
813 2903 955 2978 precare
982 2902 1044 2977 pro
1070 2879 1181 2971 nohis,
1208 2880 1375 2956 Christum
1401 2893 1437 2957 ut
1462 2884 1573 2957 salvet
1598 2886 1678 2957 aui-

310 3019 382 3070 mas
408 3004 554 3085 nostras,
580 3019 643 3092 per
668 2995 905 3070 multitudinem
931 2996 1139 3087 clementiae,
1164 3001 1306 3072 nominis
1333 3003 1384 3072 sui
1410 3003 1526 3074 sancti.

377 3093 382 3104 ⁸
414 3112 597 3184 Sacerdos.
650 3115 725 3186 Pax
751 3113 849 3188 vohis
876 3112 1039 3186 omnihus.

417 3227 510 3299 Taac
535 3232 662 3321 repetit
687 3233 877 3301 orationem
903 3251 991 3324 qaae
1017 3252 1123 3322 capra
1148 3229 1324 3325 descripta
1349 3237 1408 3303 est.
1440 3234 1535 3306 Deus
1561 3240 1678 3306 noster

310 3346 344 3416 in
370 3353 552 3433 aeternum,
578 3354 642 3417 eto.

413 3458 588 3533 Sacerdos
614 3463 777 3534 assistens
809 3466 989 3556 antequam
1013 3460 1147 3555 lapatar
1172 3461 1378 3556 Apostolos,
1412 3465 1487 3538 siva
1517 3463 1678 3557 Epistola

310 3585 356 3648 aa
382 3560 569 3647 Catholicis
594 3577 694 3649 dicet.

413 3690 507 3764 llaec
533 3703 586 3766 est
610 3691 710 3766 lectio
737 3716 784 3765 en
808 3691 958 3789 Epistola
984 3692 1025 3765 N.
1053 3691 1203 3788 discipuli
1236 3705 1270 3767 et
1302 3694 1457 3792 Apostoli
1483 3695 1616 3769 Domini
1642 3705 1677 3768 et

311 3809 489 3884 salvatoris
516 3799 729 3885 noscitesu
756 3809 891 3900 Christi,
918 3813 1025 3883 oratio
1053 3813 1126 3903 ejus
1153 3821 1187 3884 et
1211 3811 1400 3885 benedictio
1428 3814 1472 3886 sit
1491 3811 1675 3887 nobiscum.

311 3925 429 3998 Amen.

412 4041 501 4114 Post
533 4040 712 4113 lectionem
740 4040 940 4114 Catholicae
965 4029 1155 4138 Epistulae,
1180 4045 1361 4118 Dtacoaaa
1386 4047 1487 4119 dicet.

414 4159 551 4231 Fratres
578 4159 642 4230 mei
668 4157 770 4230 nolite
796 4158 935 4251 diligere
960 4160 1133 4252 mundum,
1167 4183 1276 4257 neque
1311 4185 1351 4234 ea
1383 4164 1528 4258 quaein
1553 4160 1676 4234 mundo

311 4284 396 4362 sunt,
423 4275 579 4369 quoniam
605 4277 715 4347 omnia
742 4297 826 4370 quae
858 4284 935 4347 sunt
967 4279 1001 4347 in
1036 4276 1175 4366 mundo,
1207 4281 1477 4374 concupiscentia
1504 4277 1675 4352 oculorum

310 4399 397 4482 sunt,
433 4392 702 4485 concupiscentia
739 4393 866 4481 carris,
906 4403 941 4464 et
974 4392 1127 4465 molestia
1162 4415 1209 4465 ex
1239 4392 1375 4488 opibus:
1409 4417 1496 4491 quac
1526 4417 1594 4468 non
1629 4417 1676 4466 ox

309 4506 415 4578 Patre
437 4505 497 4578 sed
524 4527 569 4576 ex
594 4505 716 4579 mundo
748 4517 838 4579 sunt:
874 4506 1012 4581 mundus
1047 4519 1157 4582 autem
1191 4513 1309 4584 transit
1341 4519 1375 4581 et
1406 4513 1675 4606 concupiscentia

311 4624 400 4714 ejus:
428 4624 484 4716 qui
509 4643 595 4695 vero
622 4619 701 4694 lacit
726 4620 931 4696 voluntatem
956 4623 1033 4714 Dei,
1059 4625 1267 4720 permanehit
1292 4627 1327 4697 in
1353 4639 1534 4701 aeternum.

413 4737 575 4830 Popalae.
628 4736 754 4811 Sancta
780 4737 937 4830 Trinitas,
964 4763 1029 4813 una
1055 4744 1089 4812 in
1115 4742 1299 4816 substantia
1325 4753 1395 4831 tua,
1429 4741 1559 4815 custodi
1585 4764 1677 4816 con-

311 4873 442 4926 sessum
473 4862 637 4941 uostrom,
673 4863 811 4948 propter
845 4865 981 4930 sanctos
1017 4867 1051 4929 et
1082 4858 1209 4932 electos
1248 4858 1427 4955 discipulos
1459 4867 1549 4931 tuos:
1585 4881 1676 4931 con-

312 4967 426 5042 solare
451 4991 513 5043 nos
539 4989 600 5063 per
625 4969 888 5044 misericordiam
915 4981 1016 5063 mam,
1043 4977 1118 5070 quia
1145 4987 1294 5050 sanctum
1319 4988 1372 5052 est
1397 4998 1519 5049 nomen
1544 4986 1644 5048 tuum.
