4686 6060
707 562 747 640 lll
773 561 980 640 LITURGldbl
1007 558 1189 638 GRAECAM
1215 559 1245 636 S.
1258 556 1456 634 otttdbttlt
1700 553 1773 628 333

884 829 983 929 Εὐχή
1007 838 1068 928 τῆς
1092 830 1301 930 ἐλευθερίας.
1824 839 1936 894 3313.

519 1029 740 1108 launomarum
770 1044 817 1100 est
845 1036 942 1101 oratio
975 1035 1181 1098 Absolutiooa'a
1209 1052 1286 1115 quaa
1315 1032 1406 1115 paulo
1442 1038 1512 1094 ante
1543 1027 1773 1095 Confessionem

408 1144 478 1209 idei
507 1144 546 1207 de
574 1141 763 1206 Eucharistia
796 1137 992 1221 pronunciari
1016 1137 1109 1215 solet,
1137 1145 1171 1200 31
1197 1138 1227 1200 13
1249 1137 1316 1200 31113
1337 1135 1483 1218 liturgiis
1507 1134 1675 1198 observare
1697 1136 1777 1199 licet.
1816 1179 1819 1190 .

408 1243 497 1308 Nulla
520 1244 557 1305 ad
579 1241 657 1306 banc
679 1248 796 1321 partem
819 1237 926 1302 Graeci
949 1237 1081 1318 Codicis,
1105 1245 1188 1300 extat
1208 1239 1311 1300 versio
1334 1237 1474 1300 Arabica.
1503 1232 1564 1298 Sed
1577 1234 1615 1297 33
1628 1236 1777 1298 sententia

407 1342 530 1408 dubium
552 1359 622 1404 3333
644 1339 757 1402 nullum
784 1345 900 1419 potest,
929 1355 995 1401 oum
1025 1353 1063 1400 eo
1090 1337 1158 1418 ipso
1188 1335 1257 1400 loco
1288 1343 1407 1398 notetur
1437 1336 1467 1396 13
1498 1332 1610 1397 Codice
1639 1333 1778 1416 Coptica,

408 1442 566 1506 dicendam
579 1457 650 1504 esse
662 1439 829 1502 orationem
841 1437 1058 1516 absolutionis,
1082 1435 1137 1499 333
1160 1453 1239 1517 quae
1261 1434 1405 1500 sumenda
1420 1436 1460 1498 sit
1477 1452 1517 1496 ex
1533 1433 1669 1516 liturgia
1683 1433 1779 1497 sancti

407 1541 524 1604 Basilii:
548 1557 626 1622 quae
648 1538 771 1602 divorsa
793 1545 840 1602 est
861 1537 898 1600 ab
921 1555 1058 1618 ecquam
1069 1537 1204 1598 Graecus
1216 1534 1324 1598 Codeta
1338 1534 1778 1616 etCopticusrepraesentant.

410 1641 486 1707 Sunt
508 1638 620 1720 quippe
641 1637 746 1700 variae
768 1638 892 1700 istarum
915 1636 1135 1705 absolutionum
1157 1635 1314 1700 formulae.

469 1771 475 1777 »
497 1739 639 1820 Sequitur
652 1735 813 1803 Confessio
826 1735 896 1799 lidei
912 1736 1031 1816 Corpus
1044 1743 1181 1798 33331333
1194 1742 1225 1798 31
1240 1733 1368 1815 reliqua,
1390 1751 1468 1815 quae
1491 1750 1557 1795 cum
1580 1732 1646 1796 aliis
1659 1732 1778 1797 omnino

412 1839 619 1912 consentiunt;
642 1842 733 1916 atque
748 1834 825 1898 adeo
839 1834 929 1898 nullis
944 1836 1031 1898 novis
1042 1832 1305 1898 observationibus
1325 1833 1471 1918 indigent,
1493 1840 1527 1895 31
1547 1850 1646 1913 neque
1669 1850 1778 1914 preces

411 1939 487 2004 uliae
510 1935 619 2019 quibus
641 1936 718 2000 baec
739 1933 876 2018 liturgia
898 1933 1096 1999 concluditur.

830 2244 1365 2288 -ψ--α

591 2629 673 2746 IN
725 2626 1176 2746 LITURGIAM
1229 2627 1608 2747 baladan

930 2845 1095 2927 illidit
1121 2846 1264 2927 11111111

1020 3034 1041 3098 3
1063 3030 1076 3094 1
1099 3033 1125 3096 v
1147 3033 1172 3097 n

798 3213 1057 3334 stibii
1105 3212 1395 3333 CYRllll

1012 3423 1182 3509 tortu.

511 3625 614 3706 Herus
640 3637 730 3701 officii
759 3655 830 3720 pars
863 3637 958 3720 prima
993 3654 1055 3699 non
1085 3644 1133 3700 est
1162 3635 1325 3718 Anaphora
1358 3638 1484 3719 proprie
1513 3636 1608 3716 dicta,
1642 3637 1697 3702 sed
1726 3655 1778 3700 eas
1854 3692 1860 3706 .
1933 3690 1942 3708 .

414 3743 566 3807 orationes
589 3741 800 3824 complectitur
821 3759 899 3824 quae
923 3741 988 3804 aliis
1002 3738 1145 3821 Liturgiis
1168 3741 1286 3804 servire
1308 3749 1435 3822 possunt
1451 3741 1489 3804 33
1508 3744 1780 3824 praeparationem,

414 3842 676 3924 extenduntnrque
698 3859 796 3922 usque
820 3842 858 3904 33
880 3841 1053 3904 Orationem
1082 3840 1179 3903 osculi
1202 3841 1296 3921 pacis.
1342 3839 1430 3912 0333
1459 3848 1559 3904 autern
1585 3841 1655 3904 huic
1685 3843 1783 3906 3111313

412 3941 597 4022 praemissae
620 3948 707 4017 sunt,
738 3959 775 4004 ca
802 3944 880 4004 ratio
902 3939 989 4004 reddi
1010 3948 1122 4021 potest.
1166 3940 1275 4002 Fuisse
1297 3939 1453 4002 Ecclesiae
1476 3942 1551 4003 ritus
1574 3940 1783 4020 Alexandrini,

369 4039 373 4048 ’
413 4040 573 4120 inquibus
596 4039 663 4103 sola
684 4040 743 4103 ista
758 4038 893 4123 liturgia
916 4049 1125 4120 usurparetur,
1149 4058 1211 4104 non
1234 4039 1312 4102 duae
1334 4039 1450 4102 alterae
1464 4037 1566 4102 Basilii
1589 4047 1620 4102 31
1643 4039 1784 4125 Gregorii

415 4139 577 4221 Theologl:
614 4147 665 4202 aut
693 4158 761 4203 curn
789 4142 821 4203 in
844 4139 956 4204 Codice
980 4129 1257 4221 Cryplaierratcnsi
1297 4139 1372 4202 baec
1398 4139 1486 4203 unica
1513 4143 1719 4222 reperiretur,
1742 4159 1782 4204 na

413 4238 596 4304 Sacerdotes
620 4258 657 4303 33
680 4247 800 4302 3133133
829 4239 867 4302 33
896 4257 1052 4303 sacrorum
1079 4241 1291 4320 mysteriorum
1320 4238 1572 4318 celebrationem,
1595 4239 1654 4302 alio
1678 4241 1784 4303 codice

364 4405 366 4413 ,
417 4355 477 4419 quo
498 4356 608 4419 preces
630 4333 1014 4424 προπαρασκευαστικαί;
1049 4349 1080 4402 31
1107 4338 1183 4401 31133
1208 4337 1438 4400 continebantur
1460 4357 1537 4421 opus
1560 4340 1716 4417 baberent,
1746 4359 1786 4402 ex

412 4437 465 4502 illo
488 4436 643 4514 adjunctas
666 4456 736 4500 3333
743 4459 752 4514 ;
783 4438 864 4518 quod
891 4436 1001 4500 iactum
1032 4439 1230 4502 observamus
1253 4436 1284 4498 in
1307 4437 1420 4518 aliquot
1443 4437 1576 4520 Copticis
1599 4441 1785 4521 exemplari-

413 4536 483 4617 bus,
507 4537 559 4600 ubi
581 4555 640 4600 333
663 4555 703 4599 ex
726 4536 822 4600 tribus
845 4537 910 4601 sola
934 4536 1086 4618 descripta
1109 4544 1175 4600 erat
1190 4536 1335 4619 liturgia.
1380 4535 1494 4599 1311113
1518 4537 1612 4617 prima
1634 4539 1692 4602 1313
1713 4557 1784 4620 pars

414 4638 589 4700 sumebatur
612 4655 652 4700 ex
673 4636 775 4699 basilii
795 4635 948 4720 liturgia,
978 4654 1067 4717 quam
1097 4637 1154 4698 sub
1181 4636 1240 4699 hoo
1268 4636 1354 4700 111313
1378 4635 1487 4700 Graeci
1516 4639 1700 4719 cognovisse
1722 4657 1795 4700 non,

414 4735 570 4811 videntur,
598 4735 654 4798 sed
681 4735 737 4798 sub
763 4733 858 4798 ldarci
889 4735 1025 4814 nornine,
1055 4737 1124 4816 quia
1146 4737 1271 4818 propria
1293 4744 1358 4799 erat
1380 4737 1462 4800 sedis
1484 4736 1720 4814 Alexandrinae,
1747 4737 1784 4799 ab

416 4833 468 4897 illo
490 4833 642 4898 13333133.
686 4833 758 4897 lndc
782 4833 825 4911 lit,
847 4840 881 4895 31
902 4833 1007 4916 plures
1030 4836 1200 4914 orationes,
1231 4853 1308 4917 quae
1330 4835 1362 4896 in
1383 4836 1478 4916 prima
1500 4844 1581 4916 sunt,
1603 4837 1635 4898 in
1657 4838 1714 4900 ista
1736 4836 1786 4898 13-

415 4942 535 5017 gantur.
581 4934 613 4998 Si
642 4934 674 5020 in
696 4933 821 5015 reliquis
852 4949 914 4995 non
941 4941 1082 4996 accurate
1111 4935 1300 5017 respondent
1329 4935 1443 5014 omnia,
1473 4936 1539 4998 sive
1567 4953 1693 5018 preces,
1719 4937 1785 4998 sive

414 5034 501 5114 ritus,
523 5033 630 5096 mirum
654 5051 724 5097 esso
746 5051 807 5096 non
830 5033 930 5112 debet,
955 5050 1021 5093 cunr
1044 5033 1124 5096 circa
1146 5052 1269 5115 preces,
1290 5035 1418 5120 insignis
1441 5043 1473 5099 et
1495 5035 1621 5118 alicujus
1643 5035 1785 5099 momenti

1492 5152 1578 5229 58*
