4670 6034
653 553 750 628 ,Χο
1179 551 1565 630 utssnnrnrto

686 745 817 838 incipit;
832 742 1014 836 desinitque
1030 742 1063 810 in
1078 740 1173 836 pacis
1191 737 1326 810 osculo:
1345 736 1515 811 ulterama
1534 742 1627 834 pacis
1641 739 1757 811 osculo
1773 761 1879 833 usque
1893 740 1934 811 ud
1948 739 2060 833 finem,

686 861 720 929 in
739 856 869 930 Graeca
885 857 992 928 Marci
1007 856 1158 946 Liturgia
1180 825 1344 950 prior‘illa
1357 873 1438 948 pars
1459 856 1540 927 satis
1556 855 1685 947 integra
1706 864 1767 926 εει.
1795 854 1955 939 Quamvis
1972 861 2060 928 enim

685 996 753 1045 non
769 982 924 1044 accurate
939 973 1087 1060 omuino,
1095 992 1204 1066 neque
1218 968 1334 1040 iisdem
1341 967 1456 1041 verbis
1471 978 1505 1041 et
1518 969 1735 1060 orationibus,
1745 993 1819 1041 eam
1829 981 2061 1065 repraesentet

684 1089 792 1162 simile
818 1087 977 1176 officium,
1005 1087 1094 1182 quod
1120 1089 1154 1157 in
1180 1085 1328 1181 Copticis
1363 1083 1515 1157 omnibus
1542 1083 1803 1181 exemplaribus,
1831 1088 1863 1157 ei
1889 1086 2061 1179 Liturgiae

684 1185 773 1299 quae
799 1203 913 1276 Basilii
929 1225 1052 1274 nomen
1075 1201 1188 1292 babet,
1215 1203 1451 1297 praemittitur3
1478 1200 1564 1272 idem
1579 1210 1701 1292 tamen,
1730 1211 1884 1295 quantum
1913 1203 1955 1273 ad
1975 1224 2060 1276 sen-

685 1321 818 1409 tentias,
846 1322 1097 1414 orationumque
1124 1326 1158 1388 et
1183 1322 1303 1389 rituum
1329 1316 1579 1412 dispositionem
1606 1338 1703 1406 esse,
1729 1315 1829 1387 facile
1856 1321 2059 1408 agnoscitur.

683 1433 870 1529 Supererat
895 1457 975 1530 pars
1012 1432 1158 1508 secunda
1191 1436 1225 1504 in
1252 1455 1316 1528 qua
1351 1434 1460 1522 major
1487 1433 1620 1503 omnino
1647 1433 1767 1524 lllaroi,
1795 1442 1828 1504 et
1853 1431 1969 1505 Basilii
1996 1435 2060 1507 Li-

685 1553 869 1642 turgiamm
895 1550 1083 1622 diversitas.
1126 1547 1190 1621 Est
1217 1547 1348 1643 quidem
1373 1567 1441 1618 non
1467 1547 1500 1618 in
1527 1546 1592 1619 illis
1619 1546 1732 1637 modo,
1760 1546 1820 1618 sed
1848 1549 1882 1618 iu
1909 1550 2061 1662 omuibus

682 1669 826 1761 antiquis
854 1666 926 1740 aliis
953 1669 1189 1761 cujuscunque
1216 1663 1368 1757 linguae,
1404 1660 1491 1732 idem
1527 1661 1624 1752 ordo,
1651 1665 1822 1735 orationes
1849 1665 1883 1734 in
1910 1665 2061 1738 eamdem

686 1785 880 1854 sententiam
908 1784 1161 1872 convenientes,
1188 1782 1270 1854 ritus
1298 1775 1435 1868 similes,
1462 1777 1523 1852 sed
1541 1779 1681 1870 insignis
1709 1801 1756 1851 ex
1780 1776 1964 1852 verborum
1990 1803 2060 1856 va-

684 1898 805 1969 rietate
832 1896 1018 1969 diversitas.
1059 1895 1111 1968 Eo
1139 1899 1240 1988 igitur
1266 1879 1458 1985 conjectura
1486 1890 1640 1984 ducebat,
1666 1903 1702 1964 ut
1728 1894 1770 1965 de
1797 1893 1875 1984 illis,
1903 1895 1991 1970 idem
2019 1923 2060 1971 ao

686 2012 728 2083 de
741 2011 877 2108 reliquis
894 2010 1118 2084 Orientalibus
1141 2011 1299 2103 judicium
1320 2009 1479 2100 ferretur,
1507 2031 1565 2082 eas
1588 2010 1715 2082 scilicet
1742 2008 1895 2105 quamuis
1922 2034 1988 2085 non
2015 2037 2061 2087 ex

685 2138 778 2200 certo
806 2126 917 2222 aliquo
945 2128 1062 2199 codice
1090 2124 1222 2198 Graeco
1251 2147 1437 2220 expressae
1462 2125 1587 2217 forent,
1614 2125 1656 2198 ad
1676 2126 1860 2224 simplicem
1887 2130 2061 2224 quamdam

593 2329 598 2340 Ι
684 2253 719 2314 ει
744 2245 928 2339 principem
955 2242 1108 2316 sacrificii
1134 2238 1294 2314 offerendi
1321 2241 1449 2336 legem,
1478 2264 1563 2337 quae
1591 2241 1743 2315 omnibus
1769 2241 1932 2318 Ecclesiis
1960 2269 2060 2318 com-

684 2363 791 2429 munis
817 2357 916 2448 loret,
943 2358 1048 2430 luisse
1074 2360 1279 2429 constitutos.
1314 2353 1357 2428 Ut
1383 2359 1471 2428 enirn
1497 2360 1543 2428 ita
1569 2356 1691 2429 iactum
1719 2381 1797 2431 esse
1823 2361 1914 2430 circa
1941 2359 2058 2434 Litur-

682 2477 759 2565 gias
787 2473 895 2569 Sqras
922 2472 1133 2568 multiplices,
1159 2474 1221 2543 v'ur
1247 2482 1359 2568 potest
1384 2471 1539 2562 dubitari,
1565 2476 1610 2544 ita
1639 2473 1681 2544 de
1707 2472 1813 2546 tribus
1834 2475 2059 2572 Aegyptiacis

683 2599 719 2659 ut
741 2589 956 2680 judicaretur,
984 2591 1172 2684 proximum
1200 2598 1280 2659 erat.
1325 2587 1442 2660 Omnia
1471 2593 1592 2684 quippe
1619 2589 1911 2664 sacramentorum
1939 2593 2059 2687 officia,

685 2708 784 2774 etiam
813 2708 845 2774 in
871 2707 937 2775 ritu
963 2707 1072 2795 magis
1099 2704 1249 2794 diverso,
1277 2702 1384 2798 qualis
1411 2714 1463 2776 est
1482 2705 1718 2797 Occidentalis,
1745 2709 1841 2801 isque
1868 2729 1936 2779 non
1963 2733 2058 2802 unus,

685 2823 870 2893 convenire
897 2830 1024 2892 certum
1051 2829 1115 2908 est,
1143 2822 1176 2890 in
1197 2818 1349 2894 omnibus
1363 2820 1426 2892 illis
1452 2820 1614 2916 partibus,
1642 2845 1729 2917 quae
1756 2823 1955 2897 essentiales
1971 2848 2059 2897 cen-

683 2938 752 3008 seri
780 2935 912 3008 debent.
965 2936 1054 3008 lnter
1082 2932 1197 3009 Officia
1222 2957 1308 3008 vero
1336 2936 1471 3010 diversa
1500 2934 1677 3011 observari
1704 2942 1889 3010 orationum
1916 2939 2060 3035 aliquam

684 3050 991 3140 dissimilitudinem,
1019 3074 1061 3123 eo
1088 3051 1216 3124 lucilius
1244 3051 1375 3142 accidit,
1403 3051 1503 3148 quod,
1529 3062 1566 3123 ut
1592 3075 1637 3124 ex
1651 3052 1777 3126 Basilio
1804 3058 2012 3146 notavimus,
2039 3081 2058 3128 a

683 3165 746 3238 SS.
775 3165 930 3239 Patribus
957 3170 1082 3262 scripto
1101 3167 1217 3238 traditu
1235 3188 1301 3239 non
1317 3166 1459 3240 fueram,
1486 3169 1602 3264 ltaque
1629 3172 1661 3240 in
1680 3171 1762 3242 satis
1778 3169 1910 3264 prolixa
1922 3193 2059 3266 precum

682 3290 716 3351 et
742 3279 958 3376 formularum
985 3285 1086 3372 serie,
1114 3283 1277 3377 quaedum
1303 3285 1459 3374 strictius,
1487 3283 1648 3378 quaedam
1675 3283 1781 3357 lusius
1803 3288 1956 3380 exprimi,
1983 3308 2058 3357 cum

681 3399 845 3468 sententia
873 3419 1007 3493 semper
1033 3407 1126 3471 esset
1158 3397 1297 3489 eadem,
1316 3385 1440 3469 'mirmn
1467 3421 1534 3472 non
1561 3409 1643 3471 erat.
1678 3398 1730 3471 Ne
1758 3409 1868 3472 tumen
1895 3423 2057 3474 successu
2133 3467 2138 3485 ,

682 3518 868 3605 tempomm
902 3522 952 3586 tot
977 3514 1150 3606 liturgiae
1184 3514 1422 3606 scriberentur,
1450 3524 1530 3609 quot
1554 3513 1731 3610 Episcopis
1757 3514 1952 3611 placuisset,
1980 3539 2055 3588 cum

682 3629 716 3695 in
749 3649 846 3698 unam
881 3632 1076 3701 sententiam
1111 3651 1227 3702 omnes
1259 3629 1436 3703 Ecclesiae
1469 3633 1698 3718 convenirent,
1728 3635 1761 3702 in
1789 3631 1941 3723 singulis,
1969 3629 2056 3728 quae

579 3797 586 3802 .
682 3746 792 3833 magis
819 3745 966 3836 insignes
995 3755 1120 3833 essent,
1147 3745 1426 3818 Patriarcbalibus
1453 3748 1667 3841 praesertim,
1694 3767 1865 3817 sacrorum
1892 3745 2066 3850 formulae*

682 3861 881 3931 constitutae
909 3870 995 3950 sunt,
1023 3884 1042 3932 a
1070 3860 1187 3954 quibus
1215 3861 1376 3933 recedere
1404 3885 1470 3934 non
1484 3862 1610 3952 liceret,
1639 3883 1725 3955 quae
1741 3861 2055 3935 indubitatudiver-

681 3991 792 4044 sarum
820 3972 1042 4067 Liturgiamm
1070 3979 1167 4069 origo
1197 3987 1258 4050 est.
1292 3975 1442 4072 Cumque
1455 3983 1520 4050 usui
1544 3986 1764 4050 consecratae
1792 3978 1968 4071 aliquando
1996 3978 2055 4049 l-

681 4098 755 4158 rent
781 4091 814 4159 in
841 4088 1004 4163 Ecclesiis
1031 4095 1200 4164 orationes
1227 4092 1423 4181 nonnullae,
1451 4115 1534 4189 quas
1561 4093 1690 4166 aboleri
1716 4095 1787 4166 siue
1812 4091 1920 4187 plebis
1947 4093 2055 4188 eliqua

679 4202 929 4298 perturbatione
946 4204 1105 4302 Episcopi
1132 4228 1200 4278 non
1226 4201 1330 4302 posse
1354 4208 1569 4298 judicabant,
1597 4208 1736 4280 relictae
1763 4217 1838 4282 sunt
1864 4219 1899 4280 et
1925 4211 2055 4305 scriptis

681 4322 913 4411 consignatae,
941 4331 976 4392 ut
1003 4319 1198 4416 quibusdam
1225 4321 1341 4396 diebus
1367 4335 1617 4420 usurparentur.

392 4467 668 4540 0„„1„„,3„„,
785 4433 909 4506 XXIV.
936 4434 993 4507 Ex
1018 4441 1182 4509 communi
1209 4441 1309 4530 igitur
1335 4437 1391 4511 illo
1419 4462 1587 4514 sacrarum
1604 4442 1790 4512 orationum
1817 4437 1974 4511 thesauro
1989 4437 2056 4509 de-

357 4556 490 4653 primaeva
518 4559 644 4655 compunt
681 4559 832 4645 promtae
869 4561 945 4624 sunt
979 4575 1096 4627 omnes
1134 4576 1241 4650 prope
1274 4555 1368 4646 illae,
1404 4577 1487 4650 quas
1519 4560 1554 4628 in
1579 4557 1684 4631 variis
1712 4575 1918 4649 quacrmrque
1943 4553 2056 4646 lingua

356 4639 668 4791 fflffiffl'ss'
682 4669 814 4760 scriptis
840 4664 1000 4758 Liturgiis
1032 4673 1236 4764 reperimus3
1264 4673 1327 4744 vix
1360 4675 1445 4743 enim
1481 4673 1547 4744 ulla
1573 4681 1626 4744 est
1654 4691 1740 4764 quae
1768 4668 1825 4740 vel
1852 4671 1886 4741 iu
1914 4669 2056 4743 Consti·
2172 4723 2181 4738 .

357 4817 426 4864 runi.
682 4778 862 4854 tutioribus
892 4781 1120 4876 Apostoliois,
1156 4785 1214 4857 vel
1240 4789 1274 4857 in
1299 4785 1434 4877 Busilii,
1462 4787 1707 4884 chrysostomi,
1734 4794 1790 4855 aut
1816 4785 2055 4881 antiquioribus
2087 4847 2090 4852 .

683 4891 804 4967 Jacobi
838 4904 872 4966 et
903 4897 1010 4969 Marci
1042 4898 1202 4992 Liturgiis
1233 4923 1302 4973 non
1329 4911 1453 4994 exstet,
1487 4912 1543 4974 aut
1568 4902 1686 4974 iisdem
1712 4897 1829 4973 verbis
1856 4908 1914 4970 aut
1939 4901 2056 4973 eadem

680 5009 799 5085 saltem
828 5016 999 5086 sententia.
1026 5013 1187 5107 Magnum
1213 5026 1284 5090 toto
1300 5016 1437 5092 Oriente
1463 5018 1578 5093 Basilii
1604 5037 1738 5106 nomen,
1765 5035 1921 5108 magnum
1939 5015 2057 5113 Obry-
