<?xml version="1.0" encoding="UTF-8"?>
<!DOCTYPE html PUBLIC "-//W3C//DTD XHTML 1.0 Transitional//EN"
    "http://www.w3.org/TR/xhtml1/DTD/xhtml1-transitional.dtd">
<html xmlns="http://www.w3.org/1999/xhtml" xml:lang="en" lang="en">
 <head>
  <title>
</title>
<meta http-equiv="Content-Type" content="text/html;charset=utf-8" />
  <meta name='ocr-system' content='tesseract 3.04.00' />
  <meta name='ocr-capabilities' content='ocr_page ocr_carea ocr_par ocr_line ocrx_word'/>
</head>
<body>
  <div class='ocr_page' id='page_1' title='image "./liturgiarumorie03renagoog_0258.png"; bbox 0 0 4684 6042; ppageno 0'>
   <div class='ocr_carea' id='block_1_1' title="bbox 780 585 1688 708">
    <p class='ocr_par' dir='ltr' id='par_1_1' title="bbox 780 569 1688 708">
     <span class='ocr_line' id='line_1_1' title="bbox 780 585 1688 708; baseline 0.011 -45"><span class='ocrx_word' id='word_1_1' title='bbox 780 585 1189 667; x_wconf 75' lang='lat' dir='ltr'><strong>arrianorum</strong></span> <span class='ocrx_word' id='word_1_2' title='bbox 1302 697 1308 708; x_wconf 86' lang='lat'><strong>.</strong></span> <span class='ocrx_word' id='word_1_3' title='bbox 1636 597 1688 674; x_wconf 89' lang='grc' dir='ltr'><strong>οο</strong></span> 
     </span>
    </p>
   </div>
   <div class='ocr_carea' id='block_1_2' title="bbox 283 769 1731 4504">
    <p class='ocr_par' dir='ltr' id='par_1_2' title="bbox 291 769 1688 976">
     <span class='ocr_line' id='line_1_2' title="bbox 347 769 1688 877; baseline 0.004 -29"><span class='ocrx_word' id='word_1_4' title='bbox 347 769 514 868; x_wconf 75' lang='grc' dir='ltr'><strong><em>ΟἾερεύς</em></strong></span> <span class='ocrx_word' id='word_1_5' title='bbox 535 776 623 866; x_wconf 78' lang='grc' dir='ltr'><strong><em>λέγει</em></strong></span> <span class='ocrx_word' id='word_1_6' title='bbox 648 779 705 846; x_wconf 85' lang='grc' dir='ltr'><strong><em>καί</em></strong></span> <span class='ocrx_word' id='word_1_7' title='bbox 726 775 745 848; x_wconf 85' lang='grc' dir='ltr'>ὁ</span> <span class='ocrx_word' id='word_1_8' title='bbox 767 773 849 858; x_wconf 82' lang='grc' dir='ltr'><strong>λαός</strong></span> <span class='ocrx_word' id='word_1_9' title='bbox 875 773 968 851; x_wconf 80' lang='lat' dir='ltr'><strong>oino-</strong></span> <span class='ocrx_word' id='word_1_10' title='bbox 1062 773 1239 849; x_wconf 80' lang='lat' dir='ltr'><strong>Sacerdos</strong></span> <span class='ocrx_word' id='word_1_11' title='bbox 1263 777 1352 849; x_wconf 78' lang='lat' dir='ltr'><strong>dicit</strong></span> <span class='ocrx_word' id='word_1_12' title='bbox 1364 783 1543 873; x_wconf 70' lang='lat' dir='ltr'><strong>aequatio</strong></span> <span class='ocrx_word' id='word_1_13' title='bbox 1561 787 1596 853; x_wconf 85' lang='lat' dir='ltr'><strong>et</strong></span> <span class='ocrx_word' id='word_1_14' title='bbox 1612 805 1688 877; x_wconf 88' lang='lat' dir='ltr'><strong>po-</strong></span> 
     </span>
     <span class='ocr_line' id='line_1_3' title="bbox 291 869 1641 976; baseline 0.005 -26"><span class='ocrx_word' id='word_1_15' title='bbox 291 881 434 972; x_wconf 83' lang='grc' dir='ltr'><strong><em>κρίνεται</em></strong></span> <span class='ocrx_word' id='word_1_16' title='bbox 456 875 495 952; x_wconf 80' lang='grc' dir='ltr'><strong>τὸ</strong></span> <span class='ocrx_word' id='word_1_17' title='bbox 519 869 633 970; x_wconf 84' lang='grc' dir='ltr'><strong><em>Κύριε</em></strong></span> <span class='ocrx_word' id='word_1_18' title='bbox 649 875 802 969; x_wconf 80' lang='grc' dir='ltr'><strong><em>ἐλέησον.</em></strong></span> <span class='ocrx_word' id='word_1_19' title='bbox 1007 875 1109 971; x_wconf 81' lang='lat' dir='ltr'><strong>pulos</strong></span> <span class='ocrx_word' id='word_1_20' title='bbox 1133 881 1326 973; x_wconf 70' lang='lat' dir='ltr'><strong><em>respondet.</em></strong></span> <span class='ocrx_word' id='word_1_21' title='bbox 1368 881 1475 976; x_wconf 75' lang='lat' dir='ltr'><strong>lipia</strong></span> <span class='ocrx_word' id='word_1_22' title='bbox 1502 883 1641 957; x_wconf 88' lang='lat' dir='ltr'><strong>cleison.</strong></span> 
     </span>
    </p>

    <p class='ocr_par' dir='ltr' id='par_1_3' title="bbox 291 973 1687 1174">
     <span class='ocr_line' id='line_1_4' title="bbox 343 973 1687 1075; baseline 0.01 -26"><span class='ocrx_word' id='word_1_23' title='bbox 343 982 395 1050; x_wconf 85' lang='grc' dir='ltr'><strong>Σί</strong></span> <span class='ocrx_word' id='word_1_24' title='bbox 420 973 654 1071; x_wconf 79' lang='grc' dir='ltr'><strong><em>ιίυςωποῦμεν</em></strong></span> <span class='ocrx_word' id='word_1_25' title='bbox 676 981 817 1075; x_wconf 79' lang='grc' dir='ltr'><strong><em>Χριστὲ</em></strong></span> <span class='ocrx_word' id='word_1_26' title='bbox 844 975 971 1062; x_wconf 82' lang='grc' dir='ltr'><strong><em>ὁθεὸς</em></strong></span> <span class='ocrx_word' id='word_1_27' title='bbox 1064 977 1117 1050; x_wconf 82' lang='lat' dir='ltr'><strong>re</strong></span> <span class='ocrx_word' id='word_1_28' title='bbox 1159 981 1376 1056; x_wconf 80' lang='lat' dir='ltr'><strong>obsecramus</strong></span> <span class='ocrx_word' id='word_1_29' title='bbox 1422 983 1554 1058; x_wconf 89' lang='lat' dir='ltr'><strong>Christe</strong></span> <span class='ocrx_word' id='word_1_30' title='bbox 1592 987 1687 1063; x_wconf 88' lang='lat' dir='ltr'><strong>Deus</strong></span> 
     </span>
     <span class='ocr_line' id='line_1_5' title="bbox 291 1077 1138 1174; baseline 0 -22"><span class='ocrx_word' id='word_1_31' title='bbox 291 1077 406 1174; x_wconf 75' lang='grc' dir='ltr'><strong><em>ἡμῶν.</em></strong></span> <span class='ocrx_word' id='word_1_32' title='bbox 1012 1090 1138 1154; x_wconf 90' lang='lat' dir='ltr'><strong>noster.</strong></span> 
     </span>
    </p>

    <p class='ocr_par' dir='ltr' id='par_1_4' title="bbox 288 1178 1685 1385">
     <span class='ocr_line' id='line_1_6' title="bbox 348 1178 1685 1281; baseline 0.007 -24"><span class='ocrx_word' id='word_1_33' title='bbox 348 1188 418 1277; x_wconf 84' lang='grc' dir='ltr'><strong>Τῆς</strong></span> <span class='ocrx_word' id='word_1_34' title='bbox 451 1183 635 1278; x_wconf 76' lang='grc' dir='ltr'><strong><em>ἐκκλησίας</em></strong></span> <span class='ocrx_word' id='word_1_35' title='bbox 667 1205 736 1256; x_wconf 89' lang='grc' dir='ltr'><strong><em>σου</em></strong></span> <span class='ocrx_word' id='word_1_36' title='bbox 766 1178 866 1281; x_wconf 84' lang='grc' dir='ltr'><strong><em>κύριε</em></strong></span> <span class='ocrx_word' id='word_1_37' title='bbox 899 1179 967 1278; x_wconf 75' lang='grc' dir='ltr'><strong>τὴν</strong></span> <span class='ocrx_word' id='word_1_38' title='bbox 1061 1181 1238 1258; x_wconf 82' lang='lat' dir='ltr'><strong>Ecclesiae</strong></span> <span class='ocrx_word' id='word_1_39' title='bbox 1273 1197 1350 1260; x_wconf 89' lang='lat' dir='ltr'><strong>tuae</strong></span> <span class='ocrx_word' id='word_1_40' title='bbox 1383 1188 1527 1262; x_wconf 88' lang='lat' dir='ltr'><strong>Domine</strong></span> <span class='ocrx_word' id='word_1_41' title='bbox 1560 1191 1685 1266; x_wconf 88' lang='lat' dir='ltr'><strong>bmda-</strong></span> 
     </span>
     <span class='ocr_line' id='line_1_7' title="bbox 288 1281 1350 1385; baseline 0.002 -27"><span class='ocrx_word' id='word_1_42' title='bbox 288 1283 448 1385; x_wconf 79' lang='grc' dir='ltr'><strong><em>κρηπῖδα</em></strong></span> <span class='ocrx_word' id='word_1_43' title='bbox 463 1281 679 1381; x_wconf 80' lang='grc' dir='ltr'><strong><em>κατάπηξον.</em></strong></span> <span class='ocrx_word' id='word_1_44' title='bbox 1009 1298 1155 1359; x_wconf 89' lang='lat' dir='ltr'><strong>mentum</strong></span> <span class='ocrx_word' id='word_1_45' title='bbox 1181 1287 1350 1362; x_wconf 85' lang='lat' dir='ltr'><strong>confirma.</strong></span> 
     </span>
    </p>

    <p class='ocr_par' dir='ltr' id='par_1_5' title="bbox 288 1384 1684 1586">
     <span class='ocr_line' id='line_1_8' title="bbox 346 1384 1684 1490; baseline 0.006 -28"><span class='ocrx_word' id='word_1_46' title='bbox 346 1393 415 1482; x_wconf 85' lang='grc' dir='ltr'><strong>Τῆς</strong></span> <span class='ocrx_word' id='word_1_47' title='bbox 433 1384 572 1490; x_wconf 77' lang='grc' dir='ltr'><strong><em>ἀγάπης</em></strong></span> <span class='ocrx_word' id='word_1_48' title='bbox 587 1387 677 1482; x_wconf 77' lang='grc' dir='ltr'><em>ἡμῖν</em></span> <span class='ocrx_word' id='word_1_49' title='bbox 700 1385 769 1483; x_wconf 78' lang='grc' dir='ltr'><strong>τὴν</strong></span> <span class='ocrx_word' id='word_1_50' title='bbox 789 1384 966 1484; x_wconf 77' lang='grc' dir='ltr'><strong><em>ὁμόνοιαν</em></strong></span> <span class='ocrx_word' id='word_1_51' title='bbox 1063 1389 1220 1462; x_wconf 79' lang='lat' dir='ltr'><strong>Caritatis</strong></span> <span class='ocrx_word' id='word_1_52' title='bbox 1255 1390 1353 1465; x_wconf 90' lang='lat' dir='ltr'><strong>nobis</strong></span> <span class='ocrx_word' id='word_1_53' title='bbox 1381 1392 1594 1468; x_wconf 85' lang='lat' dir='ltr'><strong>concordiam</strong></span> <span class='ocrx_word' id='word_1_54' title='bbox 1620 1420 1684 1470; x_wconf 87' lang='lat' dir='ltr'><strong>ra-</strong></span> 
     </span>
     <span class='ocr_line' id='line_1_9' title="bbox 288 1489 1277 1586; baseline 0 -22"><span class='ocrx_word' id='word_1_55' title='bbox 288 1489 454 1586; x_wconf 76' lang='grc' dir='ltr'><strong><em>ρίίζωσοα.</em></strong></span> <span class='ocrx_word' id='word_1_56' title='bbox 1009 1489 1127 1564; x_wconf 72' lang='lat' dir='ltr'><strong>(licitus</strong></span> <span class='ocrx_word' id='word_1_57' title='bbox 1153 1496 1277 1565; x_wconf 88' lang='lat' dir='ltr'><strong>insere.</strong></span> 
     </span>
    </p>

    <p class='ocr_par' dir='ltr' id='par_1_6' title="bbox 288 1589 1484 1791">
     <span class='ocr_line' id='line_1_10' title="bbox 346 1589 1484 1691; baseline 0.003 -24"><span class='ocrx_word' id='word_1_58' title='bbox 346 1598 414 1688; x_wconf 84' lang='grc' dir='ltr'><strong>Τῆς</strong></span> <span class='ocrx_word' id='word_1_59' title='bbox 429 1593 578 1676; x_wconf 85' lang='grc' dir='ltr'><strong><em>πίστεως</em></strong></span> <span class='ocrx_word' id='word_1_60' title='bbox 598 1589 667 1688; x_wconf 75' lang='grc' dir='ltr'><strong>τὴν</strong></span> <span class='ocrx_word' id='word_1_61' title='bbox 692 1590 870 1689; x_wconf 78' lang='grc' dir='ltr'><strong><em>ἀλήθειαν</em></strong></span> <span class='ocrx_word' id='word_1_62' title='bbox 891 1593 964 1670; x_wconf 79' lang='grc' dir='ltr'><strong><em>αὕ-</em></strong></span> <span class='ocrx_word' id='word_1_63' title='bbox 1058 1591 1155 1666; x_wconf 85' lang='lat' dir='ltr'><strong>Fidei</strong></span> <span class='ocrx_word' id='word_1_64' title='bbox 1180 1600 1359 1669; x_wconf 79' lang='lat' dir='ltr'><strong>ueritatem</strong></span> <span class='ocrx_word' id='word_1_65' title='bbox 1386 1619 1484 1691; x_wconf 88' lang='lat' dir='ltr'><strong>auge.</strong></span> 
     </span>
     <span class='ocr_line' id='line_1_11' title="bbox 288 1695 497 1791; baseline -0.019 -16"><span class='ocrx_word' id='word_1_66' title='bbox 288 1695 412 1791; x_wconf 76' lang='grc' dir='ltr'><strong><em>ξησον.</em></strong></span> <span class='ocrx_word' id='word_1_67' title='bbox 494 1737 497 1742; x_wconf 92' lang='grc'><em>·</em></span> 
     </span>
    </p>

    <p class='ocr_par' dir='ltr' id='par_1_7' title="bbox 288 1795 1682 1999">
     <span class='ocr_line' id='line_1_12' title="bbox 345 1795 1682 1898; baseline 0.004 -25"><span class='ocrx_word' id='word_1_68' title='bbox 345 1805 414 1894; x_wconf 82' lang='grc' dir='ltr'><strong>Τῆς</strong></span> <span class='ocrx_word' id='word_1_69' title='bbox 430 1805 492 1898; x_wconf 85' lang='grc' dir='ltr'><strong>σῆς</strong></span> <span class='ocrx_word' id='word_1_70' title='bbox 506 1795 681 1896; x_wconf 79' lang='grc' dir='ltr'><strong><em>εὐσεβείας</em></strong></span> <span class='ocrx_word' id='word_1_71' title='bbox 693 1797 783 1894; x_wconf 78' lang='grc' dir='ltr'><em>ἡμῖν</em></span> <span class='ocrx_word' id='word_1_72' title='bbox 795 1795 963 1895; x_wconf 78' lang='grc' dir='ltr'>τὴνὸδὸν</span> <span class='ocrx_word' id='word_1_73' title='bbox 1057 1797 1109 1870; x_wconf 84' lang='grc' dir='ltr'><strong>Ρίί</strong></span> <span class='ocrx_word' id='word_1_74' title='bbox 1134 1803 1181 1872; x_wconf 87' lang='lat' dir='ltr'><strong>tui</strong></span> <span class='ocrx_word' id='word_1_75' title='bbox 1208 1800 1314 1875; x_wconf 89' lang='lat' dir='ltr'><strong>cultus</strong></span> <span class='ocrx_word' id='word_1_76' title='bbox 1330 1805 1421 1875; x_wconf 62' lang='lat' dir='ltr'><strong>mam</strong></span> <span class='ocrx_word' id='word_1_77' title='bbox 1440 1813 1567 1877; x_wconf 87' lang='lat' dir='ltr'><strong>rectum</strong></span> <span class='ocrx_word' id='word_1_78' title='bbox 1584 1805 1682 1879; x_wconf 88' lang='lat' dir='ltr'><strong>nohis</strong></span> 
     </span>
     <span class='ocr_line' id='line_1_13' title="bbox 288 1895 1123 1999; baseline -0.002 -25"><span class='ocrx_word' id='word_1_79' title='bbox 288 1895 554 1999; x_wconf 67' lang='grc' dir='ltr'><strong><em>εὐθυτόμησον.</em></strong></span> <span class='ocrx_word' id='word_1_80' title='bbox 1005 1901 1123 1993; x_wconf 85' lang='lat' dir='ltr'><strong>dirige.</strong></span> 
     </span>
    </p>

    <p class='ocr_par' dir='ltr' id='par_1_8' title="bbox 345 2001 1381 2105">
     <span class='ocr_line' id='line_1_14' title="bbox 345 2001 1381 2105; baseline -0.002 -26"><span class='ocrx_word' id='word_1_81' title='bbox 345 2002 437 2089; x_wconf 81' lang='grc' dir='ltr'><strong>Τοῦς</strong></span> <span class='ocrx_word' id='word_1_82' title='bbox 452 2001 837 2105; x_wconf 62' lang='grc' dir='ltr'><strong><em>ποιμεααςόχύριοσον.</em></strong></span> <span class='ocrx_word' id='word_1_83' title='bbox 1059 2003 1219 2078; x_wconf 88' lang='lat' dir='ltr'><strong>Pastores</strong></span> <span class='ocrx_word' id='word_1_84' title='bbox 1245 2006 1381 2080; x_wconf 90' lang='lat' dir='ltr'><strong>robora.</strong></span> 
     </span>
    </p>

    <p class='ocr_par' dir='ltr' id='par_1_9' title="bbox 287 2103 1681 2286">
     <span class='ocr_line' id='line_1_15' title="bbox 345 2103 1681 2207; baseline 0.002 -26"><span class='ocrx_word' id='word_1_85' title='bbox 345 2104 436 2192; x_wconf 82' lang='grc' dir='ltr'><strong>Τούς</strong></span> <span class='ocrx_word' id='word_1_86' title='bbox 484 2112 789 2203; x_wconf 67' lang='grc' dir='ltr'><strong><em>ποιμαινομεαοος</em></strong></span> <span class='ocrx_word' id='word_1_87' title='bbox 839 2103 965 2207; x_wconf 86' lang='grc' dir='ltr'><strong><em>οίσφιί-</em></strong></span> <span class='ocrx_word' id='word_1_88' title='bbox 1059 2104 1131 2180; x_wconf 87' lang='lat' dir='ltr'><strong>Eos</strong></span> <span class='ocrx_word' id='word_1_89' title='bbox 1146 2113 1403 2204; x_wconf 79' lang='lat' dir='ltr'><strong>quipascuntur‚</strong></span> <span class='ocrx_word' id='word_1_90' title='bbox 1421 2131 1561 2184; x_wconf 85' lang='lat' dir='ltr'><strong>securos</strong></span> <span class='ocrx_word' id='word_1_91' title='bbox 1573 2132 1681 2206; x_wconf 88' lang='lat' dir='ltr'><strong>prae-</strong></span> 
     </span>
     <span class='ocr_line' id='line_1_16' title="bbox 287 2213 1071 2286; baseline -0.004 -2"><span class='ocrx_word' id='word_1_92' title='bbox 287 2213 395 2286; x_wconf 91' lang='grc' dir='ltr'><strong><em>λισαι.</em></strong></span> <span class='ocrx_word' id='word_1_93' title='bbox 1008 2219 1071 2282; x_wconf 85' lang='lat' dir='ltr'><strong>stu.</strong></span> 
     </span>
    </p>

    <p class='ocr_par' dir='ltr' id='par_1_10' title="bbox 340 2309 1643 2411">
     <span class='ocr_line' id='line_1_17' title="bbox 340 2309 1643 2411; baseline 0.001 -24"><span class='ocrx_word' id='word_1_94' title='bbox 340 2311 479 2408; x_wconf 83' lang='grc' dir='ltr'><strong>Δὸςτῴ</strong></span> <span class='ocrx_word' id='word_1_95' title='bbox 496 2309 619 2411; x_wconf 81' lang='grc' dir='ltr'><strong><em>κλήρῳ</em></strong></span> <span class='ocrx_word' id='word_1_96' title='bbox 635 2309 929 2408; x_wconf 74' lang='grc' dir='ltr'><strong><em>τηκεύκοσμίαα.</em></strong></span> <span class='ocrx_word' id='word_1_97' title='bbox 1060 2311 1115 2382; x_wconf 85' lang='lat' dir='ltr'><strong>Da</strong></span> <span class='ocrx_word' id='word_1_98' title='bbox 1143 2310 1244 2385; x_wconf 89' lang='lat' dir='ltr'><strong>Clero</strong></span> <span class='ocrx_word' id='word_1_99' title='bbox 1271 2335 1400 2385; x_wconf 90' lang='lat' dir='ltr'><strong>morum</strong></span> <span class='ocrx_word' id='word_1_100' title='bbox 1425 2313 1643 2404; x_wconf 75' lang='lat' dir='ltr'><strong>honestatem,</strong></span> 
     </span>
    </p>

    <p class='ocr_par' dir='ltr' id='par_1_11' title="bbox 343 2413 1526 2516">
     <span class='ocr_line' id='line_1_18' title="bbox 343 2413 1526 2516; baseline -0.002 -26"><span class='ocrx_word' id='word_1_101' title='bbox 343 2423 424 2499; x_wconf 85' lang='grc' dir='ltr'><em>Τοῖς</em></span> <span class='ocrx_word' id='word_1_102' title='bbox 439 2414 692 2512; x_wconf 77' lang='grc' dir='ltr'><strong><em>μοναχοῖςτήκ</em></strong></span> <span class='ocrx_word' id='word_1_103' title='bbox 705 2414 921 2516; x_wconf 71' lang='grc' dir='ltr'><strong><em>ἐγκράτειαν.</em></strong></span> <span class='ocrx_word' id='word_1_104' title='bbox 1058 2413 1235 2489; x_wconf 86' lang='lat' dir='ltr'><strong>Monachis</strong></span> <span class='ocrx_word' id='word_1_105' title='bbox 1265 2419 1526 2511; x_wconf 79' lang='lat' dir='ltr'><strong>temperantiam,</strong></span> 
     </span>
    </p>

    <p class='ocr_par' dir='ltr' id='par_1_12' title="bbox 343 2517 1682 2620">
     <span class='ocr_line' id='line_1_19' title="bbox 343 2517 1682 2620; baseline 0 -28"><span class='ocrx_word' id='word_1_106' title='bbox 343 2525 425 2602; x_wconf 87' lang='grc' dir='ltr'><em>Τοῖς</em></span> <span class='ocrx_word' id='word_1_107' title='bbox 439 2523 478 2593; x_wconf 76' lang='grc' dir='ltr'><strong>ἐν</strong></span> <span class='ocrx_word' id='word_1_108' title='bbox 494 2518 676 2618; x_wconf 80' lang='grc' dir='ltr'><strong><em>παρθενίᾳ</em></strong></span> <span class='ocrx_word' id='word_1_109' title='bbox 693 2517 736 2592; x_wconf 83' lang='grc' dir='ltr'><strong>τὸ</strong></span> <span class='ocrx_word' id='word_1_110' title='bbox 749 2529 962 2620; x_wconf 78' lang='grc' dir='ltr'><strong><em>σωφρονεῖν.</em></strong></span> <span class='ocrx_word' id='word_1_111' title='bbox 1059 2517 1127 2589; x_wconf 93' lang='lat' dir='ltr'><strong>lllis</strong></span> <span class='ocrx_word' id='word_1_112' title='bbox 1170 2521 1225 2612; x_wconf 92' lang='lat' dir='ltr'><strong>qui</strong></span> <span class='ocrx_word' id='word_1_113' title='bbox 1256 2522 1482 2610; x_wconf 85' lang='lat' dir='ltr'><strong>virginitatem</strong></span> <span class='ocrx_word' id='word_1_114' title='bbox 1524 2529 1682 2614; x_wconf 80' lang='lat' dir='ltr'><strong>servant,</strong></span> 
     </span>
    </p>

    <p class='ocr_par' dir='ltr' id='par_1_13' title="bbox 1006 2623 1271 2715">
     <span class='ocr_line' id='line_1_20' title="bbox 1006 2623 1271 2715; baseline 0.004 -24"><span class='ocrx_word' id='word_1_115' title='bbox 1006 2623 1271 2715; x_wconf 66' lang='lat' dir='ltr'><strong>temperantiam,</strong></span> 
     </span>
    </p>

    <p class='ocr_par' dir='ltr' id='par_1_14' title="bbox 287 2719 1682 2916">
     <span class='ocr_line' id='line_1_21' title="bbox 344 2719 1682 2824; baseline -0.001 -27"><span class='ocrx_word' id='word_1_116' title='bbox 344 2730 424 2808; x_wconf 85' lang='grc' dir='ltr'><em>Τοῖς</em></span> <span class='ocrx_word' id='word_1_117' title='bbox 450 2727 489 2798; x_wconf 78' lang='grc' dir='ltr'><strong>ἐν</strong></span> <span class='ocrx_word' id='word_1_118' title='bbox 514 2729 636 2820; x_wconf 74' lang='grc' dir='ltr'><strong><em>σεμνῷ</em></strong></span> <span class='ocrx_word' id='word_1_119' title='bbox 659 2719 770 2824; x_wconf 78' lang='grc' dir='ltr'><em>γάμῳ</em></span> <span class='ocrx_word' id='word_1_120' title='bbox 801 2722 870 2820; x_wconf 76' lang='grc' dir='ltr'><strong>τὴν</strong></span> <span class='ocrx_word' id='word_1_121' title='bbox 900 2721 962 2799; x_wconf 82' lang='grc' dir='ltr'><strong>εὐ-</strong></span> <span class='ocrx_word' id='word_1_122' title='bbox 1057 2721 1126 2793; x_wconf 88' lang='lat' dir='ltr'><strong>lllis</strong></span> <span class='ocrx_word' id='word_1_123' title='bbox 1156 2727 1211 2817; x_wconf 81' lang='lat' dir='ltr'><strong>qui</strong></span> <span class='ocrx_word' id='word_1_124' title='bbox 1239 2733 1314 2796; x_wconf 90' lang='lat' dir='ltr'><strong>sunt</strong></span> <span class='ocrx_word' id='word_1_125' title='bbox 1332 2725 1366 2794; x_wconf 91' lang='lat' dir='ltr'><strong>in</strong></span> <span class='ocrx_word' id='word_1_126' title='bbox 1387 2721 1576 2798; x_wconf 87' lang='lat' dir='ltr'><strong>honorabili</strong></span> <span class='ocrx_word' id='word_1_127' title='bbox 1592 2747 1682 2796; x_wconf 90' lang='lat' dir='ltr'><strong>con-</strong></span> 
     </span>
     <span class='ocr_line' id='line_1_22' title="bbox 287 2823 1401 2916; baseline -0.005 -14"><span class='ocrx_word' id='word_1_128' title='bbox 287 2823 410 2915; x_wconf 82' lang='grc' dir='ltr'><strong><em>ζαίιακ.</em></strong></span> <span class='ocrx_word' id='word_1_129' title='bbox 1001 2826 1110 2916; x_wconf 78' lang='lat' dir='ltr'><strong>jngm,</strong></span> <span class='ocrx_word' id='word_1_130' title='bbox 1135 2825 1258 2897; x_wconf 92' lang='lat' dir='ltr'><strong>bonam</strong></span> <span class='ocrx_word' id='word_1_131' title='bbox 1284 2828 1401 2916; x_wconf 75' lang='lat' dir='ltr'><strong>vitam,</strong></span> 
     </span>
    </p>

    <p class='ocr_par' dir='ltr' id='par_1_15' title="bbox 343 2927 1682 3026">
     <span class='ocr_line' id='line_1_23' title="bbox 343 2927 1682 3026; baseline -0.001 -23"><span class='ocrx_word' id='word_1_132' title='bbox 343 2936 424 3013; x_wconf 89' lang='grc' dir='ltr'><em>Τοῖς</em></span> <span class='ocrx_word' id='word_1_133' title='bbox 441 2932 480 3004; x_wconf 78' lang='grc' dir='ltr'><strong>ἐν</strong></span> <span class='ocrx_word' id='word_1_134' title='bbox 496 2930 667 3026; x_wconf 75' lang='grc' dir='ltr'><strong><em>μετανοίᾳ</em></strong></span> <span class='ocrx_word' id='word_1_135' title='bbox 684 2927 727 3003; x_wconf 81' lang='grc' dir='ltr'><strong>τὸ</strong></span> <span class='ocrx_word' id='word_1_136' title='bbox 745 2929 846 3012; x_wconf 77' lang='grc' dir='ltr'><strong><em>ἔλεος.</em></strong></span> <span class='ocrx_word' id='word_1_137' title='bbox 1056 2927 1125 3001; x_wconf 90' lang='lat' dir='ltr'><strong>lllis</strong></span> <span class='ocrx_word' id='word_1_138' title='bbox 1152 2931 1208 3022; x_wconf 87' lang='lat' dir='ltr'><strong>qui</strong></span> <span class='ocrx_word' id='word_1_139' title='bbox 1225 2931 1258 2998; x_wconf 89' lang='lat' dir='ltr'><strong>in</strong></span> <span class='ocrx_word' id='word_1_140' title='bbox 1273 2932 1477 3023; x_wconf 83' lang='lat' dir='ltr'><strong>poenitentia</strong></span> <span class='ocrx_word' id='word_1_141' title='bbox 1498 2940 1585 3020; x_wconf 73' lang='lat' dir='ltr'><strong>sunt,</strong></span> <span class='ocrx_word' id='word_1_142' title='bbox 1613 2933 1682 3008; x_wconf 89' lang='lat' dir='ltr'><strong>mi-</strong></span> 
     </span>
    </p>

    <p class='ocr_par' dir='ltr' id='par_1_16' title="bbox 1006 3030 1276 3121">
     <span class='ocr_line' id='line_1_24' title="bbox 1006 3030 1276 3121; baseline 0 -20"><span class='ocrx_word' id='word_1_143' title='bbox 1006 3030 1237 3121; x_wconf 77' lang='lat' dir='ltr'><strong>sericordiam,</strong></span> <span class='ocrx_word' id='word_1_144' title='bbox 1272 3061 1276 3070; x_wconf 94' lang='lat'>·</span> 
     </span>
    </p>

    <p class='ocr_par' dir='ltr' id='par_1_17' title="bbox 342 3130 1444 3234">
     <span class='ocr_line' id='line_1_25' title="bbox 342 3130 1444 3234; baseline -0.002 -26"><span class='ocrx_word' id='word_1_145' title='bbox 342 3141 424 3218; x_wconf 88' lang='grc' dir='ltr'><em>Τοῖς</em></span> <span class='ocrx_word' id='word_1_146' title='bbox 436 3139 634 3208; x_wconf 82' lang='grc' dir='ltr'><em>πλουτοῦσι</em></span> <span class='ocrx_word' id='word_1_147' title='bbox 651 3133 720 3230; x_wconf 76' lang='grc' dir='ltr'><strong>τήν</strong></span> <span class='ocrx_word' id='word_1_148' title='bbox 736 3130 960 3234; x_wconf 72' lang='grc' dir='ltr'><strong><em>ἀγαθότητα.</em></strong></span> <span class='ocrx_word' id='word_1_149' title='bbox 1056 3133 1223 3207; x_wconf 89' lang='lat' dir='ltr'><strong>Divitibus</strong></span> <span class='ocrx_word' id='word_1_150' title='bbox 1249 3131 1444 3224; x_wconf 76' lang='lat' dir='ltr'><strong>honitatem,</strong></span> 
     </span>
    </p>

    <p class='ocr_par' dir='ltr' id='par_1_18' title="bbox 342 3235 1525 3338">
     <span class='ocr_line' id='line_1_26' title="bbox 342 3235 1525 3338; baseline 0 -28"><span class='ocrx_word' id='word_1_151' title='bbox 342 3244 422 3321; x_wconf 92' lang='grc' dir='ltr'><em>Τοῖς</em></span> <span class='ocrx_word' id='word_1_152' title='bbox 438 3243 646 3332; x_wconf 69' lang='grc' dir='ltr'><strong><em>πενομελιοις</em></strong></span> <span class='ocrx_word' id='word_1_153' title='bbox 661 3235 730 3333; x_wconf 78' lang='grc' dir='ltr'><strong>τὴν</strong></span> <span class='ocrx_word' id='word_1_154' title='bbox 742 3237 960 3338; x_wconf 75' lang='grc' dir='ltr'><strong><em>ἐπικουρίαν.</em></strong></span> <span class='ocrx_word' id='word_1_155' title='bbox 1056 3236 1283 3328; x_wconf 83' lang='lat' dir='ltr'><strong>indigentibus</strong></span> <span class='ocrx_word' id='word_1_156' title='bbox 1315 3237 1525 3330; x_wconf 82' lang='lat' dir='ltr'><strong>adjutorium,</strong></span> 
     </span>
    </p>

    <p class='ocr_par' dir='ltr' id='par_1_19' title="bbox 342 3335 1456 3438">
     <span class='ocr_line' id='line_1_27' title="bbox 342 3335 1456 3438; baseline -0.004 -24"><span class='ocrx_word' id='word_1_157' title='bbox 342 3347 422 3423; x_wconf 86' lang='grc' dir='ltr'><em>Τοῖς</em></span> <span class='ocrx_word' id='word_1_158' title='bbox 437 3349 595 3436; x_wconf 80' lang='grc' dir='ltr'><em>πτωχοῖς</em></span> <span class='ocrx_word' id='word_1_159' title='bbox 610 3339 676 3437; x_wconf 78' lang='grc' dir='ltr'><strong>τὴν</strong></span> <span class='ocrx_word' id='word_1_160' title='bbox 691 3337 882 3438; x_wconf 69' lang='grc' dir='ltr'><strong><em>βοήθειαν.</em></strong></span> <span class='ocrx_word' id='word_1_161' title='bbox 1054 3335 1262 3434; x_wconf 87' lang='lat' dir='ltr'><strong>Pauperibus</strong></span> <span class='ocrx_word' id='word_1_162' title='bbox 1289 3339 1456 3411; x_wconf 83' lang='lat' dir='ltr'><strong>auxilium.</strong></span> 
     </span>
    </p>

    <p class='ocr_par' dir='ltr' id='par_1_20' title="bbox 342 3440 1495 3542">
     <span class='ocr_line' id='line_1_28' title="bbox 342 3440 1495 3542; baseline -0.003 -26"><span class='ocrx_word' id='word_1_163' title='bbox 342 3442 432 3528; x_wconf 81' lang='grc' dir='ltr'><strong>Τούς</strong></span> <span class='ocrx_word' id='word_1_164' title='bbox 449 3440 653 3542; x_wconf 72' lang='grc' dir='ltr'><strong><em>πρεσβύτας</em></strong></span> <span class='ocrx_word' id='word_1_165' title='bbox 669 3442 882 3541; x_wconf 81' lang='grc' dir='ltr'><strong><em>περίξωσον.</em></strong></span> <span class='ocrx_word' id='word_1_166' title='bbox 1056 3441 1165 3514; x_wconf 85' lang='lat' dir='ltr'><strong>Senes</strong></span> <span class='ocrx_word' id='word_1_167' title='bbox 1191 3441 1318 3512; x_wconf 90' lang='lat' dir='ltr'><strong>robore</strong></span> <span class='ocrx_word' id='word_1_168' title='bbox 1345 3445 1495 3534; x_wconf 86' lang='lat' dir='ltr'><strong>accinge.</strong></span> 
     </span>
    </p>

    <p class='ocr_par' dir='ltr' id='par_1_21' title="bbox 342 3542 1590 3647">
     <span class='ocr_line' id='line_1_29' title="bbox 342 3542 1590 3647; baseline -0.004 -27"><span class='ocrx_word' id='word_1_169' title='bbox 342 3544 545 3630; x_wconf 81' lang='grc' dir='ltr'><strong><em>Τοῦςαίους</em></strong></span> <span class='ocrx_word' id='word_1_170' title='bbox 559 3544 805 3647; x_wconf 81' lang='grc' dir='ltr'><strong><em>σωφρόνισοκ.</em></strong></span> <span class='ocrx_word' id='word_1_171' title='bbox 1056 3542 1206 3614; x_wconf 90' lang='lat' dir='ltr'><strong>Juvenes</strong></span> <span class='ocrx_word' id='word_1_172' title='bbox 1235 3553 1459 3637; x_wconf 86' lang='lat' dir='ltr'><strong>temperantes</strong></span> <span class='ocrx_word' id='word_1_173' title='bbox 1486 3545 1590 3618; x_wconf 86' lang='lat' dir='ltr'><strong>effice.</strong></span> 
     </span>
    </p>

    <p class='ocr_par' dir='ltr' id='par_1_22' title="bbox 341 3642 1411 3746">
     <span class='ocr_line' id='line_1_30' title="bbox 341 3642 1411 3746; baseline 0.001 -30"><span class='ocrx_word' id='word_1_174' title='bbox 341 3648 432 3733; x_wconf 79' lang='grc' dir='ltr'><strong>Τοῦς</strong></span> <span class='ocrx_word' id='word_1_175' title='bbox 448 3648 619 3734; x_wconf 76' lang='grc' dir='ltr'><strong>ἀπίστους</strong></span> <span class='ocrx_word' id='word_1_176' title='bbox 632 3649 857 3746; x_wconf 76' lang='grc' dir='ltr'><strong><em>ἐπίστρεψον.</em></strong></span> <span class='ocrx_word' id='word_1_177' title='bbox 1056 3642 1210 3716; x_wconf 81' lang='lat' dir='ltr'><strong>infideles</strong></span> <span class='ocrx_word' id='word_1_178' title='bbox 1238 3656 1411 3717; x_wconf 76' lang='lat' dir='ltr'><strong>convelle.</strong></span> 
     </span>
    </p>

    <p class='ocr_par' dir='ltr' id='par_1_23' title="bbox 284 3745 1731 4161">
     <span class='ocr_line' id='line_1_31' title="bbox 336 3745 1731 3850; baseline -0.007 -24"><span class='ocrx_word' id='word_1_179' title='bbox 336 3758 490 3828; x_wconf 83' lang='grc' dir='ltr'><strong><em>Παῦσον</em></strong></span> <span class='ocrx_word' id='word_1_180' title='bbox 511 3759 572 3848; x_wconf 84' lang='grc' dir='ltr'><strong>τῆς</strong></span> <span class='ocrx_word' id='word_1_181' title='bbox 598 3753 782 3850; x_wconf 82' lang='grc' dir='ltr'><strong><em>ἐκκλησίας</em></strong></span> <span class='ocrx_word' id='word_1_182' title='bbox 810 3749 855 3826; x_wconf 80' lang='grc' dir='ltr'><strong><em>τοὶ</em></strong></span> <span class='ocrx_word' id='word_1_183' title='bbox 874 3750 959 3845; x_wconf 88' lang='grc' dir='ltr'><strong><em>σχί-</em></strong></span> <span class='ocrx_word' id='word_1_184' title='bbox 1057 3745 1250 3841; x_wconf 83' lang='lat' dir='ltr'><strong>Comprime</strong></span> <span class='ocrx_word' id='word_1_185' title='bbox 1271 3746 1448 3822; x_wconf 89' lang='lat' dir='ltr'><strong>Ecclesiae</strong></span> <span class='ocrx_word' id='word_1_186' title='bbox 1467 3747 1654 3820; x_wconf 90' lang='lat' dir='ltr'><strong>schismata.</strong></span> <span class='ocrx_word' id='word_1_187' title='bbox 1729 3810 1731 3816; x_wconf 89' lang='lat'><strong>.</strong></span> 
     </span>
     <span class='ocr_line' id='line_1_32' title="bbox 284 3879 415 3928; baseline 0 0"><span class='ocrx_word' id='word_1_188' title='bbox 284 3879 308 3928; x_wconf 93' lang='grc' dir='ltr'><strong><em>σ</em></strong></span> <span class='ocrx_word' id='word_1_189' title='bbox 382 3884 415 3928; x_wconf 91' lang='grc' dir='ltr'><strong><em>α.</em></strong></span> 
     </span>
     <span class='ocr_line' id='line_1_33' title="bbox 307 3883 1601 4057; baseline -0.006 -25"><span class='ocrx_word' id='word_1_190' title='bbox 307 3883 425 4032; x_wconf 48' lang='lat' dir='ltr'><strong>uitulo</strong></span> <span class='ocrx_word' id='word_1_191' title='bbox 457 3960 626 4057; x_wconf 66' lang='lat' dir='ltr'><strong>dicebamur</strong></span> <span class='ocrx_word' id='word_1_192' title='bbox 656 3954 863 4033; x_wconf 81' lang='grc' dir='ltr'><strong><em>κατάλοσοκ</em></strong></span> <span class='ocrx_word' id='word_1_193' title='bbox 887 3953 933 4030; x_wconf 84' lang='grc' dir='ltr'><strong><em>τοί</em></strong></span> <span class='ocrx_word' id='word_1_194' title='bbox 1055 3949 1254 4023; x_wconf 88' lang='lat' dir='ltr'><strong>Haereseon</strong></span> <span class='ocrx_word' id='word_1_195' title='bbox 1280 3951 1430 4027; x_wconf 83' lang='lat' dir='ltr'><strong>fremitus</strong></span> <span class='ocrx_word' id='word_1_196' title='bbox 1458 3953 1601 4026; x_wconf 81' lang='lat' dir='ltr'><strong>destrue.</strong></span> 
     </span>
     <span class='ocr_line' id='line_1_34' title="bbox 285 4059 519 4161; baseline -0.009 -2"><span class='ocrx_word' id='word_1_197' title='bbox 285 4059 519 4161; x_wconf 66' lang='grc' dir='ltr'><strong><em>φρυάγματα-</em></strong></span> 
     </span>
    </p>

    <p class='ocr_par' dir='ltr' id='par_1_24' title="bbox 283 4172 1679 4380">
     <span class='ocr_line' id='line_1_35' title="bbox 337 4172 1679 4278; baseline -0.006 -24"><span class='ocrx_word' id='word_1_198' title='bbox 337 4179 485 4264; x_wconf 81' lang='grc' dir='ltr'><strong><em>Πάατας</em></strong></span> <span class='ocrx_word' id='word_1_199' title='bbox 510 4181 602 4278; x_wconf 82' lang='grc' dir='ltr'><em>ἡμᾶς</em></span> <span class='ocrx_word' id='word_1_200' title='bbox 618 4179 707 4278; x_wconf 78' lang='grc' dir='ltr'><strong><em>πρὸς</em></strong></span> <span class='ocrx_word' id='word_1_201' title='bbox 725 4178 793 4277; x_wconf 77' lang='grc' dir='ltr'><strong>τήν</strong></span> <span class='ocrx_word' id='word_1_202' title='bbox 815 4185 877 4275; x_wconf 83' lang='grc' dir='ltr'><strong>τῆς</strong></span> <span class='ocrx_word' id='word_1_203' title='bbox 896 4183 961 4274; x_wconf 82' lang='grc' dir='ltr'><strong>σῆς</strong></span> <span class='ocrx_word' id='word_1_204' title='bbox 1055 4173 1128 4247; x_wconf 90' lang='lat' dir='ltr'><strong>Nos</strong></span> <span class='ocrx_word' id='word_1_205' title='bbox 1166 4195 1282 4247; x_wconf 88' lang='lat' dir='ltr'><strong>omnes</strong></span> <span class='ocrx_word' id='word_1_206' title='bbox 1323 4173 1366 4246; x_wconf 89' lang='lat' dir='ltr'><strong>ad</strong></span> <span class='ocrx_word' id='word_1_207' title='bbox 1405 4177 1451 4269; x_wconf 93' lang='lat' dir='ltr'><strong>pii</strong></span> <span class='ocrx_word' id='word_1_208' title='bbox 1490 4172 1595 4246; x_wconf 88' lang='lat' dir='ltr'><strong>cultus</strong></span> <span class='ocrx_word' id='word_1_209' title='bbox 1633 4178 1679 4246; x_wconf 90' lang='lat' dir='ltr'><strong>tui</strong></span> 
     </span>
     <span class='ocr_line' id='line_1_36' title="bbox 283 4276 1425 4380; baseline -0.009 -22"><span class='ocrx_word' id='word_1_210' title='bbox 283 4281 459 4378; x_wconf 79' lang='grc' dir='ltr'><strong><em>εὐσεβείας</em></strong></span> <span class='ocrx_word' id='word_1_211' title='bbox 475 4282 652 4379; x_wconf 79' lang='grc' dir='ltr'><strong><em>ὁμόνοιαν</em></strong></span> <span class='ocrx_word' id='word_1_212' title='bbox 668 4280 843 4380; x_wconf 72' lang='grc' dir='ltr'><strong><em>σύναψον.</em></strong></span> <span class='ocrx_word' id='word_1_213' title='bbox 1004 4276 1219 4350; x_wconf 91' lang='lat' dir='ltr'><strong>concordiam</strong></span> <span class='ocrx_word' id='word_1_214' title='bbox 1246 4278 1425 4368; x_wconf 87' lang='lat' dir='ltr'><strong>conjunge.</strong></span> 
     </span>
    </p>

    <p class='ocr_par' dir='ltr' id='par_1_25' title="bbox 330 4401 1516 4504">
     <span class='ocr_line' id='line_1_37' title="bbox 330 4401 1516 4504; baseline -0.002 -23"><span class='ocrx_word' id='word_1_215' title='bbox 330 4408 365 4481; x_wconf 89' lang='lat'><strong>‘0</strong></span> <span class='ocrx_word' id='word_1_216' title='bbox 386 4407 479 4491; x_wconf 85' lang='grc' dir='ltr'><strong>Λαός</strong></span> <span class='ocrx_word' id='word_1_217' title='bbox 501 4412 599 4501; x_wconf 77' lang='grc' dir='ltr'><strong><em>λέγει.</em></strong></span> <span class='ocrx_word' id='word_1_218' title='bbox 643 4401 756 4502; x_wconf 82' lang='grc' dir='ltr'><strong><em>Κύριε</em></strong></span> <span class='ocrx_word' id='word_1_219' title='bbox 771 4407 924 4500; x_wconf 84' lang='grc' dir='ltr'><strong><em>ε’λεήσον.</em></strong></span> <span class='ocrx_word' id='word_1_220' title='bbox 1055 4408 1218 4502; x_wconf 75' lang='lat' dir='ltr'><strong>Populus.</strong></span> <span class='ocrx_word' id='word_1_221' title='bbox 1244 4408 1351 4504; x_wconf 81' lang='lat' dir='ltr'><strong>Kyrie</strong></span> <span class='ocrx_word' id='word_1_222' title='bbox 1378 4408 1516 4502; x_wconf 84' lang='lat' dir='ltr'><strong>eleison.</strong></span> 
     </span>
    </p>
   </div>
   <div class='ocr_carea' id='block_1_3' title="bbox 200 4625 1680 5139">
    <p class='ocr_par' dir='ltr' id='par_1_26' title="bbox 200 4625 1680 5139">
     <span class='ocr_line' id='line_1_38' title="bbox 285 4625 959 4726; baseline -0.003 -2"><span class='ocrx_word' id='word_1_223' title='bbox 285 4653 339 4724; x_wconf 67' lang='lat' dir='ltr'><strong>ee</strong></span> <span class='ocrx_word' id='word_1_224' title='bbox 363 4631 424 4720; x_wconf 72' lang='lat' dir='ltr'><strong>vis</strong></span> <span class='ocrx_word' id='word_1_225' title='bbox 449 4627 586 4726; x_wconf 62' lang='lat' dir='ltr'><strong>⁶torua·</strong></span> <span class='ocrx_word' id='word_1_226' title='bbox 606 4631 667 4722; x_wconf 69' lang='lat' dir='ltr'><strong>vis</strong></span> <span class='ocrx_word' id='word_1_227' title='bbox 694 4625 809 4726; x_wconf 74' lang='grc' dir='ltr'><strong><em>ααίαο</em></strong></span> <span class='ocrx_word' id='word_1_228' title='bbox 833 4654 959 4723; x_wconf 64' lang='lat' dir='ltr'><strong>norm</strong></span> 
     </span>
     <span class='ocr_line' id='line_1_39' title="bbox 200 4725 1496 4826; baseline 0 -24"><span class='ocrx_word' id='word_1_229' title='bbox 200 4801 207 4810; x_wconf 80' lang='grc'><strong>,</strong></span> <span class='ocrx_word' id='word_1_230' title='bbox 285 4726 589 4824; x_wconf 61' lang='lat' dir='ltr'><strong>carcinomati</strong></span> <span class='ocrx_word' id='word_1_231' title='bbox 622 4725 858 4824; x_wconf 78' lang='grc' dir='ltr'><strong><em>ἀποστολικῆς</em></strong></span> <span class='ocrx_word' id='word_1_232' title='bbox 891 4751 960 4802; x_wconf 89' lang='grc' dir='ltr'><strong><em>σου</em></strong></span> <span class='ocrx_word' id='word_1_233' title='bbox 1152 4809 1159 4824; x_wconf 52' lang='grc'><strong>,</strong></span> <span class='ocrx_word' id='word_1_234' title='bbox 1488 4809 1496 4826; x_wconf 97' lang='lat'><strong>.</strong></span> 
     </span>
     <span class='ocr_line' id='line_1_40' title="bbox 285 4807 1680 4932; baseline -0.005 -47"><span class='ocrx_word' id='word_1_235' title='bbox 285 4831 488 4927; x_wconf 52' lang='lat' dir='ltr'><strong>scalpam,</strong></span> <span class='ocrx_word' id='word_1_236' title='bbox 507 4837 567 4928; x_wconf 70' lang='lat' dir='ltr'><strong>tiis</strong></span> <span class='ocrx_word' id='word_1_237' title='bbox 588 4829 659 4906; x_wconf 64' lang='grc' dir='ltr'><strong>ἀπὸ</strong></span> <span class='ocrx_word' id='word_1_238' title='bbox 682 4827 867 4932; x_wconf 48' lang='grc' dir='ltr'><strong>περάτων,</strong></span> <span class='ocrx_word' id='word_1_239' title='bbox 896 4836 960 4916; x_wconf 61' lang='grc' dir='ltr'><strong>ἕως</strong></span> <span class='ocrx_word' id='word_1_240' title='bbox 1003 4807 1224 4903; x_wconf 86' lang='lat' dir='ltr'><strong>Apostohcae</strong></span> <span class='ocrx_word' id='word_1_241' title='bbox 1254 4816 1331 4879; x_wconf 84' lang='lat' dir='ltr'><strong>tuae</strong></span> <span class='ocrx_word' id='word_1_242' title='bbox 1362 4807 1557 4897; x_wconf 81' lang='lat' dir='ltr'><strong>Ecclesrae‚</strong></span> <span class='ocrx_word' id='word_1_243' title='bbox 1593 4829 1680 4902; x_wconf 91' lang='lat' dir='ltr'><strong>quae</strong></span> 
     </span>
     <span class='ocr_line' id='line_1_41' title="bbox 286 4921 1680 5033; baseline -0.006 -30"><span class='ocrx_word' id='word_1_244' title='bbox 286 4932 452 5033; x_wconf 78' lang='grc' dir='ltr'><strong><em>περάτων</em></strong></span> <span class='ocrx_word' id='word_1_245' title='bbox 475 4943 536 5030; x_wconf 81' lang='grc' dir='ltr'><strong>τῆς</strong></span> <span class='ocrx_word' id='word_1_246' title='bbox 553 4937 780 5032; x_wconf 62' lang='grc' dir='ltr'><strong><em>οἰκουμένης,</em></strong></span> <span class='ocrx_word' id='word_1_247' title='bbox 805 4933 865 5008; x_wconf 76' lang='grc' dir='ltr'><strong>καὶ</strong></span> <span class='ocrx_word' id='word_1_248' title='bbox 885 4939 960 5012; x_wconf 70' lang='grc' dir='ltr'><strong>τῶν</strong></span> <span class='ocrx_word' id='word_1_249' title='bbox 1004 4932 1057 4998; x_wconf 76' lang='lat' dir='ltr'><strong>esi</strong></span> <span class='ocrx_word' id='word_1_250' title='bbox 1083 4948 1103 4996; x_wconf 76' lang='lat' dir='ltr'><strong>a</strong></span> <span class='ocrx_word' id='word_1_251' title='bbox 1130 4923 1248 4996; x_wconf 84' lang='lat' dir='ltr'><strong>finibus</strong></span> <span class='ocrx_word' id='word_1_252' title='bbox 1276 4945 1382 5020; x_wconf 76' lang='lat' dir='ltr'><strong>llSq&#39;lle</strong></span> <span class='ocrx_word' id='word_1_253' title='bbox 1409 4923 1453 4996; x_wconf 75' lang='lat' dir='ltr'><strong>ad</strong></span> <span class='ocrx_word' id='word_1_254' title='bbox 1478 4923 1561 4996; x_wconf 77' lang='lat' dir='ltr'><strong>filies</strong></span> <span class='ocrx_word' id='word_1_255' title='bbox 1589 4921 1680 4995; x_wconf 83' lang='lat' dir='ltr'><strong>Ol&#39;hlS</strong></span> 
     </span>
     <span class='ocr_line' id='line_1_42' title="bbox 286 5035 1680 5139; baseline 0.001 -27"><span class='ocrx_word' id='word_1_256' title='bbox 286 5039 326 5112; x_wconf 74' lang='grc' dir='ltr'><strong>ἐν</strong></span> <span class='ocrx_word' id='word_1_257' title='bbox 360 5035 451 5134; x_wconf 73' lang='grc' dir='ltr'><strong><em>αὐτῇ</em></strong></span> <span class='ocrx_word' id='word_1_258' title='bbox 487 5035 708 5139; x_wconf 78' lang='grc' dir='ltr'><strong><em>ὀρθοίόξωκ</em></strong></span> <span class='ocrx_word' id='word_1_259' title='bbox 742 5035 959 5131; x_wconf 81' lang='grc' dir='ltr'><strong><em>ἐπισκόπων,</em></strong></span> <span class='ocrx_word' id='word_1_260' title='bbox 1003 5049 1180 5114; x_wconf 87' lang='lat' dir='ltr'><strong>eteorum</strong></span> <span class='ocrx_word' id='word_1_261' title='bbox 1207 5041 1323 5134; x_wconf 92' lang='lat' dir='ltr'><strong>quiin</strong></span> <span class='ocrx_word' id='word_1_262' title='bbox 1355 5039 1410 5112; x_wconf 95' lang='lat' dir='ltr'><strong>illa</strong></span> <span class='ocrx_word' id='word_1_263' title='bbox 1443 5049 1519 5116; x_wconf 87' lang='lat' dir='ltr'><strong>sunt</strong></span> <span class='ocrx_word' id='word_1_264' title='bbox 1551 5039 1680 5114; x_wconf 86' lang='lat' dir='ltr'><strong>Ortho—</strong></span> 
     </span>
    </p>
   </div>
   <div class='ocr_carea' id='block_1_4' title="bbox 334 4517 1679 4669">
    <p class='ocr_par' dir='ltr' id='par_1_27' title="bbox 334 4517 1679 4669">
     <span class='ocr_line' id='line_1_43' title="bbox 334 4517 1679 4669; baseline 0.038 -70"><span class='ocrx_word' id='word_1_265' title='bbox 334 4525 368 4600; x_wconf 84' lang='lat'><strong>‘0</strong></span> <span class='ocrx_word' id='word_1_266' title='bbox 388 4525 627 4650; x_wconf 46' lang='lat' dir='ltr'><strong>‘repensabo</strong></span> <span class='ocrx_word' id='word_1_267' title='bbox 672 4517 959 4650; x_wconf 33' lang='lat' dir='ltr'><strong>stillim&amp;</strong></span> <span class='ocrx_word' id='word_1_268' title='bbox 1054 4573 1240 4648; x_wconf 82' lang='lat' dir='ltr'><strong>Sacerdos.</strong></span> <span class='ocrx_word' id='word_1_269' title='bbox 1267 4574 1435 4647; x_wconf 88' lang='lat' dir='ltr'><strong>Memento</strong></span> <span class='ocrx_word' id='word_1_270' title='bbox 1450 4574 1593 4648; x_wconf 90' lang='lat' dir='ltr'><strong>Domine</strong></span> <span class='ocrx_word' id='word_1_271' title='bbox 1610 4596 1679 4669; x_wconf 90' lang='lat' dir='ltr'><strong>pa-</strong></span> 
     </span>
    </p>
   </div>
   <div class='ocr_carea' id='block_1_5' title="bbox 1003 4687 1681 4783">
    <p class='ocr_par' dir='ltr' id='par_1_28' title="bbox 1003 4687 1681 4783">
     <span class='ocr_line' id='line_1_44' title="bbox 1003 4687 1681 4783; baseline 0.001 -22"><span class='ocrx_word' id='word_1_272' title='bbox 1003 4692 1053 4763; x_wconf 88' lang='lat' dir='ltr'><strong>cis</strong></span> <span class='ocrx_word' id='word_1_273' title='bbox 1082 4700 1237 4783; x_wconf 79' lang='lat' dir='ltr'><strong>sanctce,</strong></span> <span class='ocrx_word' id='word_1_274' title='bbox 1272 4694 1380 4780; x_wconf 79' lang='lat' dir='ltr'><strong>unius,</strong></span> <span class='ocrx_word' id='word_1_275' title='bbox 1408 4687 1619 4780; x_wconf 81' lang='lat' dir='ltr'><strong>Catholicae,</strong></span> <span class='ocrx_word' id='word_1_276' title='bbox 1647 4699 1681 4762; x_wconf 93' lang='lat' dir='ltr'><strong>et</strong></span> 
     </span>
    </p>
   </div>
   <div class='ocr_carea' id='block_1_6' title="bbox 839 5405 1101 5718">
    <p class='ocr_par' dir='ltr' id='par_1_29' title="bbox 839 5405 1101 5718">
     <span class='ocr_line' id='line_1_45' title="bbox 839 5405 1101 5550; baseline -0.004 -75"><span class='ocrx_word' id='word_1_277' title='bbox 839 5405 1101 5550; x_wconf 36' lang='lat' dir='ltr'><strong>paldonem</strong></span> 
     </span>
     <span class='ocr_line' id='line_1_46' title="bbox 881 5547 1055 5596; baseline 0 0"><span class='ocrx_word' id='word_1_278' title='bbox 881 5547 1055 5596; x_wconf 70' lang='grc' dir='ltr'><strong>ΟΧΡΟΗΟ</strong></span> 
     </span>
     <span class='ocr_line' id='line_1_47' title="bbox 874 5637 1065 5718; baseline 0.005 -3"><span class='ocrx_word' id='word_1_279' title='bbox 874 5637 1065 5718; x_wconf 53' lang='lat'><strong>“⁰5:⁰⁸⁶</strong></span> 
     </span>
    </p>
   </div>
   <div class='ocr_carea' id='block_1_7' title="bbox 0 0 2347 6036">
    <p class='ocr_par' dir='ltr' id='par_1_30' title="bbox 0 0 2347 6036">
     <span class='ocr_line' id='line_1_48' title="bbox 0 0 2347 6036; baseline 0 0"><span class='ocrx_word' id='word_1_280' title='bbox 0 0 2347 6036; x_wconf 95' lang='lat' dir='ltr'><strong> </strong></span> 
     </span>
    </p>
   </div>
  </div>
 </body>
</html>
