4684 6042
736 718 1177 802 nrvrnunor
1512 729 1645 830 ,ιιι

255 911 454 1008 μέλλοντος,
480 902 541 979 καὶ
561 903 633 1004 τὴν
654 901 858 1032 τριὴμιρον
869 908 930 982 καὶ
972 915 1177 1033 nuntiantia,
1214 924 1247 988 et
1278 915 1462 990 triduanam
1487 919 1646 993 beatam-

255 1009 439 1139 μακαρίαν
466 1006 579 1083 αὐτοῦ
608 1012 647 1083 ἐκ
674 1016 840 1140 νεκρῶν
834 1006 930 1086 οἰνά-
973 1036 1036 1109 que
1064 1018 1137 1107 eJ'us
1165 1039 1185 1087 a
1210 1021 1347 1092 mortuis
1364 1028 1645 1098 resurrectionem

256 1139 386 1189 στασιν
402 1112 691 1242 inplorationem,
717 1112 778 1187 καὶ
797 1111 865 1210 τήν
882 1117 927 1201 εἰς
971 1117 1208 1209 confitentes,’
1198 1121 1356 1196 rncoelos
1369 1147 1501 1219 quoque
1515 1148 1643 1199 ascen-

255 1214 444 1351 οὐρανρδς
451 1214 636 1312 ἀνάληψιν
661 1215 925 1316 ὁμολογοῦμεν,
969 1224 1099 1294 sionem
1112 1222 1323 1314 confitemur,
1341 1235 1496 1322 tuamque
1515 1231 1642 1304 adex-

254 1322 314 1396 καὶ
336 1319 405 1416 τὴν
427 1324 466 1394 ἐκ
490 1317 620 1400 δεξιῶν
648 1343 716 1394 σου
738 1327 805 1395 τοῦ
832 1323 925 1397 θεοῦ
968 1329 1048 1396 teris
1070 1327 1135 1399 Dei
1164 1331 1210 1399 tui
1240 1338 1274 1400 et
1300 1328 1409 1402 Patris
1435 1331 1643 1425 cathedram,

253 1424 315 1500 καὶ
328 1421 461 1520 πατρὸς
477 1420 749 1520 καθέδραν,καὶ
763 1422 831 1520 τὴν
844 1424 927 1500 δαι-
971 1451 1102 1503 necnon
1137 1431 1317 1504 secundum
1343 1444 1377 1504 et
1403 1435 1582 1510 terribilem
1610 1449 1644 1512 et

252 1534 360 1626 τέραν
374 1525 671 1658 καδφρικτὴνκαὶ
686 1526 927 1660 φοβιροὶναύ-
968 1532 1174 1606 tremendmn
1207 1536 1279 1626 ejus
1313 1536 1492 1610 adventum
1524 1563 1639 1637 expa-

251 1640 318 1708 τού
333 1629 869 1729 παρουσίανοίπεκδιχόμενοι,’
850 1627 926 1770 erp
969 1641 1146 1725 ctontes,'
1136 1660 1169 1708 ur
1190 1660 1255 1732 quo
1282 1649 1442 1714 venturus
1470 1653 1523 1714 est
1544 1645 1640 1735 J'udi-

250 1741 371 1832 μιλλει
379 1737 550 1834 ἔρχεσθαι
559 1763 679 1832 νριναι
690 1733 896 1824 ζωνταςκαι
968 1761 1047 1811 care
1072 1742 1171 1814 vivos
1198 1750 1232 1812 et
1257 1752 1407 1817 mortuos
1438 1747 1471 1817 in
1502 1749 1640 1839 J'ustitia,

250 1868 397 1937 νινροος
406 1843 444 1914 ιν
456 1835 679 1934 δικαιοσυνη,
691 1866 751 1912 ναι
742 1836 924 1914 ’ῶποδού-
968 1852 1001 1914 et
1016 1843 1177 1933 reddere,
1193 1855 1256 1916 etc
1278 1845 1372 1937 Tibi,
1390 1847 1533 1921 Domine
1545 1853 1639 1924 Deus

250 1972 321 2019 ναι.
348 1941 535 2068 Σοὶκύριε
551 1971 572 2015 ο
562 1939 714 2026 ‘dade‘
691 1947 796 2037 ημῶν
813 1941 858 2017 τοὶ
875 1941 922 2016 σοὶ
965 1956 1099 2037 noster,
1127 1970 1213 2042 quae
1233 1958 1288 2020 tua
1304 1959 1396 2039 sunt,
1424 1951 1466 2023 de
1487 1955 1549 2026 tuis
1565 1953 1638 2026 ho-

249 2051 385 2122 ἐκτῶν
409 2053 486 2122 σῶν
512 2043 645 2142 δῶρων
666 2042 922 2142 πρσιθὴκαμεν
964 2053 1016 2120 nis
1058 2049 1142 2123 haec
1173 2057 1409 2148 proposuimus
1444 2077 1558 2128 corant
1593 2069 1636 2130 te.

248 2147 405 2226 ἐνώπιόν
419 2175 498 2224 σου.
526 2147 599 2223 Και
614 2145 774 2242 δεόμεθα
787 2149 922 2224 καὶπα-
964 2152 1147 2226 Enimvero
1176 2165 1208 2226 te
1234 2177 1394 2249 rogamus
1421 2168 1455 2229 et
1469 2159 1637 2232 obsecra-

248 2259 478 2353 ρακαλοαμιν
487 2277 526 2327 σε
535 2250 774 2350 φιλανθρωπε
788 2251 920 2351 ἀγαθέ,
963 2279 1057 2346 mus,
1084 2261 1218 2350 generis
1244 2257 1377 2331 humani
1390 2272 1519 2334 amator
1534 2264 1636 2352 hone,

247 2356 499 2438 ἐξαπόστιιλον
521 2356 601 2436 ἐξἶ
585 2356 701 2454 ύιμσυς
721 2363 789 2430 τοι)
813 2356 921 2458 ἁγίου
963 2370 998 2431 ut
1024 2365 1154 2434 emittas
1182 2385 1228 2434 ex
1254 2362 1321 2434 alto
1348 2372 1465 2437 sancto
1492 2375 1567 2455 tuo,¹
1590 2390 1637 2442 ex

246 2487 327 2549 σου,
342 2463 416 2540 δέ’
399 2489 544 2554 ετοιμου
556 2488 829 2586 νατοικητηριου
839 2485 920 2552 σου,
962 2476 1163 2561 praeparato
1190 2464 1378 2538 habitaculo
1406 2479 1482 2558 tuo,
1510 2493 1556 2541 ex
1577 2474 1636 2542 in·-

246 2569 286 2639 ἐκ
322 2573 398 2640 τῶν
407 2560 715 2692 ἀπεριηράπτων
753 2560 918 2656 κόλπων,
962 2570 1218 2664 circumscriptis
1245 2569 1382 2642 sinubus
1411 2575 1493 2661 tuis,
1525 2576 1634 2668 ipsum

245 2665 359 2745 αὑτὸν
374 2666 440 2743 τὸν
456 2667 697 2796 παράκλητον,
715 2665 757 2740 τὸ
776 2675 918 2762 πνεῦμα
961 2669 1181 2760 Paracletum,
1195 2672 1352 2768 Spiritum
1366 2627 1529 2765 veritalis,
1549 2700 1636 2750 san-

245 2779 307 2868 τῆς
329 2769 573 2900 ἀληθείας,
533 2801 598 2846 τον
622 2771 742 2872 ἅγιον,
761 2769 828 2846 τδν
852 2769 917 2847 κύ-
961 2782 1060 2864 ctum,
1085 2776 1283 2866 Dominum,
1309 2777 1636 2869 vivificantem,r
1579 2783 1636 2876 qui

245 2904 341 2975 ριον,
364 2873 431 2951 τδν
452 2871 644 2965 ζωσποιόν,
662 2873 729 2949 τὸν
752 2879 791 2950 ἓν
812 2873 918 2972 νόμω
962 2880 995 2948 in
1021 2877 1134 2970 Lege,
1171 2889 1205 2951 et
1236 2879 1429 2977 ProphetiS,
1465 2893 1498 2953 et
1530 2886 1634 2980 Apo-

244 2978 306 3054 καὶ
326 3007 597 3106 προφηταιςκαι
587 2975 827 3062 ἀποστόλοις
849 2985 919 3054 λα-
962 2980 1056 3054 stolis
1084 2982 1633 3081 locutusest:quruh1queadest‚

245 3088 373 3208 λῆρον,
394 3079 436 3156 τὸ
452 3089 638 3178 πανταχοῦ
651 3080 769 3180 παρδν
790 3081 851 3156 καὶ
872 3111 917 3157 τα
962 3095 997 3156 et
1022 3087 1132 3157 omniu
1159 3084 1283 3181 replet,
1317 3098 1350 3159 et
1383 3099 1541 3184 operatur
1572 3111 1634 3164 sue

243 3184 364 3261 πάντα
387 3190 603 3286 πληροῦν,’
586 3195 791 3287 ινερμοῶντι
811 3215 918 3261 αυτε-
960 3192 1128 3283 potentia,
1153 3211 1221 3261 non
1243 3199 1397 3285 tanquam
1416 3195 1582 3282 minister,
1599 3197 1634 3268 iu

244 3291 411 3380 ξουσίως,
444 3319 488 3365 ου
477 3287 788 3379 διακονικῶς,’
771 3319 815 3390 ιφ
856 3286 917 3375 οἱς
960 3292 1078 3386 quihus
1113 3292 1204 3390 vult,
1240 3295 1533 3367 sanctificationem
1567 3319 1630 3392 pro

243 3391 470 3490 βούλεται
430 3421 496 3469 τον
515 3390 850 3520 ῶγιασμῶνιύδοκίηι
872 3400 917 3490 τῇ
957 3391 1168 3490 heneplacito
1209 3405 1285 3469 tuo:
1324 3398 1468 3493 simplex
1501 3411 1630 3491 natura,

243 3505 300 3593 σῇ,
314 3526 356 3571 το
347 3494 569 3572 απλοῦν
527 3525 595 3593 την
612 3524 740 3597 φασιν,
754 3495 796 3571 ud
820 3501 915 3594 πλη-
957 3499 990 3568 in
1024 3499 1119 3593 plura
1154 3499 1279 3572 divisus
1313 3512 1407 3591 actu,
1444 3500 1629 3575 donorum

241 3606 344 3698 μιρὲς
359 3629 426 3697 την
435 3605 701 3729 ινιρμιιαν,την
713 3607 788 3676 τῶν
801 3601 914 3676 θείων
957 3601 1188 3674 charismatum
1207 3602 1299 3693 fons,
1326 3603 1384 3676 tihi
1399 3605 1628 3678 consubstan-

240 3701 480 3836 χαρισμάτων
496 3703 631 3838 πηγήν·
645 3702 688 3778 τό
707 3729 765 3778 σοι
775 3732 914 3796 ομοου-
957 3704 1058 3794 tialis,
1086 3728 1132 3776 ex
1158 3717 1192 3776 te
1217 3708 1460 3802 procedenS,
1450 3731 1484 3780 rn
1510 3707 1628 3781 throno

240 3827 340 3882 σισν·
353 3806 395 3883 τδ
421 3812 459 3882 ἐκ
473 3815 543 3882 σοῦ
559 3806 851 3906 ι’·κπσρουόμινον,
869 3805 911 3882 ud
954 3811 1053 3898 regni
1084 3812 1129 3880 tui
1165 3819 1274 3882 tecum
1306 3810 1446 3900 sedens,
1484 3821 1518 3882 et
1553 3833 1627 3883 cum

240 3910 458 4009 σύνθρονον
472 3919 533 4016 τῆς
550 3911 732 4010 βασιλείας
754 3935 834 4001 σου,
851 3910 912 3985 καὶ
955 3915 1123 4004 unigenito
1150 3912 1236 3985 Filio
1264 3923 1320 3986 tuo
1333 3916 1478 3987 Domino
1506 3924 1539 3986 et
1552 3915 1626 3987 Deo

239 4021 309 4090 τοῦ
327 4023 546 4115 μονογενοῦς
560 4040 628 4090 σου
643 4017 736 4102 υἱοῦ,
757 4023 824 4090 τοῦ
841 4042 912 4090 κσ-
955 4025 989 4086 et
1014 4014 1199 4088 Servatore
1225 4028 1341 4090 nostro
1369 4018 1451 4090 Jesu
1480 4015 1626 4094 christo.

240 4119 323 4214 ριόυ
344 4147 404 4192 και
395 4117 518 4194 ’θεοῦ
542 4117 602 4192 καὶ
625 4125 783 4248 σωτῆρρς
806 4118 911 4215 ημῶν
953 4117 1074 4190 Emitte
1109 4129 1287 4216 praeterea
1327 4143 1428 4216 super
1466 4143 1548 4210 nos,
1593 4131 1627 4194 et

236 4219 532 4320 ἸησοῦΧριστοιλ
541 4219 761 4320 'hudhe‘
739 4221 911 4355 ημᾶςκαὶ
954 4243 1186 4318 superpones
1214 4235 1248 4296 et
1274 4224 1397 4298 calices
1432 4227 1514 4297 istos
1541 4224 1626 4319 Spi-

238 4322 294 4399 ἒπῖ
309 4352 394 4410 τοις
408 4323 705 4423 ἄρτουςτούτονς,
719 4325 779 4400 καὶ
793 4324 849 4400 ἐπὶ
864 4323 909 4400 τδ
952 4328 1049 4397 ritum
1063 4336 1210 4400 sanctum
1232 4338 1339 4418 tumn,
1366 4335 1401 4399 ut
1416 4350 1477 4399 eos
1493 4331 1623 4403 sancti-

172 4518 176 4528 .
238 4425 392 4562 ηοτήρια
412 4435 538 4520 ταῦτα,
557 4427 599 4503 τὸ
616 4429 758 4526 πνεῦμά
779 4453 847 4504 σον
866 4428 908 4504 τὸ
951 4427 1029 4500 ficet
1055 4438 1088 4500 et
1115 4441 1310 4521 consec1·,et
1342 4441 1496 4526 tanquam
1530 4431 1623 4503 Deus

237 4531 356 4632 ἅγιον,
371 4535 430 4609 ἵνα
444 4562 536 4608 αντα
550 4531 684 4634 αγιάση
697 4561 758 4608 και
748 4533 908 4610 ⁸zelacoi-
951 4535 1182 4629 omnipotenS,
1209 4533 1315 4606 Elaia
1341 4557 1441 4622 occe,
1470 4544 1503 4605 et
1521 4533 1623 4606 faciat

207 4660 294 4740 σῃ,
312 4634 359 4720 ῶς
366 4633 652 4772 παντοδύναμος
662 4635 787 4721 θεόςῧ
782 4641 908 4763 Εκηιῶ-
949 4657 1070 4730 panem
1098 4636 1229 4732 quidem
1256 4658 1388 4733 corpus.

235 4773 307 4826 νιος,
315 4767 375 4813 ναι
381 4766 512 4839 ποιηση
520 4769 585 4816 τον
590 4746 660 4837 μιν
668 4768 781 4842 αρτον
788 4765 905 4836 σωμα

285 4846 441 4932 ὈΛαός.
474 4843 596 4941 Ἀμην.
1001 4843 1162 4936 Populos.
1214 4844 1334 4916 Amen.

434 4993 465 5048 ‘O
478 4993 570 5064 Ἱερῶς
587 4994 709 5062 ἕκοῶνωι-
1116 4999 1254 5057 Sacerdos
1275 4999 1350 5056 eluto
1370 5016 1448 5058 occe.

292 5115 340 5191 Τὸ
358 5115 398 5192 δὲ
412 5115 596 5214 ποτήριον,
606 5115 696 5213 αἷμα
710 5124 771 5213 τῆς
783 5125 904 5216 καινῆς
999 5115 1145 5190 Calicem
1162 5125 1287 5205 autem,
1316 5121 1509 5210 sanguinem
1527 5117 1617 5190 Novi

234 5217 434 5320 διαθήκης,
458 5221 661 5298 αὐτοῦτοῦ
688 5221 818 5324 κυρίου
842 5222 903 5298 καὶ
945 5222 1166 5312 Testamenti,
1192 5224 1296 5318 ipsius
1321 5223 1455 5295 Domini
1481 5234 1514 5294 et
1535 5221 1611 5311 Dei,
