4736 6064
739 1045 888 1143 'lli
951 1051 1354 1148 annotatt
1423 1053 1949 1146 GENERAlEll

1083 1249 1668 1347 smmumnmmmmn

1036 1475 1717 1596 OBSERVATIONES.

793 1817 917 1898 Ounruu
932 1831 1132 1914 liturgiarum
1146 1830 1340 1892 Orientalium
1356 1830 1430 1893 hacc
1453 1831 1558 1911 prima,
1581 1830 1612 1891 in
1633 1830 1755 1912 Europa
1778 1831 1858 1894 edita
1870 1840 1918 1894 est
1930 1833 2062 1896 Aethio-

694 1935 779 2016 pice,
809 1933 923 1998 Romae
953 1952 1031 1998 anno
1054 1933 1241 1996 llDXLVlll.
1270 1943 1300 1996 et
1322 1935 1428 1998 Latine
1452 1951 1530 1996 anno
1552 1936 1699 2014 sequenti.
1746 1933 1819 1998 Cum
1842 1937 1921 1998 enim
1944 1931 2062 2002 vastata

693 2049 751 2113 per
762 2032 900 2094 Galarum
912 2041 943 2096 et
956 2032 1087 2096 Granhei
1098 2033 1304 2096 lluhamedani
1319 2035 1464 2115 Principis
1480 2035 1668 2096 incursiones
1681 2033 1850 2116 Aethiopia,
1874 2035 1903 2096 in
1927 2039 2061 2100 maximis

693 2133 839 2215 angustiis
853 2131 943 2209 soret,
957 2133 1133 2196 sacerdotes
1146 2133 1270 2213 aliquot,
1292 2150 1419 2214 quorum
1438 2133 1620 2215 praecipuus
1635 2139 1699 2194 crat
1714 2134 1832 2209 Petrus,
1855 2135 1942 2197 ahter
1963 2137 2062 2199 dictus

693 2231 907 2312 Terso-Saon,
937 2229 1047 2294 Comos
1077 2233 1143 2294 sire
1170 2231 1425 2307 Archimandrita,
1455 2231 1577 2295 Romam
1607 2241 1770 2310 venerunt,
1800 2241 1833 2294 ut
1862 2233 1956 2296 libros
1984 2236 2062 2298 Novi

693 2331 874 2394 Testamenti
896 2350 950 2394 sua
974 2329 1075 2412 lingua
1098 2331 1301 2406 excuderent,
1331 2349 1370 2392 ne
1399 2333 1535 2413 perirent
1557 2330 1689 2393 lunditus
1712 2333 1741 2392 in
1763 2331 1883 2412 publica
1905 2332 1955 2394 illa
1978 2335 2063 2397 cala-

691 2431 802 2493 mitate.
846 2430 1033 2512 Adjecerunt
1056 2430 1200 2492 Ordinem
1222 2447 1407 2492 communem
1431 2431 1582 2514 liturgiae
1605 2448 1689 2508 suae,
1713 2432 1763 2511 qui
1774 2431 1879 2493 Latine
1895 2449 2062 2496 conversus

692 2538 740 2593 εει
763 2547 779 2590 a
803 2529 898 2592 doctis
921 2529 1033 2611 aliquot
1055 2529 1150 2606 italis,
1175 2548 1234 2610 ope
1259 2531 1431 2592 corumdem
1455 2530 1646 2609 Aethiopum.
1692 2529 1743 2591 lsti
1766 2548 1842 2592 vero
1865 2549 1932 2592 cum
1956 2532 2061 2595 Latine

690 2647 797 2710 parum
819 2630 945 2702 scirent,
975 2628 1062 2690 alteri
1086 2629 1265 2709 Aethiopica
1288 2645 1348 2690 non
1372 2629 1479 2712 magis,
1502 2629 1681 2691 sententiam
1704 2646 1764 2690 non
1787 2649 1909 2711 semper
1931 2633 2062 2693 assecuti

691 2736 770 2791 sunt.
814 2727 887 2790 Erat
917 2736 986 2790 tunc
1017 2747 1130 2791 summa
1151 2725 1270 2790 Eituum
1294 2727 1504 2806 Orientalium,
1535 2728 1686 2808 totiusque
1708 2727 1942 2792 Ecclesiasticac
1965 2730 2062 2792 disci-

691 2827 791 2908 plinae
813 2827 927 2888 veteris
943 2826 1123 2909 ignorantia,
1146 2845 1202 2907 per
1217 2845 1304 2906 quam
1327 2826 1446 2905 iactum,
1470 2836 1502 2888 ut
1524 2828 1611 2888 etiam
1634 2827 1664 2889 in
1687 2829 1829 2890 versione
1852 2847 1912 2892 non
1935 2847 2060 2911 prorsus

691 2923 952 3004 reprehendenda,
975 2933 1172 2990 occurrerent
1194 2924 1331 2988 salebrae
1355 2925 1598 3001 innumerabiles,
1620 2935 1765 3008 superatu
1780 2927 1925 3005 difficiles
1948 2931 2061 2992 nisiex

692 3023 814 3086 aliarum
837 3023 1052 3104 Ecclesiarum,
1076 3024 1299 3087 Alexandrinae
1321 3026 1489 3105 praecipue
1512 3024 1680 3104 disciplina,
1703 3027 1755 3090 lux
1778 3027 1956 3106 allerretur,
1980 3029 2061 3110 quod

690 3139 779 3185 nemo
802 3131 872 3186 tunc
894 3132 1052 3205 praestare
1073 3126 1230 3204 potuisset.
1275 3124 1380 3206 Neque
1403 3125 1480 3186 eninr
1503 3133 1592 3188 notae
1616 3134 1703 3187 erant
1725 3126 1935 3210 Aegyptiacae
1957 3127 2060 3190 Litur-

691 3225 770 3306 giae,
794 3242 871 3304 quae
884 3224 968 3286 istius
982 3223 1079 3288 lontes
1102 3234 1133 3288 et
1156 3225 1304 3306 originem
1327 3223 1530 3301 continebant,
1553 3225 1618 3286 sine
1642 3225 1750 3304 quibus
1763 3234 1862 3288 umen
1878 3228 1917 3288 de
1930 3225 2060 3288 Aethio-

690 3324 758 3404 pica
780 3332 865 3386 recte
884 3324 1012 3405 judicari
1036 3343 1096 3387 non
1118 3331 1248 3405 poterat.
1284 3323 1362 3384 Nihil
1379 3324 1472 3406 igitur
1488 3323 1567 3404 quod
1591 3323 1627 3385 ad
1651 3323 1730 3386 illam
1753 3327 1961 3406 explicandam
1983 3343 2059 3406 per-

690 3423 801 3484 tineret
829 3423 962 3486 versioni
992 3424 1163 3505 adjunctum
1192 3431 1255 3484 est:
1286 3423 1351 3503 ipsa
1382 3422 1530 3502 aliquibus
1560 3424 1589 3483 in
1620 3421 1698 3485 locis
1721 3423 1902 3505 interpolata
1925 3431 1990 3500 εει,
2019 3441 2059 3486 ne

690 3539 847 3584 censuram
869 3521 1048 3586 incurreret.
1092 3522 1291 3603 Aethiopibus
1320 3539 1394 3584 vcro
1423 3521 1504 3583 licuit
1531 3520 1610 3583 illam
1641 3541 1724 3584 suam
1754 3523 1933 3606 Liturgiam,
1964 3531 1996 3584 ut
2027 3527 2056 3584 in

690 3619 852 3684 Codicibus
874 3622 936 3684 suis
959 3623 1098 3700 extabat,
1129 3623 1209 3702 typis
1233 3619 1395 3698 excudere,
1421 3639 1486 3682 cum
1510 3621 1661 3684 levissima
1684 3623 1864 3701 mutatione,
1892 3622 1988 3702 qualis
2011 3629 2058 3684 est

688 3720 799 3783 additio
815 3719 981 3801 particulae
992 3723 1125 3802 Filioque
1139 3719 1334 3802 inSymbolo,
1359 3727 1390 3782 et
1405 3721 1509 3801 paucis
1530 3720 1604 3782 aliis.
1634 3721 1720 3783 Edita
1743 3721 1851 3784 deinde
1875 3721 1929 3783 luit
1952 3720 2057 3783 eadem

689 3820 794 3882 Latina
817 3821 918 3884 versio
942 3821 971 3882 in
994 3819 1178 3884 Bibliotheca
1202 3821 1336 3898 Patrurn,
1360 3823 1414 3883 sed
1438 3821 1551 3901 absque
1575 3820 1634 3882 ulla
1657 3821 1833 3882 mutatione:
1862 3828 2059 3883 accesserunt

690 3919 893 3981 tantummodo
916 3927 1005 3982 notae
1036 3921 1149 4000 aliquot
1172 3920 1321 3982 hominurn
1344 3919 1466 4002 linguae
1479 3920 1677 3999 Aethiopicae
1701 3927 1731 3982 et
1754 3919 1930 4000 disciplinae
1945 3919 2057 3981 Orien-

689 4019 755 4081 talis
778 4037 874 4097 aeque
897 4019 1120 4099 imperitorum,
1152 4021 1230 4082 unde
1253 4019 1351 4082 nullus
1374 4037 1470 4101 prope
1490 4019 1528 4081 ad
1543 4019 1707 4081 Ecclesiam
1724 4017 1906 4082 Catholicam
1928 4017 2055 4097 frustm,

689 4117 740 4196 qui
762 4123 860 4178 tamen
883 4134 944 4179 non
975 4119 1104 4200 exiguus
1132 4139 1172 4180 cx
1203 4137 1240 4182 ea
1269 4118 1405 4199 biturgia
1428 4120 1496 4198 capi
1525 4126 1663 4200 poterat,
1691 4119 1874 4200 pervenerit.
1922 4117 2055 4180 Criticen

687 4217 717 4278 in
740 4235 775 4278 ea
798 4233 881 4278 suam
905 4215 1028 4280 llivetus
1051 4220 1204 4295 exercuit,
1233 4235 1358 4299 prorsus
1382 4218 1526 4298 ineptam:
1549 4217 1723 4280 Albertinus
1747 4216 1870 4280 sormam
1894 4220 2055 4282 verborum

688 4312 797 4378 Christi
820 4332 898 4396 quae
921 4318 951 4376 in
974 4335 1010 4378 ea
1033 4316 1159 4398 legitur,
1192 4327 1328 4398 tanquam
1358 4325 1564 4399 argumentum
1587 4333 1648 4398 quo
1665 4315 1811 4380 Catholici
1829 4318 2053 4399 jugularentur,

686 4417 818 4496 arripuit.
865 4414 996 4478 Tandem
1019 4419 1048 4479 in
1072 4417 1186 4480 celebri
1208 4418 1409 4499 disputatione
1433 4415 1470 4478 de
1492 4426 1640 4498 perpetuo
1656 4415 1813 4479 Ecclesiae
1835 4418 1914 4481 circa
1931 4417 2054 4482 Eucha-

685 4513 788 4576 ristiae
811 4513 898 4576 fidem
921 4533 1084 4594 consensu,
1107 4527 1251 4599 excerpta
1275 4537 1314 4580 cx
1330 4516 1453 4579 Conone
1474 4517 1610 4598 generali
1634 4524 1665 4578 ct
1687 4516 1751 4577 aliis
1768 4515 1911 4597 liturgiis
1924 4518 2055 4580 Aethio-

686 4613 761 4692 picis
791 4613 902 4676 inserta
933 4623 1018 4690 sunt,
1047 4616 1085 4678 de
1113 4616 1220 4697 quibus
1249 4617 1446 4698 triumphator
1476 4617 1526 4680 ille
1557 4618 1697 4681 Claudius
1726 4618 1851 4680 verbum
1880 4637 1941 4681 non
1972 4617 2053 4680 lecit.

686 4709 910 4790 Expectabatur
932 4734 950 4777 a
972 4715 1039 4777 viro
1062 4715 1241 4797 Aethiopica
1263 4719 1449 4791 doctissimo,
1473 4719 1599 4800 ejusque
1622 4719 1743 4801 linguae
1766 4735 1822 4798 per
1844 4737 1938 4780 aranos
1960 4735 2055 4780 sexa-

687 4811 768 4890 ginta
792 4811 970 4893 etamplius
993 4814 1110 4878 cultore
1122 4815 1276 4879 indefesso
1289 4817 1368 4880 Jobo
1388 4817 1526 4896 Ludolio,
1550 4817 1709 4902 singularis
1733 4818 1830 4898 aliqua
1853 4817 2053 4901 Liturgiarurn

687 4907 803 4970 illarum
826 4912 943 4973 notitia:
968 4931 1071 4975 verum
1094 4913 1165 4976 nihil
1189 4915 1240 4977 ille
1254 4917 1350 4979 minus
1364 4919 1521 4999 praestitit.
1556 4918 1621 4980 Duo
1637 4919 1912 4998 enimquaetamen
1927 4917 2053 4978 maxime

686 5009 859 5071 necessaria
884 5019 968 5072 crant
990 5011 1031 5072 illi
1054 5012 1231 5076 defuerunt:
1256 5016 1333 5078 bona
1357 5016 1442 5096 hales,
1465 5026 1497 5080 et
1518 5036 1620 5082 rerum
1636 5018 1915 5082 Ecclesiasticarum
1931 5016 2052 5097 peritia.
