4778 6034
395 581 445 660 DE
457 581 714 660 LIEERGIARUM
725 579 979 658 otuurrtrtttr
993 577 1142 657 ortuum
1156 579 1204 656 El
1218 576 1466 657 AETORITATE.
1514 573 1629 648 mr

267 769 496 871 probahdihns
528 769 660 865 quidem
690 769 890 860 conJectrrris
920 769 1036 840 uocari
1068 743 1116 843 ἱιιΙ
1137 768 1398 840 conhorrersiam
1433 765 1555 862 possit,
1581 766 1628 837 ita

267 899 321 963 est
346 886 600 981 antiquissimus.
632 883 718 957 Nan
751 881 992 981 chrysostomo
1027 884 1101 956 solo
1137 891 1235 972 teste,
1268 879 1357 954 nulla
1381 902 1488 978 prope
1515 903 1628 952 eurum

267 1001 439 1094 bitnrgiao
464 1004 618 1098 partium,
642 1003 676 1072 irr
703 999 819 1096 quibus
845 1001 944 1073 Actio
972 1021 1070 1073 sacru
1095 1001 1292 1088 continetur,
1318 1019 1385 1069 non
1411 994 1627 1070 observaba-

269 1127 320 1190 tur
357 1120 391 1188 in
433 1113 796 1212 Constantinopolitano
820 1114 985 1206 Ecclesia,
1018 1137 1092 1186 cum
1126 1115 1199 1186 illas
1231 1116 1266 1186 irr
1296 1112 1448 1186 Homiliis
1482 1112 1525 1184 ad
1555 1135 1626 1209 por-

269 1231 380 1329 pulum
418 1231 609 1327 frequenter
649 1234 803 1321 insinuet,
841 1241 878 1302 ut
913 1231 1030 1326 reliqui
1061 1230 1236 1303 Ecclesiae
1275 1229 1429 1302 doctores
1462 1251 1627 1325 persaepe

268 1349 403 1422 iaciunt

376 1464 473 1551 Quod
498 1485 583 1537 vero
610 1473 679 1536 tres
705 1467 828 1561 primas
855 1465 1027 1559 opiniones
1061 1471 1209 1559 spectet,
1241 1461 1285 1534 de
1318 1461 1382 1534 illis
1408 1463 1452 1532 itu
1479 1483 1624 1533 censue-
1657 1447 1723 1550 ΟΨ
1741 1449 1878 1552 ἅθᾸΨΜ
1899 1451 1946 1506 ll·

271 1590 346 1652 rnnt
365 1575 555 1652 'doctissimi
567 1578 741 1673 Theologi.
768 1578 1078 1672 tambituungiam
1105 1577 1194 1674 quod
1209 1581 1341 1668 attinet,
1373 1579 1437 1649 etsi
1464 1580 1627 1650 communi
1638 1539 1948 1605 ω’μωῃωῃωω·

271 1697 476 1770 Graecorum
504 1692 699 1786 baddone,
726 1696 856 1785 Procli,
882 1698 970 1766 sexti
997 1693 1135 1768 Concilii
1170 1703 1205 1765 et
1234 1697 1377 1766 omnium
1409 1692 1539 1764 tandem
1565 1715 1628 1764 rc-

271 1815 455 1884 cenh'orum
481 1814 675 1886 testimoniis
701 1810 927 1900 confir-metm,
962 1814 1116 1906 scriptam
1153 1831 1231 1882 essa
1258 1831 1278 1880 o
1303 1806 1453 1897 Jacobo,
1479 1807 1557 1881 nihil
1582 1831 1629 1880 ex

272 1931 311 2000 iis
344 1926 503 2000 efficitur:
537 1950 611 1998 curn
645 1929 768 2020 exigua
809 1929 852 1999 sit
893 1929 926 1997 in
964 1926 1064 2000 rebus
1106 1923 1237 1998 Criticis
1269 1928 1396 2021 primae
1429 1927 1627 2020 antiquitatis

273 2043 434 2136 cjrrsmodi
459 2045 589 2114 testium
615 2044 782 2116 autoritas.
822 2043 946 2115 Omnes
979 2043 1024 2115 illi
1059 2053 1093 2114 et
1126 2063 1210 2137 quos
1236 2025 1359 2134 magno
1386 2063 1523 2112 numeru
1550 2045 1631 2114 citat

272 2161 434 2248 Alebus,
459 2158 631 2250 Procluru,
665 2158 707 2231 dc
740 2181 806 2254 quo
832 2179 899 2230 nun
925 2162 1004 2230 satis
1039 2158 1246 2254 exploratrmr
1274 2167 1337 2247 est,
1363 2160 1629 2253 exscripserunt:

274 2297 334 2350 eos
362 2273 484 2347 Gracci
511 2277 715 2350 recentiores
750 2277 856 2348 secuti
889 2284 975 2364 sunt,
1002 2296 1043 2346 eo
1065 2276 1189 2366 magis,
1222 2272 1310 2369 quod
1336 2295 1382 2344 ex
1406 2272 1571 2369 Dionysio
1597 2281 1632 2346 ct

275 2389 487 2466 clementinis
514 2387 808 2464 constitutionibus
834 2389 916 2478 tolli,
943 2393 972 2464 si
998 2389 1074 2486 quid
1100 2387 1297 2462 difficultatis
1323 2397 1426 2478 esset,
1452 2391 1630 2462 existima-

273 2517 401 2581 vemnt
429 2505 547 2602 Neque
573 2506 686 2578 similis
713 2505 845 2578 traditio
862 2506 1038 2604 Syrorum,
1066 2504 1109 2578 de
1135 2509 1258 2601 scripta
1285 2505 1451 2579 ancobo
1467 2504 1630 2598 bibrrgin,

273 2624 346 2721 plus
372 2621 530 2718 ponderis
555 2621 665 2712 habet,
693 2621 752 2696 sed
780 2645 865 2718 quae
892 2622 934 2694 ad
959 2620 1044 2694 hauc
1070 2621 1300 2718 disputationis
1327 2631 1455 2717 portem
1481 2629 1632 2718 spectant

274 2737 457 2838 referemus
483 2741 518 2810 in
543 2737 755 2811 Praelatione
781 2739 824 2811 ad
849 2737 1019 2831 Liturgins
1045 2737 1216 2834 Syriacas.
1241 2737 1379 2829 Majoris
1402 2741 1534 2810 omnino
1562 2761 1631 2811 au-

275 2857 414 2930 toritatis
440 2864 493 2926 est
519 2856 670 2952 superius
695 2853 834 2926 relatum
859 2855 973 2929 Basilii
999 2855 1231 2944 testimouium,
1258 2874 1323 2948 quo
1338 2856 1515 2948 perspicue
1541 2874 1631 2925 con-

277 2980 339 3044 stat
363 2969 487 3043 nullum
514 2979 701 3042 sanctorum
728 2993 800 3042 eam
826 2969 964 3043 formam
991 2991 1077 3066 quae
1104 2971 1387 3042 consecrationem
1402 2967 1632 3044 Eucharistiae

277 3089 478 3177 contiueret,
510 3087 634 3181 scripto
669 3085 851 3160 tradidisse.
903 3086 987 3160 Erat
1018 3093 1128 3158 oman
1157 3088 1227 3178 jam
1260 3108 1282 3157 a
1315 3088 1429 3180 primis
1454 3083 1632 3160 Ecclesiae

278 3201 420 3276 sacculis
462 3201 671 3298 promulgata
704 3223 875 3275 sacrorum
906 3203 985 3293 lex,
1010 3205 1044 3274 in
1070 3225 1134 3297 qua
1161 3221 1277 3274 omnes
1307 3201 1573 3296 acquiescebant,
1600 3211 1634 3275 et

279 3317 401 3390 ideirco
438 3319 546 3391 statim
572 3327 671 3412 atque
703 3318 805 3392 scribi
837 3321 966 3416 coepit,
997 3316 1119 3413 ubique
1152 3313 1293 3414 accepta
1329 3327 1364 3390 et
1396 3316 1536 3413 probata
1570 3327 1632 3392 est.

278 3433 413 3506 Factum
438 3433 472 3505 id
498 3432 602 3508 fuisse
627 3435 829 3531 Apostolicis
865 3433 1067 3531 temporibus
1101 3458 1121 3507 a
1147 3433 1276 3507 Jacobo
1307 3432 1366 3508 vel
1390 3433 1519 3525 Marco,
1545 3433 1634 3506 rudln

278 3548 398 3622 idonea
429 3553 558 3622 ratione
591 3549 726 3645 probari
757 3561 884 3649 potest,
918 3550 1060 3646 nihilque
1087 3554 1175 3623 circa
1201 3551 1320 3624 Jacobi
1344 3551 1526 3644 liturgiam
1552 3549 1632 3622 effi-

246 3668 366 3738 ·ciunt
397 3665 510 3738 Allatii
542 3675 751 3760 argumenta,
790 3688 834 3739 eo
866 3667 1042 3755 debiliora,
1084 3667 1172 3762 quod
1206 3669 1400 3741 sententiam
1435 3668 1631 3761 oppositam,

279 3780 370 3854 velut
403 3779 535 3856 haeresi
566 3785 752 3878 proximam
786 3785 976 3872 insectatur,
1008 3805 1081 3854 cum
1117 3805 1159 3854 eo
1192 3780 1292 3854 fuerit
1323 3804 1345 3853 a
1385 3779 1562 3854 Catholicis
1596 3790 1631 3852 et

216 3897 225 3924 ⁸
279 3897 409 3991 quidem
445 3895 642 3972 doctissimis
674 3911 899 3994 propugnata,
930 3920 1038 3992 neque
1069 3898 1233 3970 ullatenus
1268 3897 1311 3970 ad
1336 3896 1434 3971 iidem
1458 3900 1629 3994 pertineat

277 4011 396 4084 Potor't
426 4011 578 4086 docebas
608 4013 797 4110 Lr‘turqioru
829 4014 999 4104 scrihere,
1032 4017 1135 4110 inquit
1166 4012 1326 4088 Allatius:
1358 4017 1496 4109 scripsit
1526 4037 1629 4112 erpo:

276 4127 349 4200 Seu
379 4134 506 4224 repunt
535 4128 723 4202 baeretici:
755 4131 836 4202 mihi
868 4153 973 4203 curce
1006 4150 1075 4201 rron
1113 4135 1173 4218 ert,
1209 4129 1289 4224 quid
1314 4131 1430 4204 dicaret
1455 4132 1631 4207 hweticr'.

278 4241 350 4316 Nec
376 4242 551 4317 haeriticus
578 4254 646 4336 est,
682 4250 736 4342 qui
774 4256 877 4340 negat
907 4247 941 4320 id
975 4245 1064 4342 quod
1097 4246 1234 4342 probari
1266 4250 1366 4321 certis
1405 4251 1630 4326 autoritatibus

276 4379 344 4432 nou
370 4369 500 4456 potest3
526 4383 635 4456 nequo
661 4365 690 4435 si
715 4363 819 4455 foret,
850 4385 934 4460 qnae
966 4385 1040 4435 cum
1075 4362 1184 4459 eliqua
1197 4362 1480 4436 verisimilitudine
1506 4367 1547 4440 ab
1574 4367 1631 4440 illo

280 4473 521 4568 objicerentur,
555 4478 600 4548 ita
631 4481 816 4552 contemtim
849 4481 1029 4573 rejicienda
1064 4492 1170 4572 erant,
1204 4483 1265 4556 sed
1289 4481 1480 4558 refellenda.
1508 4485 1630 4583 Oppo-

279 4601 394 4680 nctur,
429 4591 517 4686 quod
547 4591 672 4667 Allutio
712 4593 833 4668 Graeci
864 4619 979 4670 omnes
1011 4596 1248 4690 suffragantur:
1273 4608 1309 4672 et
1333 4599 1367 4671 id
1392 4621 1474 4674 sane
1499 4603 1542 4675 de
1567 4625 1630 4674 re-

281 4705 482 4781 centioribus
507 4729 624 4781 vemm
652 4719 721 4785 est:
755 4712 797 4783 dc
829 4717 968 4809 antiquis
1002 4736 1070 4788 non
1102 4718 1194 4788 item:
1222 4739 1294 4790 cum
1329 4739 1428 4792 nemo
1454 4723 1539 4793 inter
1569 4742 1630 4794 eos

282 4831 438 4902 occurrat
467 4822 589 4898 Proolo
620 4832 796 4918 uetustior,
829 4828 872 4901 de
905 4834 999 4923 cujus
1032 4830 1181 4926 opusculi
1206 4835 1347 4906 veritate
1382 4846 1416 4908 et
1441 4839 1631 4932 antiquitate

282 4938 455 5012 drrbitatur.
506 4939 623 5015 Honor
654 4965 737 5018 sane
761 4943 920 5018 habentur
954 4944 1093 5020 Graecis
1119 4949 1353 5045 scriptoribus,
1383 4962 1420 5024 ut
1445 4975 1490 5024 ex
1516 4975 1632 5028 eornm

282 5058 478 5130 testimoniis
511 5067 659 5150 constet,
691 5059 875 5154 Litrugiam
906 5065 1003 5138 istam
1040 5073 1076 5137 et
1107 5063 1189 5166 clins
1222 5065 1412 5140 'l'raditionc
1436 5068 1632 5166 Apostolicn
