4760 6038
622 555 646 626 2
1127 553 1485 632 birunain

621 743 813 816 sacrificium
840 742 903 816 boc
928 743 1181 832 benedictionis,
1207 740 1415 838 gloriamque
1442 751 1475 814 et
1500 740 1775 835 magnificentiam
1808 764 1870 838 per
1895 744 1987 836 illud,

618 860 651 929 in
678 869 793 931 sancto
820 870 884 932 tuo.
911 859 1005 933 Deus
1031 861 1160 952 gratiae
1186 857 1344 952 largitor,
1378 868 1411 930 ct
1438 857 1553 932 salutis
1579 858 1764 947 mandator,
1793 862 1847 953 qui
1876 864 1987 935 onmia

618 977 653 1046 in
680 973 831 1049 omnibus
858 979 1022 1071 operaris,
1049 976 1091 1047 da
1117 974 1215 1047 nobis
1240 983 1276 1045 ut
1306 974 1504 1047 sacrificium
1533 983 1683 1048 nostrum
1718 997 1831 1047 coram
1860 985 1893 1048 te
1919 999 1986 1048 ac-

617 1101 748 1187 ceptum
776 1095 837 1183 sit,
871 1114 933 1187 pro
965 1094 1111 1188 peccatis
1145 1093 1249 1179 mois,
1284 1099 1318 1162 et
1347 1111 1408 1184 pro
1435 1093 1630 1185 insipientiis
1656 1086 1763 1184 plebis
1791 1101 1880 1180 tuae,
1908 1096 1983 1187 quia

616 1230 733 1304 purum
761 1217 824 1300 est,
851 1211 935 1281 sicut
962 1209 1082 1281 donum
1108 1207 1250 1304 Spiritus
1282 1209 1328 1278 tui
1355 1209 1479 1295 sancti,
1509 1209 1543 1278 in
1571 1207 1701 1280 Christo
1730 1206 1812 1279 Jesu
1838 1208 1982 1280 Domino

615 1334 753 1414 nostro,
788 1347 849 1420 per
877 1348 973 1420 quem
999 1336 1033 1396 te
1069 1322 1166 1396 decet
1198 1322 1305 1416 gloria
1340 1331 1373 1394 ct
1397 1322 1525 1414 honor,
1560 1346 1634 1395 cum
1665 1325 1757 1418 ipso,
1791 1331 1825 1394 et
1857 1322 1982 1419 Spiritu

618 1451 734 1512 sancto
750 1439 953 1531 vivificante,
978 1439 1103 1536 tibique
1130 1437 1415 1530 consubstantiali,
1441 1449 1575 1511 nuncet
1592 1460 1725 1534 semper
1752 1447 1785 1510 et
1810 1441 1845 1510 in
1870 1444 1981 1514 omnio

615 1555 750 1627 saecula
777 1557 994 1629 saeculomm.
1047 1557 1167 1628 Amen.

1035 1816 1155 1887 Oratio
1184 1815 1380 1887 Orationem
1406 1817 1562 1887 actionis.

717 2021 904 2095 Sacerdos.
957 2020 1090 2094 Gratias
1125 2042 1265 2116 agamus
1299 2019 1464 2093 bonomm
1500 2022 1608 2092 autori
1646 2021 1871 2111 misericordi,
1906 2021 1981 2094 Deo

612 2137 704 2210 Patri
730 2138 875 2227 Domini,
901 2138 966 2209 Dei
998 2147 1032 2210 et
1066 2137 1254 2210 Salvatoris
1287 2140 1393 2209 nostri
1418 2137 1501 2209 lesu
1528 2135 1662 2228 Christi,
1696 2141 1771 2232 quia
1797 2141 1871 2233 ipse
1896 2161 1996 2234 pro-.

612 2256 697 2326 texit
722 2275 798 2345 noe,
825 2253 953 2345 adjuvit
978 2263 1012 2325 et
1038 2256 1190 2327 servavit
1222 2275 1303 2348 nos,
1334 2257 1546 2349 suscepitque
1571 2274 1634 2326 nos
1671 2253 1713 2325 ad
1740 2275 1799 2345 se,
1826 2256 1980 2326 misertus

613 2380 666 2442 est
690 2373 809 2462 nostri,
835 2369 1056 2466 perduxitque
1081 2391 1145 2442 nos
1173 2369 1216 2440 ad
1247 2368 1332 2442 hanc
1365 2367 1492 2451 boram.
1543 2369 1653 2465 lpsum
1680 2392 1768 2441 nuno
1793 2391 1980 2466 precemur,

612 2494 648 2555 ut
674 2487 838 2559 custodiat
863 2509 926 2560 nos
952 2486 1017 2558 boc
1044 2495 1160 2559 sancto
1188 2486 1242 2559 die
1269 2497 1302 2560 et
1329 2486 1480 2560 omnibns
1508 2483 1624 2560 diebus
1651 2492 1742 2560 vitae
1768 2497 1921 2576 nostrae,
1948 2489 1980 2557 in

614 2605 702 2672 omni
727 2625 825 2698 pace,
852 2605 1061 2698 omnipotens
1087 2602 1248 2675 Dominus
1274 2601 1368 2674 Deus
1394 2611 1519 2675 noster.

716 2719 904 2790 Diaconos.
956 2718 1011 2791 Ad
1039 2718 1233 2791 Orationem
1259 2726 1353 2790 state.

716 2834 900 2907 Sacerdos.
953 2836 1097 2908 Domine
1110 2835 1203 2906 Deus
1230 2838 1450 2930 omnipotens,
1477 2833 1578 2906 Pater
1595 2835 1728 2907 Domini
1754 2836 1820 2907 Dei
1846 2843 1879 2907 et
1895 2835 1980 2908 Sal-

613 2953 740 3023 vatoris
766 2954 873 3022 nostri
898 2950 981 3023 Jesu
1007 2948 1142 3040 Christi,
1168 2954 1295 3044 gratias
1313 2952 1442 3042 agimus
1465 2949 1523 3021 tibi
1551 2950 1770 3041 deomnihus,
1797 2961 1831 3023 et
1845 2960 1979 3047 propter

613 3069 734 3158 omnia,
761 3078 794 3139 et
820 3069 854 3138 in
880 3067 1043 3158 omnibnS,
1071 3071 1146 3162 quia
1172 3070 1349 3163 protexisti
1375 3089 1451 3156 nos,
1478 3067 1633 3159 adjuvisti
1666 3090 1742 3158 nos,
1769 3071 1979 3142 conservasti

612 3203 695 3274 nos,
731 3185 907 3278 suscepisti
941 3205 1004 3254 nos
1037 3184 1080 3256 ad
1114 3193 1165 3278 te,
1198 3193 1232 3255 et
1264 3187 1418 3256 misertus
1450 3204 1489 3256 es
1524 3188 1647 3273 nostri,
1680 3183 1834 3256 auxilinm
1861 3183 1979 3257 dedisti

611 3297 722 3390 nobis,
749 3308 786 3371 et
812 3298 853 3370 ad
880 3298 965 3372 banc
990 3297 1106 3371 horam
1132 3322 1195 3372 nos
1221 3299 1413 3395 perduxisti.

713 3415 902 3487 Diaconos.
956 3413 1059 3487 Orate
1085 3424 1120 3486 ut
1144 3415 1237 3488 Deus
1263 3419 1460 3488 misereatur
1485 3418 1599 3489 nostri.

714 3531 898 3604 Sacerdos.
951 3530 1001 3603 En
1015 3542 1165 3627 propter
1190 3533 1332 3627 petimus
1359 3541 1394 3603 et
1428 3530 1644 3604 obsecramus
1670 3528 1851 3604 bonitatem
1877 3540 1978 3620 mam,

611 3665 632 3716 o
661 3656 790 3718 amator
815 3644 994 3736 hominum,
1021 3655 1057 3718 at
1082 3647 1249 3720 concedas
1275 3648 1372 3720 nobis
1398 3646 1486 3719 hunc
1511 3647 1597 3720 diem
1614 3658 1775 3738 sanctum,
1803 3658 1837 3719 et
1863 3667 1979 3719 omnes

612 3762 682 3834 dies
709 3765 800 3834 vitae
826 3773 963 3835 nostrae
989 3767 1022 3834 in
1048 3786 1133 3859 pace
1161 3788 1234 3836 cum
1262 3766 1381 3837 timore
1419 3774 1475 3835 tno
1503 3766 1699 3857 transigere.
1754 3761 1893 3836 Omnem
1919 3767 1976 3832 in-

610 3879 747 3969 vidiam,
775 3900 905 3951 omnem
932 3883 1163 3969 tentationem,
1200 3902 1331 3951 omnem
1359 3883 1586 3976 operationem
1613 3879 1771 3970 Satanae,
1798 3890 1832 3951 et
1857 3881 1977 3952 consi-

610 3994 687 4066 lium
713 3994 877 4066 hominum
905 3995 1142 4091 improborum,
1157 3998 1379 4093 impetumque
1392 3997 1532 4071 bostium
1559 4006 1625 4070 tam
1652 3997 1856 4070 occultorum
1879 4017 1977 4091 quam

611 4110 871 4200 manifestorum,
898 4111 1028 4208 depelle
1056 4135 1075 4182 a
1102 4112 1220 4202 nobis,
1255 4112 1297 4185 ab
1334 4117 1423 4185 omni
1448 4114 1571 4210 populo
1598 4123 1654 4185 tuo
1682 4123 1716 4185 et
1741 4112 1783 4184 ab
1810 4111 1976 4185 hocloco

613 4238 747 4302 sancto:
776 4249 861 4322 quae
888 4236 996 4297 antem
1022 4227 1131 4317 bona,
1167 4250 1252 4322 quae
1287 4228 1408 4325 placita
1435 4241 1522 4318 sunt,
1548 4229 1646 4302 nobis
1669 4228 1761 4322 jube.
1813 4229 1866 4301 Tu
1891 4230 1976 4300 enim

610 4347 684 4440 ipse
711 4367 762 4434 es,
791 4345 845 4439 qui
872 4341 991 4415 dedisti
1016 4341 1113 4417 nobis
1139 4354 1338 4439 potestaten
1366 4346 1514 4418 calcandi
1532 4355 1705 4444 serpentes
1720 4356 1754 4418 et
1768 4349 1976 4442 scorpiones

611 4483 810 4554 omnemque
836 4463 991 4532 virtutem
1018 4461 1146 4532 inimici.
1199 4459 1243 4533 Et
1277 4483 1321 4534 ne
1352 4484 1414 4535 nos
1440 4461 1576 4535 inducas
1603 4466 1636 4534 in
1663 4465 1888 4551 tentationem,
1915 4461 1975 4534 sed

608 4576 718 4649 libera
743 4597 806 4649 nos
834 4574 981 4667 amalo,
1008 4578 1236 4672 pergratiam
1263 4588 1297 4649 et
1332 4578 1613 4670 misericordiam,
1641 4601 1855 4673 amoremque
1891 4599 1974 4670 erga

553 4749 561 4764 .
609 4691 759 4764 homines
793 4690 868 4763 Fun
903 4695 949 4762 tui
981 4695 1160 4786 unigeniti,
1192 4694 1325 4766 Domini
1356 4693 1422 4766 Dei
1457 4703 1491 4766 et
1523 4693 1711 4768 Salvatoris
1750 4699 1856 4766 nostri
1889 4695 1973 4766 lesu

611 4804 745 4896 Christi,
771 4831 833 4903 per
860 4830 956 4902 quem
983 4808 1041 4880 tibi
1073 4809 1212 4882 debetur
1236 4808 1354 4903 honor,
1381 4810 1489 4903 gloria
1516 4821 1551 4884 et
1575 4814 1759 4907 imperinm,
1786 4834 1860 4882 cnm
1886 4815 1972 4908 ipso,

611 4935 646 4996 et
671 4923 795 5020 Spiritu
821 4933 938 4996 sancto
964 4926 1167 5018 vivificante,
1193 4926 1316 5023 tibique
1342 4925 1631 5022 consubstantiali,
1657 4951 1744 5002 nunc
1770 4937 1804 5002 et
1830 4950 1972 5023 semper,

611 5040 704 5110 etin
731 5042 840 5111 omnia
868 5040 1001 5112 saecula
1029 5041 1247 5114 saeculorum.
1298 5043 1418 5117 Amen.
