4680 6044
392 1679 426 1731 Et
443 1680 493 1731 illis
510 1680 597 1732 verbis
616 1697 667 1734 non

358 1767 473 1833 sequitur
493 1771 667 1821 consecratio-

358 1865 417 1901 nem
434 1866 486 1904 non
499 1867 556 1905 essa
568 1854 667 1907 iactam.

681 607 759 682 228
1183 605 1562 684 COMMENTARIUS

682 793 852 854 oblationes
869 789 1044 872 propositos
1065 793 1097 852 tn
1119 809 1231 870 corpus
1251 791 1467 870 etrangrrs'nem
1489 790 1604 854 Christi
1615 791 1753 854 Domitii:
1776 792 1942 875 eademque
1956 813 2054 878 prope

683 890 776 953 verba
807 896 893 968 sunt,
924 907 1001 969 quae
1028 890 1058 951 in
1087 889 1280 952 lnvocatioue
1311 889 1370 950 dici
1398 887 1508 954 solent.
1552 889 1648 952 Nemo
1680 889 1854 972 Theologus
1885 893 2053 958 interillos

684 989 826 1070 cogitavit
849 988 1111 1052 consecrationem
1133 988 1192 1050 iliis
1214 987 1317 1051 verbis
1340 985 1415 1051 lieri.
1460 987 1494 1050 ln
1516 988 1584 1051 Bitu
1606 988 1806 1068 Nestorium,
1837 992 1995 1073 primaque
2023 1001 2054 1057 et

683 1089 847 1169 praecipua
871 1088 969 1162 trium,
992 1105 1066 1169 quas
1089 1087 1211 1165 hahent,
1234 1085 1448 1168 liturgiarum,
1471 1086 1625 1150 invocatio
1648 1087 1751 1150 verbis
1776 1087 1887 1152 Christi
1908 1094 2054 1171 praemit-

683 1189 764 1265 titur,
788 1204 887 1266 neque
910 1185 968 1248 illis
991 1186 1198 1270 subjungitur3
1230 1203 1296 1247 cunr
1319 1186 1350 1246 in
1378 1184 1494 1248 duabus
1518 1186 1601 1262 aliis,
1636 1185 1744 1249 eodem
1767 1185 1855 1264 loco,
1888 1173 2052 1270 iisdemque

682 1285 784 1348 verhis
807 1285 936 1368 legatur,
960 1303 995 1346 ac
1019 1287 1049 1347 in
1073 1284 1215 1360 Graecis,
1243 1284 1435 1365 caeterisque
1464 1284 1600 1346 omnihus
1630 1284 1783 1368 liturgiis.
1829 1285 1877 1350 Ex
1906 1289 2052 1369 antiquis-

681 1386 756 1447 sima
779 1384 871 1465 igitur
892 1383 1139 1447 Nestorianorum
1161 1381 1321 1447 traditione
1344 1389 1477 1460 constat,
1501 1383 1572 1446 ilios
1585 1385 1616 1446 in
1639 1384 1740 1447 verbis
1764 1383 1875 1448 Christi
1890 1389 2051 1469 agnovisse

681 1485 741 1546 vim
769 1483 964 1564 praecipuam
998 1481 1035 1544 ad
1065 1482 1281 1544 elementorum
1310 1482 1586 1561 consecrationem,
1617 1499 1717 1561 neque
1745 1499 1803 1562 per
1830 1481 2052 1548 invocationem

681 1583 927 1662 subsequentem,
951 1589 1001 1643 aut
1022 1580 1256 1661 praecedentem
1279 1580 1488 1642 detrimentum
1511 1579 1570 1642 illis
1592 1579 1658 1642 heri
1680 1580 1880 1659 existimasse.

769 1680 856 1754 Quod
879 1699 953 1743 vero
977 1679 1056 1742 iliius
1085 1681 1229 1744 orationis
1252 1678 1364 1757 verhu,
1393 1680 1669 1741 transmutationem
1691 1679 1777 1758 panis
1800 1680 1915 1742 etvini
1944 1688 2054 1762 postu-

681 1780 738 1842 lari
766 1799 784 1842 a
811 1780 877 1843 Deo
906 1779 1094 1863 significent,
1122 1796 1183 1842 non
1211 1780 1323 1842 idcirco
1352 1779 1506 1860 sequitur,
1536 1777 1565 1840 id
1601 1777 1682 1859 quod
1713 1778 1795 1840 eirca
1826 1776 1961 1842 Graecos
1994 1787 2053 1842 iarn

682 1877 870 1943 confidenter
891 1878 1086 1957 allirmavere,
1111 1879 1161 1959 qui
1183 1878 1302 1940 illorum
1324 1879 1399 1940 ritus
1423 1878 1615 1959 impugnant,
1649 1894 1714 1940 earn
1742 1875 1874 1940 nondum
1904 1895 1975 1942 esse
2004 1878 2052 1942 iu-

682 1987 759 2041 otam
788 1980 825 2041 ah
856 1978 913 2041 iilis
944 1978 1118 2040 existimari.
1164 1977 1285 2040 Gabriel
1321 1976 1495 2038 Patriarcha
1522 1974 1749 2038 Alexandrinus
1778 1982 1810 2038 et
1842 1975 1892 2038 alii
1920 1977 2052 2040 nonnulli

681 2079 790 2142 rituum
814 2079 996 2157 interpretes
1020 2093 1086 2138 cam
1110 2077 1288 2139 seutentiam
1311 2075 1473 2157 designare
1496 2073 1616 2155 quidem
1639 2073 1791 2153 videntur,
1815 2074 1883 2138 dum
1907 2077 2050 2156 scribunt,

681 2178 888 2261 pronunciatis
910 2176 1014 2238 verbis
1036 2175 1238 2238 invocationis
1261 2192 1369 2256 panem
1392 2173 1458 2235 lieri
1481 2191 1609 2255 corpus;
1632 2174 1734 2236 vinum
1752 2175 1930 2255 sanguinem
1944 2173 2053 2237 Christi

679 2277 806 2340 Domini.
852 2276 1064 2338 Verumtamen
1089 2275 1213 2336 alteram
1237 2291 1358 2354 quoque
1389 2270 1538 2335 Gabrieiis
1561 2271 1654 2334 verba
1685 2273 1963 2353 interpretationem
1997 2273 2053 2336 ad-

679 2377 808 2454 mittunt,
831 2373 881 2436 illa
904 2373 1020 2437 scilicet
1042 2370 1236 2434 invocatione
1258 2373 1473 2454 pronunciata,
1501 2371 1612 2434 iactum
1634 2389 1703 2436 esse
1734 2381 1765 2436 et
1793 2373 1961 2454 perlectum
1984 2387 2052 2434 esse

681 2491 793 2556 corpus
817 2471 928 2536 Christi
951 2480 981 2534 et
1004 2473 1192 2554 sanguinem,
1215 2489 1271 2534 seu
1293 2478 1365 2534 tunc
1388 2470 1504 2533 demum
1526 2478 1760 2534 consummatam
1790 2471 1918 2555 intelligi
1941 2471 2052 2534 dehere

683 2572 955 2650 consecrationem,
980 2571 1101 2652 quando
1125 2572 1222 2634 omnia
1244 2572 1301 2634 rite
1326 2569 1479 2633 celebrata
1501 2576 1581 2649 sunt,
1606 2587 1684 2650 quae
1706 2568 1744 2631 ad
1767 2588 1833 2632 eam
1855 2588 1895 2632 ex
1918 2569 2051 2632 instituto

681 2670 860 2751 Apostolico
883 2671 1039 2750 pertinere
1063 2678 1235 2733 censentur.
1260 2668 1498 2733 consummatam
1520 2669 1613 2751 igitur
1634 2668 1714 2730 illam
1728 2668 1864 2746 credunt,
1890 2685 1956 2730 cum
1979 2686 2053 2730 ver·

680 2768 727 2830 his
751 2768 863 2833 Christi
885 2770 943 2831 rite
968 2776 998 2830 et
1020 2768 1186 2830 secundum
1209 2769 1403 2831 intentionem
1426 2765 1584 2830 Ecclesiae
1607 2767 1733 2848 prolatis
1756 2786 1773 2829 a
1792 2767 1963 2845 sacerdote,
1985 2765 2053 2828 illa-

681 2866 762 2928 bitur
794 2884 888 2949 super
927 2865 1005 2928 dona
1043 2868 1199 2946 proposita
1235 2865 1362 2947 Spiritus
1402 2873 1537 2944 sanctus,
1574 2866 1729 2946 perfector
1767 2873 1798 2928 et
1832 2874 2053 2928 consummator

682 2967 809 3028 omniurn
834 2965 1107 3045 Sacramentorum,
1130 2965 1210 3046 quod
1233 2973 1304 3028 tunc
1328 2967 1448 3028 omuino
1471 2964 1581 3027 iactum
1604 2983 1674 3028 esse
1699 2963 1835 3043 credunt,
1858 2983 1926 3026 cum
1942 2965 2054 3028 Eccle-

681 3067 744 3127 siae
767 3065 911 3146 precihus
933 3065 1091 3127 invocatus
1115 3064 1180 3141 luit,
1203 3073 1297 3147 agunt
1319 3065 1396 3126 enim
1420 3070 1450 3126 et
1472 3064 1637 3145 loquuntur
1657 3064 1786 3126 humano
1808 3080 1909 3142 more,
1941 3081 2053 3127 secun·

682 3164 752 3226 dum
774 3181 865 3245 quem
878 3165 1034 3226 successio
1049 3169 1080 3226 et
1102 3166 1245 3245 temporis
1269 3163 1390 3244 aliquod
1413 3162 1610 3238 intervallum,
1629 3163 1814 3245 cogitatione
1828 3163 1935 3226 saltem
1958 3165 2053 3226 inter-

664 3264 741 3344 ·cipi
762 3271 874 3345 potest,
903 3263 933 3325 in
956 3263 1205 3325 transmutatione
1233 3280 1312 3343 quae
1334 3281 1391 3344 per
1421 3263 1598 3325 miraculum
1628 3262 1709 3324 lucta
1737 3270 1888 3325 momento
1917 3261 1984 3326 lieri
2006 3264 2054 3325 iu-

376 4177 498 4230 Rationes
506 4178 597 4247 quihus
604 4194 672 4232 con·

358 4264 463 4314 trariuru
488 4264 596 4330 probari
618 4281 670 4336 po-

359 4355 418 4400 lesi.

393 4433 478 4487 l’rirna
495 4435 651 4491 observatio.

680 3361 838 3447 telligitur,
861 3361 917 3424 sed
940 3361 1080 3423 nonnisi
1103 3362 1278 3424 successive
1300 3360 1403 3423 verbis
1426 3362 1620 3442 exprimitur.
1664 3360 1731 3426 Duo
1754 3369 1852 3424 autem
1875 3362 1995 3424 maximi
2018 3361 2054 3423 ad

681 3462 890 3544 quaestionem
910 3463 998 3531 istam
1018 3459 1224 3523 elucidandam
1248 3461 1407 3538 momenti,
1431 3459 1621 3523 observanda
1645 3469 1724 3523 sunt.
1761 3461 1889 3524 Primum
1912 3467 1971 3538 est,
1995 3475 2053 3521 nou

681 3561 722 3622 ita
744 3567 830 3623 certo
853 3566 1008 3638 constare,
1031 3559 1116 3622 credi
1138 3558 1175 3621 ah
1199 3557 1402 3622 Orientalibus
1425 3575 1487 3622 non
1509 3557 1575 3621 fieri
1598 3561 1872 3638 consecrationem,
1896 3567 2055 3639 antequam

683 3659 837 3721 invocatio
875 3659 1005 3741 Spiritus
1040 3659 1137 3721 sancii
1170 3659 1369 3739 pronunciata
1404 3660 1461 3736 sit,
1497 3659 1568 3738 quin
1600 3659 1699 3722 multis
1735 3659 1912 3736 rationibus,
1949 3657 2054 3721 saltem

682 3757 916 3835 verisimillimis,
940 3759 1122 3820 eontrarium
1145 3756 1298 3821 eliciatur.
1343 3757 1491 3836 Alterum,
1520 3757 1750 3820 vetustissimam
1773 3758 1970 3838 omnibusque
1992 3757 2054 3819 Eo-

683 3856 794 3936 clesiis,
818 3857 907 3918 eiiam
930 3854 1173 3919 Occidentaiihus
1196 3872 1393 3935 communem,
1422 3855 1609 3937 disciplinam
1638 3857 1747 3920 dudum
1777 3856 1887 3936 luisse,
1917 3863 1950 3918 ut
1978 3857 2055 3920 iuter

684 3973 771 4018 sacra
801 3954 912 4033 officia,
942 3972 1004 4017 non
1034 3954 1124 4018 modo
1148 3963 1217 4018 ante
1247 3961 1466 4018 sacramentum
1493 3953 1678 4034 perlectum,
1709 3955 1765 4018 sed
1790 3963 1916 4036 postea,
1945 3971 2054 4036 preces

685 4053 757 4116 liant
779 4052 817 4116 ad
839 4053 946 4131 Deum,
970 4055 1056 4136 quasi
1079 4053 1209 4116 nondum
1233 4054 1314 4134 quud
1336 4052 1475 4116 Ecclesia
1496 4053 1641 4134 pustulat,
1664 4051 1776 4116 iactum
1797 4053 1914 4118 luisset.

771 4153 868 4215 l’rima
892 4152 1069 4217 observatio
1093 4171 1133 4214 ex
1155 4154 1223 4235 ipso
1247 4151 1434 4233 Coptitarum
1455 4153 1514 4215 ritu
1536 4152 1695 4215 stabilitur.
1725 4151 1798 4216 Cum
1821 4154 2056 4234 pronunciantur

682 4254 777 4316 verba
801 4251 922 4331 Christi,
947 4250 1006 4314 alta
1029 4269 1118 4330 voce,
1143 4271 1222 4333 quae
1246 4251 1442 4314 Orientalium
1466 4251 1656 4314 consuetudo
1679 4259 1737 4328 est,
1761 4251 1905 4314 acclamat
1926 4250 2055 4333 populus

682 4354 777 4416 Arnen
782 4373 797 4426 ;
820 4350 857 4414 ad
880 4350 999 4434 singula
1022 4350 1182 4433 Evangelii
1205 4351 1318 4428 verba;
1342 4351 1507 4417 haecdicit.
1530 4350 1627 4413 Amen
1647 4349 1750 4431 [repit.
1780 4351 1895 4413 Amen:
1918 4350 2056 4429 deditque

682 4451 840 4533 dismpols's
863 4452 928 4515 arte
950 4450 1073 4512 dicmur:
1096 4450 1162 4514 iloc
1185 4457 1232 4512 est
1255 4467 1367 4532 corpus
1397 4471 1514 4533 meum,
1544 4453 1625 4536 quud
1648 4472 1706 4535 pro
1736 4453 1825 4517 vohis
1854 4453 2004 4537 frangitur
2026 4459 2056 4513 et

683 4554 771 4616 datur
793 4549 831 4612 ad
853 4549 1063 4612 remissionem
1085 4557 1281 4631 peccatorum
1303 4556 1360 4612 etc.
1383 4550 1499 4627 Aeuom
1522 4552 1682 4616 Credimus
1702 4572 1776 4616 cere
1797 4555 1842 4615 tto
1863 4571 1939 4616 esse.
1967 4550 2055 4612 Dixi-

681 4669 748 4714 mus
771 4649 905 4712 innotis
928 4645 966 4710 ad
998 4648 1077 4710 hunc
1099 4647 1256 4733 Liturgiae
1278 4647 1394 4727 iocum,
1424 4639 1622 4738 ἐπιφώνημα
1648 4651 1721 4714 iilud
1744 4669 1803 4713 non
1829 4659 1889 4713 tam
1912 4650 1950 4713 ad
1980 4666 2055 4712 con·-

682 4751 846 4814 iessionem
868 4765 962 4811 verae
985 4747 1138 4828 realisque
1167 4749 1359 4829 praesentiae
1390 4753 1529 4831 corporis
1552 4751 1681 4830 Christi,
1717 4768 1804 4832 quam
1833 4750 1870 4813 ad
1901 4749 2055 4831 approha-

682 4848 795 4910 tionem
818 4858 850 4914 et
871 4849 959 4913 iidem
982 4849 1074 4912 totius
1097 4851 1240 4912 orationis
1269 4869 1309 4913 ex
1330 4850 1499 4934 Evangelio
1526 4859 1706 4928 contextae,
1729 4849 1826 4912 videri
1853 4847 2054 4912 referendum.

682 4945 803 5029 Quippe
826 4949 908 5011 circa
938 4949 1097 5012 veritatem
1127 4951 1266 5030 corporis
1296 4958 1328 5013 et
1357 4951 1513 5033 sanguinis
1541 4949 1653 5014 Christi
1682 4951 1713 5012 in
1741 4947 1947 5026 Eucharistia,
1983 4947 2055 5010 satis
2176 4933 2181 4946 ⁸

682 5047 888 5130 praecium,
918 5057 950 5113 et
978 5049 1170 5129 perspicuam
1200 5047 1338 5130 Coptitae
1369 5050 1439 5114 fidei
1469 5050 1692 5114 confessionem
1714 5049 1932 5130 pronunciant,
1963 5044 2054 5126 paulo
