4670 6046
660 566 734 640 326
1217 571 1449 652 NOTAE

371 882 400 936 p,
417 885 462 936 ω,
479 885 495 936 t
513 886 557 938 30,
697 843 915 938 Συναχθῆιε
940 841 1002 916 καὶ
1027 845 1194 928 stedine
1221 845 1254 917 οἱ
1280 841 1454 921 διάκονοι.
1507 847 1768 946 Congrcgarnini
1782 858 1829 934 ,at
1854 856 1983 926 intrata

701 1007 704 1014 .
1255 961 1417 1034 Diacani.

752 1097 822 1177 Cau
845 1110 984 1174 rubricae
1008 1111 1066 1174 hoc
1089 1111 1119 1172 in
1142 1113 1247 1176 codice
1269 1114 1321 1175 vix
1344 1113 1422 1177 ullae
1444 1117 1518 1190 sint,
1540 1124 1571 1178 et
1594 1115 1711 1199 Coptici
1742 1120 1948 1183 caeremonias
1970 1122 2020 1184 di·

653 1231 759 1277 versas
783 1213 970 1290 contineant,
994 1210 1221 1292 conjectandum
1244 1219 1301 1291 est,
1325 1213 1378 1276 sed
1401 1214 1873 1280 secundumverisimilitudinem.
1903 1219 2020 1283 Obser-

654 1331 757 1374 vamus
781 1310 945 1374 secundum
968 1310 1154 1392 disciplinam
1176 1311 1400 1375 Alexandrinae
1422 1312 1596 1394 Ecclesiae,
1626 1315 1704 1378 intra
1733 1313 1833 1399 Βῆμα
1861 1335 1917 1380 εειι
1944 1339 2019 1381 san-

652 1413 822 1490 ctuarium,
855 1410 1026 1473 constitisse
1058 1411 1257 1488 Sacerdotes,
1289 1411 1515 1494 Episcoposve,
1545 1415 1572 1476 si
1601 1415 1697 1477 sacris
1725 1416 1928 1490 interessent,
1958 1436 2018 1482 non

652 1530 728 1574 vero
774 1512 942 1590 Diaconos,
985 1511 1042 1572 nisi
1077 1509 1179 1572 altaris
1219 1510 1383 1574 ministerio
1418 1511 1626 1595 iungerentur.
1681 1514 1756 1576 Nam
1794 1534 1871 1579 unus
1904 1516 2017 1581 Diaco-

653 1631 709 1675 nus
739 1610 826 1673 altari
855 1609 1006 1689 adstabat,
1035 1619 1066 1672 et
1094 1609 1294 1686 ministrabat,
1328 1618 1360 1672 ut
1389 1612 1499 1693 passim
1534 1621 1639 1676 notant
1673 1615 1782 1677 rituum
1817 1614 2017 1696 Interpretes:

651 1709 730 1774 haud
760 1710 878 1791 plures,
907 1718 940 1772 ut
967 1710 997 1772 in
1026 1709 1092 1772 aliis
1122 1727 1219 1791 prope
1249 1709 1386 1772 omuibus
1408 1709 1564 1774 Ecclesiis.
1608 1711 1673 1775 llcc
1693 1713 1786 1794 igitur
1814 1713 1883 1776 loco
1905 1715 2017 1777 intelli-

652 1808 784 1894 gendum
807 1810 944 1888 videtur,
972 1807 1136 1873 Diaconum
1160 1810 1376 1872 ministrantem
1399 1826 1510 1873 vocare
1537 1810 1671 1894 collegas
1702 1831 1773 1875 suos
1805 1812 1842 1875 ad
1874 1811 2016 1876 Commu-

650 1911 788 1984 niouem,
823 1927 910 1990 quam
938 1910 1117 1989 suscipiunt,
1152 1917 1309 1990 postquam
1344 1911 1572 1972 communicavit
1602 1911 1753 1974 Sacerdos
1784 1911 1956 1992 celebrans,
1986 1922 2016 1976 ει

651 2009 807 2073 Sacerdoti
828 2009 913 2072 socio
936 2027 992 2071 seu
1014 2009 1192 2071 ministranti
1215 2007 1296 2071 dedit
1321 2007 1496 2089 particulam
1519 2017 1741 2088 consecratam,
1763 2013 1794 2072 in
1816 2029 1943 2091 manum,
1966 2012 2016 2075 ael

649 2113 680 2174 in
702 2108 871 2188 cochleari,
894 2115 926 2172 ut
948 2115 1032 2172 notat
1054 2107 1191 2171 Gabriel:
1216 2114 1277 2169 tum
1297 2107 1432 2170 Diacono
1456 2109 1643 2190 ministranti,
1671 2118 1702 2173 et
1725 2109 1833 2173 deinde
1855 2111 1921 2173 aliis
1944 2111 2015 2172 Dia-

649 2211 734 2273 conis
757 2211 900 2290 mysteria
923 2209 1062 2290 impertit.
1107 2207 1210 2289 ltaque
1232 2215 1379 2270 vocantur
1400 2207 1446 2270 bis
1470 2208 1586 2289 verbis,
1621 2216 1653 2272 ut
1683 2209 1721 2272 ad
1743 2210 1837 2272 altare
1860 2210 2013 2288 accedant,

649 2308 700 2371 ubi
733 2309 970 2371 communionem
998 2309 1140 2389 accipere
1169 2306 1284 2384 solent,
1315 2305 1422 2389 reliqui
1451 2310 1539 2370 etiam
1569 2328 1608 2370 ex
1638 2307 1739 2372 Claro.
1783 2308 1917 2372 videnda
1946 2320 2014 2373 sunt

649 2427 727 2489 quae
750 2407 788 2471 de
811 2408 890 2472 illius
911 2408 971 2469 ritu
993 2405 1119 2469 diximus
1142 2408 1172 2467 in
1195 2409 1274 2469 notis
1297 2407 1334 2470 ad
1347 2406 1501 2488 Copticam
1523 2407 1704 2490 Liturgiam:
1727 2409 1861 2491 quamvis
1884 2411 1961 2472 enim
1984 2411 2013 2472 iu

648 2508 847 2571 caeremoniis
870 2509 908 2570 sit
930 2507 1028 2587 aliqua
1052 2505 1227 2582 diversitas,
1250 2506 1347 2582 (nulla
1370 2507 1481 2590 quippe
1504 2506 1642 2570 Ecclesia
1665 2515 1729 2586 est,
1761 2516 1811 2570 aut
1840 2507 1910 2585 luit,
1937 2526 2013 2590 quaa

647 2609 786 2691 proprios
809 2607 925 2688 aliquos
948 2625 1008 2669 non
1030 2605 1172 2684 baberet,
1196 2605 1276 2686 quod
1299 2607 1336 2669 de
1358 2604 1555 2689 Aegyptiacis
1578 2613 1705 2669 testatur
1728 2607 1939 2685 Abulbircat,)
1962 2607 2012 2670 illa

647 2718 745 2772 tamen
780 2709 857 2772 levis
887 2705 1043 2771 admodum
1073 2706 1190 2769 videtur
1218 2705 1326 2768 luisse:
1359 2705 1465 2768 saltem
1498 2706 1645 2786 explicari
1674 2707 1780 2769 melius
1810 2725 1871 2770 non
1901 2713 2012 2787 potest,

648 2827 736 2889 quam
757 2828 796 2871 ex
819 2828 855 2871 ea
879 2826 955 2891 quae
979 2807 1008 2868 in
1032 2805 1163 2886 Copticis
1186 2805 1288 2867 olllciis
1309 2805 1497 2868 observatur.

683 3066 781 3167 Εὐχή
807 3067 1035 3169 opegratiae.
1079 3069 1199 3140 Oratio
1220 3069 1418 3169 Gratiarum
1440 3069 1588 3138 actionis
1608 3076 1690 3160 post
1715 3069 1984 3139 conanuaionem.

759 3263 849 3350 lsai,
873 3284 904 3338 et
927 3291 1004 3356 quae
1027 3280 1194 3352 sequuntur
1216 3274 1367 3334 emtiones
1390 3289 1450 3333 non
1466 3271 1598 3340 ,eaedem
1622 3272 1742 3336 omnino
1765 3278 1844 3349 sunt,
1867 3273 1893 3332 si
1915 3270 2009 3332 verba

648 3387 837 3464 spectentur,
861 3395 896 3438 ac
924 3372 992 3436 illae
1014 3373 1121 3454 quibus
1144 3371 1270 3433 olbcium
1293 3372 1466 3434 terminatur
1493 3371 1523 3432 in
1545 3369 1673 3452 Coptica
1694 3371 1839 3454 liturgia.
1883 3370 2009 3450 Nempe,

648 3489 679 3543 ut
701 3480 841 3562 superius
864 3474 1057 3538 observatum
1079 3479 1143 3549 est,
1165 3470 1282 3532 illarum
1305 3471 1479 3534 orationum·
1493 3471 1596 3533 variae
1618 3469 1732 3532 formae
1747 3479 1828 3532 sunt:
1851 3489 1891 3533 ex
1907 3469 2010 3532 diver-

647 3582 688 3644 sis
711 3577 855 3662 Liturgiis
876 3576 1003 3656 petitae,
1026 3589 1125 3652 neque
1147 3587 1250 3632 omnes
1279 3569 1338 3632 dici
1359 3569 1475 3644 solent,
1505 3570 1562 3632 nisi
1585 3571 1621 3632 ad
1646 3568 1818 3634 Sacerdotis
1848 3569 2011 3646 arbitrium,

647 3679 702 3744 sed
724 3677 854 3741 omnium
875 3691 934 3736 una
957 3672 1106 3735 sententia
1129 3678 1185 3732 est.
1228 3669 1325 3731 Prima
1348 3686 1426 3750 quae
1447 3669 1564 3748 incipit,
1603 3668 1755 3748 lmptetam
1776 3677 1822 3730 est
1840 3670 1955 3750 gaudia
1977 3687 2012 3731 as

646 3786 799 3855 narbam,
822 3774 926 3857 paucis
948 3771 1106 3834 immutatis
1128 3767 1239 3850 legitur
1266 3769 1296 3831 in
1319 3767 1451 3849 Copticis
1475 3767 1646 3831 Codicibus.
1689 3768 1830 3850 Sequitur
1853 3767 1909 3830 alia
1933 3786 2009 3848 quaa

644 3869 850 3962 γονυκλισίας
880 3872 1002 3935 dicitur:
1037 3871 1066 3931 in
1099 3867 1230 3950 Copticis
1260 3867 1374 3930 titulum
1403 3868 1510 3948 habet,
1538 3867 1741 3948 Impositicnia
1768 3887 1924 3944 manuam,
1955 3867 2008 3929 scd

645 3977 741 4038 oratio
764 3977 829 4056 ipsa
855 3972 976 4035 diversa
998 3976 1054 4032 εει.
1099 3967 1163 4029 Νεε
1184 3968 1241 4030 ista
1263 3967 1350 4028 etiam
1381 3968 1565 4049 exemplaria
1595 3967 1674 4030 inter
1704 3986 1738 4030 se
1767 3967 1904 4048 perfecte
1934 3983 2006 4029 con·

642 4077 788 4137 sentiunt:
812 4091 879 4134 nam
901 4071 1002 4132 ultima
1026 4067 1195 4130 benedictio
1218 4084 1296 4148 quae
1320 4067 1441 4129 extabat
1462 4067 1492 4128 in
1515 4064 1710 4148 Scaligerano
1734 4063 1864 4142 Codice,
1886 4065 2005 4128 omnino

642 4173 741 4237 dillert
764 4173 800 4235 ab
824 4190 877 4251 ea,
901 4188 988 4251 quam
1009 4167 1096 4250 liegii
1118 4172 1149 4229 et
1172 4165 1221 4228 alii
1243 4165 1371 4229 Codices
1394 4173 1632 4246 repraesentant.
1676 4165 1757 4228 ldern
1778 4165 1935 4228 observari
1947 4182 2005 4245 po-

641 4281 701 4337 test
729 4274 760 4336 in
790 4271 892 4334 olllciis
919 4267 1047 4346 Latinis,
1077 4280 1137 4328 non
1167 4265 1255 4328 modo
1286 4263 1413 4328 Romani
1435 4265 1536 4345 Ritus,
1566 4265 1620 4328 sed
1652 4264 1781 4343 Gothici,
1816 4262 2003 4341 blosarabici,

640 4370 845 4450 Ambrosiam,
875 4368 1037 4444 Gallicani,
1060 4373 1183 4447 praeter
1205 4365 1384 4448 singulares,
1408 4365 1564 4428 multarum
1585 4365 1789 4428 Ecclesiamm
1811 4382 1868 4427 usu
1891 4361 2003 4426 confir-

641 4479 746 4535 matos.
790 4469 905 4550 Nempe
928 4475 996 4531 ante
1026 4464 1285 4544 communionem,
1316 4473 1347 4528 et
1376 4482 1411 4528 ea
1441 4473 1579 4547 peracta,
1605 4462 1880 4546 pronunciabantur
1906 4461 2002 4524 bene-

642 4571 788 4635 dictiones
819 4571 958 4634 diversae
987 4585 1080 4649 super
1107 4566 1249 4649 papulum
1272 4583 1289 4626 a
1312 4564 1540 4629 Sacerdotibus:
1570 4573 1601 4627 et
1630 4571 1716 4627 erant
1744 4561 1904 4625 nonnullae
1926 4561 2001 4642 Epi-

642 4672 781 4752 scopales
805 4672 920 4746 dictae,
942 4667 1011 4750 quia
1034 4686 1050 4729 a
1074 4665 1147 4729 solis
1169 4664 1326 4747 Episcopis
1349 4662 1534 4728 dicebantur.
1579 4663 1625 4726 lle
1648 4662 1704 4725 illis
1728 4668 1869 4724 accurate
1891 4668 1922 4723 et
1936 4659 2001 4722 fuse

373 4779 433 4830 lter.
455 4777 546 4847 lamp.
570 4779 587 4831 l.
603 4779 630 4834 2.
643 4773 764 4853 scripsit
794 4770 957 4834 cardinalis
986 4767 1084 4844 Bona,
1113 4785 1201 4848 quern
1231 4763 1389 4826 consulere
1419 4764 1682 4845 operaepretium
1709 4769 1770 4837 est,
1801 4779 1867 4823 cum
1895 4759 2000 4822 multas

322 4882 345 4918 ⁶·
363 4863 406 4915 ¹⁶·
644 4871 789 4956 ejusmodi
807 4867 1038 4933 benedictiones¹
1051 4866 1220 4949 collegerit.
1258 4863 1478 4945 Episcopalium
1496 4859 1692 4925 coNection'os
1715 4868 1819 4923 extant
1841 4862 1870 4922 in
1893 4875 1999 4921 manu-

643 4972 765 5052 scriptis
788 4970 967 5047 Codicibus,
991 4969 1042 5049 qui
1062 4967 1175 5030 idcirco
1198 4965 1297 5030 vocati
1319 4971 1389 5027 sunt
1411 4962 1480 5025 olim
1501 4960 1762 5023 Berrcdictiaaales
1782 4959 1860 5024 libri.
1905 4957 2000 5038 thue

646 5071 676 5133 in
699 5069 758 5134 boc
778 5070 847 5133 llitu
868 5067 1075 5132 Alexandrino
1104 5065 1254 5129 Diaconos
1284 5064 1371 5144 dicit,
1405 5049 1472 5136 Τᾶς
1493 5047 1639 5147 κεφαλᾶς
1660 5050 1749 5137 ὑμῶν
1770 5055 1817 5140 aqi
1837 5053 1909 5139 θεῷ
1930 5050 2002 5118 κλί-
