4760 6038
637 677 685 751 18
1146 676 1508 754 LlTURGlb

633 873 668 934 et
692 866 837 959 potentis
864 865 970 936 saneti
997 862 1106 935 Patris
1134 863 1284 958 bloysis,
1310 865 1481 958 patrisque
1506 869 1614 937 nostri
1639 863 1779 956 Isidori,
1806 875 1841 938 et
1865 867 2016 961 Arsenii‚

631 983 804 1075 patrisque
834 981 942 1052 nostri
973 978 1112 1050 Joannis
1140 977 1236 1072 Nigri
1268 976 1483 1075 Presbyteri,
1515 983 1688 1076 petrisque
1721 985 1829 1054 nostri
1863 983 2013 1057 Danielis

631 1094 841 1187 Hegumeni,
868 1097 1039 1190 patrisque
1064 1098 1170 1166 nostri
1193 1097 1273 1186 justi
1290 1093 1379 1166 Junii
1396 1103 1431 1166 et
1449 1099 1553 1192 patris
1568 1101 1675 1171 nostri
1687 1096 1868 1193 prreem,
1884 1098 2014 1172 Patris-

633 1233 698 1306 que
736 1214 844 1284 nostri
877 1210 1047 1299 Pecomii,
1087 1213 1193 1306 patris
1228 1212 1319 1282 vitae
1359 1206 1620 1302 Coenobiticae,
1662 1211 1899 1307 Theodorique
1942 1218 2017 1308 ejus

632 1323 801 1421 discipuli,
827 1326 1004 1421 Patrisque
1029 1329 1136 1397 nostri
1163 1324 1292 1397 Sanutii
1317 1324 1628 1417 Arobimauduitae,
1654 1337 1689 1397 et
1713 1325 1858 1400 Abbatis
1884 1327 2010 1404 Veisac

501 1445 504 1452 ’
631 1443 705 1532 ojus
737 1441 898 1538 discipuli.
952 1442 1035 1513 Item
1061 1443 1166 1537 patris
1191 1443 1299 1512 nostri
1322 1438 1509 1512 Abuneleri
1535 1462 1597 1513 sen
1615 1440 1744 1514 Onufrii
1764 1442 2013 1540 Anacboretae,

630 1557 739 1630 Patris
775 1561 882 1632 nostri
908 1555 1075 1629 Simeonis
1110 1554 1272 1651 Stylitae,
1305 1559 1410 1650 patris
1441 1559 1548 1628 nostri
1581 1556 1748 1632 Samuelis
1784 1557 2013 1653 Confessoris‚

631 1672 783 1766 Justique
810 1683 844 1744 et
870 1672 994 1768 Apollo
1021 1673 1095 1763 ejus
1123 1669 1378 1766 discipulorum,
1403 1672 1581 1768 Patrisque
1606 1676 1713 1745 nostri
1733 1673 1919 1746 Barsomae
1940 1675 2013 1748 Sa·

631 1789 770 1884 pientis,
796 1787 906 1860 Petris
932 1792 1040 1860 nostri
1065 1787 1183 1859 Benilii
1208 1785 1426 1882 Presbyteri,
1453 1796 1486 1858 et
1511 1787 1656 1862 Abbatis
1682 1787 1821 1862 Joannis
1848 1792 1923 1881 ejus
1955 1791 2012 1864 di-

629 1905 767 2000 soipuli,
794 1912 829 1976 et
854 1903 963 1976 Patris
988 1906 1098 1977 nostri
1122 1901 1268 1976 Abbatis
1294 1903 1481 1974 Barsomae
1506 1902 1605 1995 nudi,
1634 1913 1669 1975 et
1684 1902 1794 1976 Patris
1809 1909 1916 1979 nostri
1931 1906 2013 1980 Ab·

628 2020 716 2095 batis
747 2018 845 2114 chii
877 2019 976 2110 nudi,
1017 2029 1052 2091 et
1084 2022 1191 2092 sancti
1221 2017 1263 2090 N.
1298 2020 1392 2109 cnjus
1425 2016 1525 2090 bodie
1559 2021 1754 2092 memoriam
1787 2020 2011 2114 celebramus,

629 2138 804 2231 omnisque
831 2136 924 2208 ebori
949 2134 1150 2208 Sanctomm
1176 2144 1323 2225 tuorum,
1350 2155 1490 2228 quorum
1522 2133 1680 2230 precibus
1716 2145 1751 2208 et
1784 2135 2003 2232 supplicatio-

627 2251 726 2325 nibus
752 2256 916 2326 miserere
942 2260 1093 2324 nostrum
1119 2253 1265 2322 omnium
1292 2259 1326 2321 et
1356 2249 1463 2322 bbere
1495 2271 1559 2322 nos
1590 2259 1729 2348 propter
1759 2273 1882 2323 nomen
1916 2263 2003 2324 tuum

627 2379 779 2441 sanonum
806 2367 895 2463 quod
921 2370 1111 2438 invocatum
1139 2375 1191 2438 est
1217 2387 1418 2461 supernos.

730 2484 916 2556 Sacerdos.
968 2481 1137 2554 Memento
1165 2484 1265 2562 etiam
1290 2480 1434 2553 Domine
1471 2484 1616 2553 omnium
1650 2484 1706 2576 qui
1739 2481 1942 2558 dormierunt
1972 2497 2006 2558 ct

627 2603 825 2695 quievemmt
850 2601 883 2669 in
911 2596 1109 2670 Sacerdotio
1137 2607 1171 2668 et
1198 2599 1288 2671 omni
1315 2597 1432 2668 ordine
1457 2596 1628 2671 laicorum.
1681 2597 1834 2690 Dignare
1865 2599 2006 2672 Domine

627 2717 755 2787 animas
790 2736 906 2786 eorum
939 2715 1083 2804 omnium
1117 2715 1229 2808 quiete
1263 2710 1389 2783 donare
1424 2716 1455 2783 in
1490 2716 1565 2784 sinu
1601 2721 1793 2785 sanctorum
1826 2712 2007 2804 Abrabam,

627 2831 725 2902 Isaac
753 2841 787 2901 et
812 2829 941 2919 Jacob,
967 2829 1065 2900 induo
1092 2851 1154 2901 eos
1188 2826 1357 2900 inlocum
1383 2827 1526 2900 viridem
1558 2850 1660 2924 super
1692 2851 1797 2923 aquas
1828 2829 2007 2922 refrigerii,

498 2941 503 2950 ’
628 2948 662 3017 in
687 2945 880 3041 paradisum
907 2943 1106 3040 voluptatis,
1133 2942 1304 3014 inlocum
1330 2941 1419 3014 unde
1444 2941 1576 3034 fugiunt
1609 2943 1703 3014 dolor
1734 2944 1864 3034 cordis,
1900 2947 2007 3016 tristi-

626 3053 703 3150 tia,
719 3069 754 3132 et
779 3063 920 3156 suspiria
947 3062 980 3130 in
1007 3058 1128 3130 lumine
1155 3057 1354 3130 Sanctorum
1380 3070 1521 3130 tuorum.

608 3169 614 3178 ”
730 3177 884 3247 Diocom'
910 3176 1025 3246 dicent
1048 3173 1224 3268 Diptycbc
1250 3181 1286 3244 et
1310 3177 1447 3244 nomino
1473 3175 1707 3268 defunctorum
1732 3176 1935 3247 recitabunt.

730 3291 907 3363 Sacerdos
941 3292 1025 3360 dicit
1053 3297 1135 3384 port
1166 3289 1372 3382 Diptycbon.
1425 3287 1497 3361 Eos
1532 3288 1677 3361 Domine
1707 3312 1847 3386 quorum
1882 3294 2007 3364 animas

628 3409 824 3502 suscepisti,
847 3406 929 3497 jube
955 3410 990 3476 in
1016 3404 1081 3478 boc
1107 3404 1184 3478 loco
1214 3407 1388 3498 quiescere
1414 3413 1449 3475 et
1481 3426 1545 3477 nos
1572 3409 1671 3477 etiam
1706 3405 1760 3478 bic
1794 3409 2006 3502 peregrinos,

626 3521 752 3593 infide
778 3530 835 3593 tua
861 3522 1009 3614 custodi,
1045 3531 1079 3593 et
1109 3543 1227 3617 pacem
1262 3530 1353 3591 tuam
1384 3516 1482 3593 nobis
1517 3543 1623 3616 usque
1656 3524 1691 3592 in
1726 3520 1826 3594 linem
1860 3521 2006 3616 benigne

625 3618 785 3708 concede.

727 3753 890 3845 Populus.
944 3750 1038 3824 Sicut
1064 3763 1154 3842 erat,
1182 3763 1247 3823 etc.

728 3867 915 3940 Sacerdos.
967 3867 1012 3939 Et
1038 3868 1147 3960 dirige
1172 3889 1236 3940 nos
1263 3871 1297 3938 in
1324 3888 1464 3958 regnum
1492 3876 1601 3959 buum,
1628 3879 1663 3940 ut
1690 3871 1775 3942 sicut
1797 3871 1831 3940 in
1856 3868 1934 3959 boc,
1959 3872 2006 3942 ita

625 3985 725 4054 etiam
760 3986 794 4055 in
834 3981 986 4056 omnibus
1020 3983 1187 4073 laudetur,
1221 3982 1439 4055 benedicatur
1473 3991 1508 4055 et
1545 3983 1726 4055 extollebar
1758 4005 1879 4056 nomen
1915 3994 2004 4057 tunm

624 4119 798 4190 magnum,
831 4096 983 4169 omnibus
1009 4097 1117 4170 modis
1144 4109 1313 4187 sanctum,
1341 4098 1531 4188 excellens,
1558 4097 1805 4190 venerandum,
1833 4111 1866 4172 et
1891 4099 2004 4174 bene-

626 4214 767 4305 dictum,
793 4214 876 4288 Jesu
903 4211 1026 4286 Christi
1053 4217 1152 4286 etiam
1179 4213 1254 4286 Filii
1279 4215 1326 4285 tui
1353 4213 1463 4287 dilecti
1490 4224 1525 4286 et
1549 4214 1691 4311 Spiritus
1719 4215 1842 4289 Sancti.

726 4328 911 4402 Sacerdos.
958 4328 1033 4401 Pax
1059 4329 1221 4405 omnibus.

727 4446 889 4540 Populos.
942 4444 1088 4518 Etcum
1115 4451 1231 4544 spirito
1257 4456 1324 4519 tuo.

1033 4703 1250 4774 Prooemium
1275 4710 1356 4774 onte
1378 4707 1595 4796 fractionem.

330 4909 491 4970 Ontioanto
504 4915 612 4969 tractio-
729 4907 914 4980 Sacerdos.
967 4909 1088 4980 Iterum
1116 4913 1243 5001 gratias
1270 4911 1400 5002 agimus
1426 4908 1486 4981 tibi
1511 4909 1604 4981 Deus
1639 4913 1871 5006 omnipotens,
1905 4917 2002 5004 pater

633 5022 768 5096 Domini
794 5022 858 5094 Dei
884 5033 918 5095 et
943 5021 1131 5096 Salvatoris
1158 5027 1263 5096 nostri
1289 5024 1373 5096 Jesu
1393 5024 1527 5117 Christi,
1554 5023 1642 5120 quod
1669 5025 1777 5098 iecisti
1802 5048 1865 5099 nos
1882 5024 2003 5117 dignos

600 5139 831 5214 -consistendi
857 5143 891 5211 in
917 5140 1085 5213 hocloco
1112 5152 1250 5231 sancto,
1276 5139 1477 5237 levandique
1504 5164 1620 5216 manus
1646 5153 1780 5220 nostras
1812 5152 1845 5216 et
1877 5141 2002 5212 nomini
