4686 6060
436 1219 498 1272 ΗΜ.
507 1219 649 1272 Panemo.
658 1219 732 1272 Ales.

421 1307 449 1358 ιἰι
465 1309 516 1360 oda
532 1306 665 1359 Eucherii.

458 2133 650 2188 Provincinrum
667 2151 734 2188 eou-

422 2223 537 2274 metatio.

747 548 821 624 352
1124 544 1725 626 DEPATRIARCHA

743 735 902 832 politana,
927 744 1061 831 praeter
1087 735 1258 806 solennem
1287 734 1538 823 ordinationem,
1571 757 1670 830 mam
1696 756 1743 806 ex
1767 725 1900 806 vetusta
1927 743 2111 806 consuctu-

744 851 823 923 dine
848 851 1063 947 recipiebant,
1095 859 1163 922 tum
1190 853 1287 921 etiam
1315 846 1589 947 'Evdpovmada
1622 871 1684 922 seu
1710 850 2028 938 Proclamationem,
2053 852 2113 922 vix

744 967 921 1061 quidquam
946 967 1055 1039 fiebat.
1081 965 1152 1038 Imo
1180 969 1292 1038 conati
1318 975 1394 1040 sunt
1420 964 1597 1060 aliquando
1624 965 1851 1055 Patriarchae,
1877 965 2113 1061 Episcopatum

745 1080 889 1154 Gabinae
917 1081 1067 1171 abolere,
1094 1090 1129 1152 et
1147 1079 1210 1152 sibi
1237 1080 1431 1174 adjungere,
1459 1078 1503 1153 ob
1531 1079 1683 1153 eamdem
1709 1086 1890 1155 rationem:
1917 1081 2017 1176 idque
2036 1090 2112 1152 ten-

743 1200 829 1269 tavit
852 1201 939 1270 inter
965 1197 1048 1270 alios
1075 1195 1242 1268 Macarius
1270 1201 1324 1292 qui
1350 1201 1436 1269 inter
1462 1218 1524 1268 eos
1557 1205 1748 1270 nmneratur
1779 1198 1899 1272 LXIX
1934 1206 2013 1293 post
2046 1197 2114 1267 Sa-

743 1316 824 1385 nutii
848 1313 1010 1409 Episcopi
1036 1321 1186 1384 mortem.
1226 1311 1296 1386 Sed
1323 1311 1519 1386 obstiterunt
1544 1313 1668 1384 blisrae
1696 1317 1803 1403 cives,
1830 1325 1994 1406 negantes
2015 1312 2114 1384 bcere

744 1429 925 1506 secundum
952 1430 1156 1504 Canonicam
1184 1427 1408 1523 disciplinam,
1440 1438 1476 1500 ut
1508 1427 1698 1525 Episcopus
1732 1427 1815 1503 duas
1843 1430 1942 1503 sedes
1968 1429 2114 1502 heberet.

745 1544 829 1618 Cum
855 1549 956 1637 igitur
982 1543 1069 1616 hunc
1094 1543 1331 1639 Episcopatum
1357 1543 1520 1616 invadere
1546 1566 1613 1617 non
1646 1557 1804 1640 possent,
1824 1545 2113 1639 Archiepiscopos

743 1661 831 1734 illius
856 1662 948 1735 urbis
976 1682 1015 1732 se
1043 1659 1303 1755 appellaverunt,
1330 1669 1366 1732 ut
1393 1681 1572 1755 supremae
1599 1663 1784 1732 autoritatis
1810 1664 1844 1732 in
1871 1661 2024 1732 eumdem
2043 1659 2114 1731 Ec-

745 1775 883 1848 clesiam
907 1779 1041 1868 signum
1066 1779 1100 1846 in
1126 1775 1226 1848 titudis
1254 1779 1322 1848 suis
1348 1774 1518 1847 haberent.
1553 1776 1637 1850 Cum
1665 1785 1773 1848 nutem
1800 1779 1977 1848 Fostutum
2003 1779 2115 1849 nomi-

744 1901 834 1981 nant,
860 1895 893 1964 in
918 1890 1060 1964 formula
1088 1890 1228 1986 Coptice
1256 1896 1390 1988 scripta,
1417 1893 1572 1985 adjiciunt
1587 1892 1782 1989 Rabylonis,
1808 1902 1845 1964 ut
1870 1902 2023 1964 veterem
2048 1913 2114 1964 no-

744 2030 889 2103 vamque
916 2005 1070 2102 Cabirum
1095 2005 1379 2103 comprehendere
1406 2031 1444 2081 se
1471 2007 1665 2101 significent.

850 2123 940 2196 XIV.
975 2125 1172 2197 Provincias
1203 2132 1312 2196 antem
1347 2135 1521 2197 numerant
1554 2131 1660 2221 Χημι
1694 2146 1756 2196 ιιοιι
1796 2124 2011 2219 Aegyptum,
2052 2145 2115 2217 (pro

745 2244 881 2312 nomino
898 2239 1093 2311 inferiorem
1120 2239 1318 2332 significant,
1345 2235 1473 2336 Μάρις
1498 2245 1573 2313 sive
1599 2242 1828 2337 Superiorem,
1849 2262 1936 2335 quae
1956 2238 1998 2312 ab
2020 2239 2114 2311 Ara-

745 2353 843 2429 bibus
869 2354 981 2427 Sobid
1007 2356 1201 2452 appellatur.
1228 2354 1374 2427 Primum
1399 2354 1478 2427 illud
1512 2378 1634 2428 nomen
1667 2359 1749 2431 satis
1784 2366 1899 2430 notum
1932 2363 1993 2429 est.
2047 2355 2116 2428 Se-

746 2476 855 2566 quitur
888 2471 1081 2568 Pentapolis
1113 2471 1293 2561 Alrioane,
1333 2492 1420 2565 quae
1454 2494 1499 2543 ex
1540 2472 1680 2546 Graecis
1716 2471 1911 2566 Latinisque
1945 2475 2117 2544 notissima

747 2598 811 2676 est,
839 2591 901 2660 etsi
928 2587 1003 2660 solo
1029 2588 1122 2662 titulo
1150 2586 1344 2660 Christianis
1371 2591 1555 2682 provinciis
1582 2587 1792 2662 accensenda
1816 2589 1925 2660 fuerit.
1988 2587 2118 2683 Quippe

746 2703 788 2774 ab
817 2705 946 2795 origine
972 2725 1084 2776 rerum
1108 2702 1424 2776 bluhamedanarum
1451 2708 1485 2776 in
1509 2707 1688 2802 Aegypto,
1723 2709 1785 2777 vix
1818 2705 1942 2778 mentio
1976 2706 2119 2792 occurrit

746 2818 974 2892 Ecclesiamm
1000 2821 1033 2890 in
1059 2818 1244 2915 Pentapoli,
1272 2829 1328 2892 aut
1353 2819 1597 2916 Episcoporum
1624 2821 1700 2894 illuc
1726 2824 1913 2894 missorum.
1968 2818 2120 2890 Occurrit

747 2957 846 3007 unum
880 2935 980 3008 modo
1014 2935 1203 3030 exemplum
1237 2938 1271 3006 in
1310 2937 1380 3010 vita
1421 2935 1551 3033 Yupabi
1589 2937 1658 3010 Lll.
1699 2939 1840 3011 ordinati
1880 2957 1967 3008 anno
2006 2935 2037 3006 J.
2081 2933 2119 3008 C.

747 3047 995 3126 DCCCXXXI.
1036 3055 1090 3147 qui
1125 3052 1246 3124 multos
1279 3055 1313 3123 in
1347 3075 1406 3126 eas
1444 3059 1603 3145 regiones
1636 3053 1826 3151 Episcopos
1861 3055 1995 3124 misisse
2031 3050 2120 3122 dici-

629 3262 634 3280 )
749 3178 817 3242 tur:
845 3167 906 3240 sed
932 3177 1051 3264 postea
1076 3167 1165 3240 nulla
1193 3167 1432 3242 Christianismi
1458 3173 1620 3244 memoria
1638 3175 1803 3266 reperitur
1829 3172 1862 3240 in
1878 3169 2025 3240 Historia
2046 3167 2120 3239 Pa-

748 3283 922 3357 triarchuli.
975 3284 1052 3356 Non
1083 3288 1129 3355 ita
1163 3285 1366 3378 Aethiopes;
1401 3307 1478 3358 nem
1510 3309 1583 3358 cum
1621 3287 1699 3359 olim
1727 3309 1746 3357 a
1772 3286 1985 3373 Frumentio,
2023 3307 2120 3378 quem

747 3403 975 3474 Frentoooios
990 3410 1125 3489 vocant,
1154 3401 1214 3474 sub
1233 3399 1407 3475 Athanasii
1433 3407 1544 3494 magni
1560 3402 1755 3504 Pontificatn
1773 3401 1996 3475 Christianam
2022 3399 2119 3472 bdem

748 3521 970 3613 accepissent,
996 3519 1031 3587 in
1057 3538 1098 3587 ea
1124 3526 1438 3610 perseveraverunt.
1491 3517 1617 3589 Verum
1652 3517 1708 3591 illo
1742 3511 1901 3614 temporis
1929 3515 2118 3603 intervallo,

749 3655 815 3729 quo
841 3633 1070 3706 Alexandrina
1101 3631 1256 3706 Ecclesia
1291 3631 1496 3707 Orthodoxis
1528 3632 1728 3706 Patriurchis
1761 3637 1886 3724 caruit,
1918 3655 1981 3728 per
2013 3651 2118 3704 annos

746 3754 929 3841 nonaginta
960 3759 1107 3844 septem,
1144 3759 1345 3844 acceperunt
1380 3748 1589 3823 nJacobitis
1623 3749 1875 3846 Metropolitas,
1912 3771 1953 3820 ea
1986 3747 2119 3821 haeresi

748 3888 835 3958 quae
861 3865 949 3960 apud
980 3887 1040 3938 eos
1075 3866 1215 3956 vigebat
1247 3863 1404 3953 inlectos,
1439 3875 1537 3960 utque
1569 3868 1614 3938 ita
1650 3888 1724 3938 eam
1756 3863 1974 3952 imbiberunt,
2007 3874 2044 3934 ut
2078 3863 2119 3936 ad

747 3979 830 4052 haec
856 4003 962 4076 usque
988 3993 1139 4078 tempora
1167 4003 1239 4054 eam
1266 3984 1441 4070 retineant,
1469 4005 1616 4078 suosque
1641 3982 1872 4077 Metropolitas
1898 4001 1967 4052 non
1987 3979 2118 4052 aliunde

749 4103 847 4191 qu'am
873 4097 1083 4172 Alexandria
1108 4100 1230 4170 missos
1258 4099 1428 4192 accipiant.
1476 4097 1539 4169 Est
1565 4102 1652 4170 enim
1678 4098 1721 4170 de
1746 4097 1967 4194 Aethiopibus
1995 4099 2118 4188 singu-

747 4213 828 4287 laris
855 4213 1026 4310 discipline
1053 4217 1086 4285 in
1102 4211 1294 4286 Curionibus
1312 4213 1469 4286 Nicaenis
1486 4211 1655 4303 Arubicis,
1682 4225 1718 4286 ut
1737 4213 1981 4309 Metropobtam
2000 4233 2119 4284 creare

748 4333 982 4427 nonpossint,
1017 4329 1077 4404 sed
1105 4329 1147 4404 ab
1173 4330 1402 4405 Alexandrino
1429 4330 1621 4402 Patriarcha
1648 4354 1723 4402 eum
1754 4339 1919 4422 cogantur
1952 4333 2119 4424 accipere.

853 4447 929 4518 XV.
955 4444 1063 4518 Nubia
1090 4445 1210 4519 eodem
1235 4446 1336 4518 modo
1363 4446 1405 4517 ud
1431 4446 1652 4520 Jacobibcam
1673 4450 1936 4519 communionem
1950 4453 2120 4540 pertracta

750 4573 818 4654 est,
845 4575 881 4636 ut
906 4567 1083 4658 perspicue
1110 4564 1209 4637 docet
1234 4563 1433 4659 Eutychius,
1466 4586 1507 4636 eo
1543 4567 1599 4658 qui
1626 4586 1707 4636 mox
1740 4563 1901 4636 iudicatus
1937 4573 1989 4634 est
2021 4560 2119 4649 loco,

578 4741 583 4748 .
646 4743 653 4754 .
748 4689 924 4774 postquem
952 4677 993 4752 ab
1020 4681 1258 4752 Alexandrinis
1285 4679 1445 4752 Jaoobitis
1477 4679 1665 4776 Episcopus
1698 4683 1837 4776 accepit
1898 4678 1985 4751 Nam
2021 4688 2119 4750 antea

750 4795 965 4868 Orthodoxos
992 4795 1096 4868 luisse
1122 4795 1238 4871 Nubas
1264 4817 1332 4868 non
1358 4799 1465 4869 murus
1493 4819 1590 4892 pam
1614 4795 1819 4893 Aethiopes,
1853 4797 1986 4869 omnino
2018 4795 2119 4869 veri-

750 4912 855 4984 simile
881 4912 1022 4984 videtur.
1075 4910 1163 4986 Nihil
1189 4924 1299 4986 nmen
1331 4911 1373 4985 de
1409 4932 1524 4986 eorum
1560 4909 1811 4986 Christianismo
1846 4913 2020 5003 novimus,
2055 4913 2120 4982 nisi

750 5025 810 5100 sub
837 5026 1152 5114 Muhamedanorum
1178 5031 1333 5126 imperio,
1361 5051 1402 5102 ea
1421 5036 1575 5125 qnaumm
1589 5027 1742 5122 judicare
1758 5027 1837 5102 licet
1852 5031 2002 5116 ratione,
2030 5025 2121 5123 quod
