4680 6044
694 586 767 660 192
1167 583 1601 662 COMMENTARIUS

689 768 912 845 Alexandrina,
941 771 1026 831 utin
1052 769 1179 851 publicis
1209 768 1492 850 supplicationibus,
1523 785 1589 829 eum
1620 768 1776 845 crucibuS,
1809 764 2004 848 imaginihus,
2034 773 2065 828 et

690 867 862 946 chunonis,
887 865 1078 930 deferrentur
1100 867 1167 930 libri
1188 868 1440 950 Evangeliorum,
1476 875 1507 929 ut
1530 875 1613 948 patet
1636 887 1676 930 ox
1699 866 1798 928 multis
1826 865 1976 928 Historiae
2005 865 2064 928 Pa·
2177 868 2180 876 '

691 963 863 1028 triarchalis
887 967 972 1028 louis.

1020 1169 1188 1241 dicmento
1215 1170 1362 1242 Domine
1389 1191 1554 1263 uquarum
1576 1174 1728 1264 [luminis.

689 1393 690 1398 κ
774 1341 812 1418 lu
837 1355 895 1417 illis
919 1354 1113 1418 Orationibus
1137 1357 1212 1436 qiras
1235 1355 1352 1418 Graeca
1375 1355 1469 1418 Marci
1483 1353 1618 1434 Liturgia
1642 1355 1776 1417 continet
1799 1354 1879 1415 circa
1902 1351 2061 1416 lectionem

688 1455 862 1540 Evangelii,
885 1472 993 1536 magna
1017 1473 1083 1516 cum
1107 1453 1242 1536 Copticis
1266 1454 1426 1517 similitudo
1449 1456 1548 1516 statim
1572 1455 1762 1534 agnoscitur,
1787 1453 1965 1533 praesertim
1987 1470 2061 1516 uero

686 1553 762 1614 ritus
785 1541 927 1631 εἰςόδου,
951 1572 1005 1616 seu
1029 1552 1187 1615 delationis
1209 1553 1377 1634 Evangelii.
1423 1552 1508 1626 Quae
1531 1571 1605 1614 vero
1627 1559 1795 1632 sequuntur
1825 1552 1980 1615 orationes
2003 1569 2059 1632 pro

688 1645 827 1730 diversis,
851 1653 976 1715 eaedem
999 1671 1120 1734 quoque
1137 1659 1207 1714 sunt
1230 1654 1259 1712 in
1282 1670 1319 1714 ea
1342 1655 1408 1733 ipsa
1423 1652 1568 1734 liturgia,
1592 1661 1623 1714 ut
1636 1653 1667 1714 in
1681 1649 1798 1714 Graeca
1808 1650 1910 1712 Basilii
1923 1650 2062 1712 Alexan-

663 1750 790 1827 ,drina;
821 1752 898 1816 adeo
922 1759 954 1814 ut
976 1752 1049 1813 satis
1072 1759 1232 1832 appareat,
1263 1769 1324 1813 non
1354 1752 1443 1814 modo
1469 1751 1641 1829 localitas,
1664 1751 1719 1814 sed
1742 1749 1937 1812 Orthodoxos
1960 1751 2060 1828 ctiam,

687 1868 815 1931 quorum
837 1852 923 1932 prior
946 1851 1017 1930 fuit,
1041 1851 1226 1932 singularem
1249 1857 1372 1930 praeter
1394 1850 1633 1913 attasEcctestas
1650 1849 1896 1914 consuetudinem
1910 1848 2061 1929 habuisse,

685 1958 720 2012 ut
742 1959 811 2012 ante
834 1969 921 2032 quam
944 1949 1063 2013 Oblatio
1086 1949 1267 2027 inferretur,
1292 1957 1322 2012 et
1346 1948 1451 2012 Canon
1473 1950 1599 2031 proprie
1623 1948 1720 2011 dietus
1739 1950 1897 2029 inciperet,
1920 1949 2060 2013 diversae

686 2052 839 2112 orationes
861 2049 979 2113 fierent.
1025 2050 1119 2112 Porro
1142 2063 1199 2130 pro
1222 2050 1307 2131 aquis
1330 2048 1407 2125 Nili,
1431 2049 1596 2110 certissima
1619 2056 1690 2110 nota
1708 2054 1765 2126 est,
1790 2065 1856 2110 eam
1878 2049 2060 2127 pertinuisse

686 2147 724 2210 ad
746 2149 882 2232 Aegypti
903 2149 1070 2211 Ecclesiae.
1117 2129 1168 2210 Ta*
1189 2134 1338 2225 ποτάμια
1361 2139 1468 2209 ὕδατα
1491 2134 1630 2230 ἀνάγαγε
1656 2141 1713 2209 ἐπὶ
1739 2135 1779 2208 τό
1805 2140 1924 2231 μέτρον
1955 2134 2061 2208 αὐτῶν
2085 2127 2089 2140 ’

685 2236 769 2310 aucei
790 2234 848 2331 τὴν
869 2236 929 2332 σὴν
950 2237 1055 2334 χάριν.
1099 2248 1251 2309 Fluvioles
1272 2265 1369 2326 apum
1390 2246 1553 2308 odacrum
1574 2265 1762 2321 marmorum
1793 2254 1845 2308 tua
1864 2247 1969 2326 gratio
1991 2265 2061 2308 eur-

686 2365 753 2408 sum
775 2347 884 2410 elicito.
931 2347 974 2409 lta
998 2347 1109 2427 legitur
1132 2349 1161 2409 in
1176 2347 1292 2408 Graeca
1307 2344 1458 2426 liturgia:
1483 2363 1579 2425 aquae
1597 2363 1673 2408 vero
1700 2344 1837 2408 fluviales
1861 2343 1960 2406 nullae
1984 2345 2060 2407 aliae

685 2455 755 2510 sunt
777 2454 901 2529 praetor
923 2448 1070 2526 Niliacas,
1095 2465 1169 2527 quas
1191 2444 1229 2507 ad
1251 2444 1399 2526 publicam
1423 2445 1578 2506 utilitatem
1602 2462 1787 2534 excrescere
1810 2462 1828 2506 a
1849 2443 1916 2507 Deo
1939 2446 2060 2524 petitur.

688 2547 816 2608 brevem
847 2548 939 2630 igitur
968 2546 1048 2608 illam
1075 2546 1241 2608 orationem
1271 2552 1419 2607 auxerunt
1451 2543 1605 2626 Coptitae,
1630 2552 1660 2606 et
1688 2543 1825 2607 diversas
1856 2546 1921 2627 ejus
1949 2543 2060 2608 formas

686 2645 874 2710 addiderunt.
926 2644 1000 2709 Cum
1029 2647 1107 2707 enim
1137 2646 1174 2707 ab
1202 2644 1403 2706 exundatione
1437 2643 1514 2724 Nili,
1545 2647 1596 2724 qui
1624 2645 1752 2706 uiridem
1779 2643 1944 2726 Aegyptam
1971 2647 2061 2724 aigro

574 2734 577 2745 '
682 2744 849 2823 foecundat
886 2764 998 2820 arena,
1034 2744 1188 2822 fertilitas,
1226 2751 1276 2806 aut
1309 2743 1451 2806 sterilitas
1488 2743 1637 2825 pendeat,
1669 2761 1790 2824 semper
1827 2751 1945 2805 oratum
1982 2744 2061 2824 apud

623 2900 626 2916 ,
688 2842 875 2907 Christianos
913 2843 1048 2924 Coptitas
1079 2861 1136 2925 pru
1173 2843 1258 2924 aquis
1286 2843 1362 2923 Nili,
1397 2851 1491 2924 utque
1518 2842 1590 2904 olim
1620 2841 1830 2906 sacerdotibus
1859 2841 2060 2924 Aegyptiacis

685 2940 820 3003 Nilotica
841 2944 1024 3004 incrementa
1046 2959 1134 3004 saera
1156 2940 1353 3020 habebantur,
1376 2944 1416 3004 ita
1440 2941 1601 3005 Christiani
1622 2949 1732 3004 uocant
1744 2941 1845 3003 Nilum
1863 2942 2058 3006 benedictam.

686 3039 914 3102 Accuratissimi
938 3059 1058 3122 semper
1079 3039 1201 3103 fuerunt
1223 3040 1370 3122 Aegyptii
1392 3042 1422 3102 in
1445 3040 1636 3105 observanda
1664 3041 1838 3104 secretione
1868 3041 1942 3120 Nili,
1974 3043 2059 3123 cujus

675 3151 827 3202 'mensura
850 3139 963 3202 famosa
986 3148 1070 3201 extat
1099 3159 1197 3220 prope
1227 3140 1397 3220 Memphin,
1427 3160 1514 3222 quam
1545 3141 1571 3204 si
1597 3140 1717 3204 Arabes
1747 3140 1914 3222 sequimur,
1946 3144 2059 3223 primus

686 3241 874 3320 excogitavit
896 3247 927 3302 et
949 3241 1048 3302 erexit
1059 3239 1174 3320 loseph
1188 3239 1371 3319 Patriarcba,
1394 3258 1461 3302 eum
1483 3240 1657 3322 Aegyptum
1682 3239 1917 3302 administraret:
1942 3259 1979 3304 ea
2000 3261 2060 3304 au-

686 3345 828 3400 lemnon
851 3337 945 3401 semel
967 3339 1100 3416 refecta,
1123 3345 1245 3420 puteum
1269 3339 1427 3419 quemdam
1451 3339 1541 3402 hahet
1562 3339 1594 3400 in
1617 3357 1706 3419 quem
1728 3339 1787 3400 Nili
1818 3356 1896 3420 aqua
1925 3358 1982 3420 per
2003 3358 2060 3403 ea-

686 3438 783 3500 nalem
806 3438 969 3500 derivatur.
1015 3439 1048 3500 ln
1070 3438 1169 3500 medio
1193 3438 1331 3500 columna
1354 3445 1417 3516 est,
1441 3456 1498 3518 per
1525 3439 1642 3500 cubitos
1672 3447 1704 3500 et
1731 3438 1844 3518 digitos
1875 3437 1988 3517 divisa,
2020 3441 2059 3502 ad

685 3555 773 3617 quam
803 3536 969 3599 aestimatio
997 3537 1046 3617 su,
1076 3545 1218 3619 quantum
1248 3539 1381 3599 ereverit
1409 3537 1512 3616 Nilus,
1543 3545 1594 3598 aut
1622 3537 1804 3600 decreverit.
1850 3537 1927 3600 Olim
1958 3537 2064 3600 dictus,

683 3635 738 3697 fuit
765 3643 873 3716 puteus
905 3636 956 3698 ille
985 3629 1234 3719 Neilopa'cpmv:
1263 3644 1375 3698 vocant
1401 3636 1521 3700 Arabes
1545 3619 1695 3726 tatt'pnhtt
1720 3643 1774 3704 ἸιῚ
1797 3636 1857 3698 Dir
1878 3639 1907 3699 el
1928 3637 2058 3712 mettium

684 3753 844 3797 mensurae
866 3736 976 3798 locum.
1021 3735 1192 3816 Descriptio
1216 3735 1311 3810 illius,
1335 3744 1395 3797 tum
1419 3738 1548 3798 omnium
1571 3753 1648 3815 quae
1677 3735 1714 3798 ad
1745 3737 1951 3798 caeremonias
1979 3754 2058 3816 ape-

656 3904 657 3907 ,
684 3834 781 3896 riendi
804 3835 916 3897 canalis
940 3853 1027 3916 quem
1050 3835 1157 3916 Halipe
1180 3843 1304 3914 vocant,
1329 3834 1497 3914 etreliqua
1520 3835 1578 3895 alia
1601 3834 1698 3896 Nilum
1727 3835 1912 3915 spectantia,
1946 3836 2059 3915 optima

683 3935 836 4014 reperitur
857 3935 887 3995 in
910 3933 1067 3997 itinerario
1082 3935 1178 4016 primo
1194 3935 1361 3998 'fhevenoti
1371 3935 1499 4016 junioris
1508 3955 1518 4010 3
1541 3942 1571 3996 et
1585 3935 1698 4015 passim
1712 3933 1792 3998 alibi.
1836 3933 1928 4014 Apud
1939 3933 2058 3996 Arabes

628 4025 630 4032 ⁴
684 4031 857 4114 Aegyptum
880 4034 1047 4096 incolentes
1077 4043 1200 4114 praeter
1228 4033 1338 4097 multos
1368 4042 1398 4096 et
1427 4035 1529 4096 uarios
1557 4032 1594 4095 da
1625 4032 1693 4094 Nilo
1722 4031 1834 4110 libros,
1865 4051 1955 4096 unum
1984 4052 2059 4113 prae

685 4132 813 4193 caeteris
838 4132 1064 4207 commendant,
1088 4135 1138 4214 qui
1161 4133 1270 4196 dicitur
1293 4134 1403 4195 Toricb
1425 4133 1454 4194 cl
1473 4132 1541 4208 Nil,
1563 4150 1618 4194 seu
1640 4132 1772 4194 Historia
1793 4131 1867 4207 Nili;
1898 4133 1928 4193 in
1957 4151 2016 4212 quo
2039 4151 2058 4194 a

684 4229 788 4311 primis
812 4249 916 4293 eorum
938 4229 1058 4313 imperii
1082 4235 1167 4296 annis
1188 4240 1379 4310 recensetur,
1403 4239 1546 4312 quantum
1560 4248 1680 4312 quoque
1694 4248 1772 4293 anno
1791 4231 1934 4306 creverit,
1957 4249 2058 4312 quove

686 4329 749 4408 die,
773 4337 803 4392 et
827 4330 863 4391 ad
887 4339 1028 4410 quantam
1051 4350 1239 4411 mensuram,
1265 4349 1404 4413 quaeque
1427 4330 1536 4393 deinde
1559 4330 1715 4408 fertilitas,
1739 4337 1789 4392 aut
1812 4330 1954 4394 sterilitas
1978 4347 2057 4392 eun-

685 4436 791 4492 secuta
811 4428 911 4492 luerit.
957 4429 989 4492 ln
1012 4430 1151 4494 Historiis
1174 4431 1387 4514 generalibus,
1415 4430 1521 4510 quales
1543 4437 1613 4492 sunt
1642 4429 1752 4492 multae
1780 4447 1882 4492 rerum
1911 4429 2056 4513 Aegypti,

685 4535 717 4590 ut
739 4534 808 4590 sunt
830 4546 888 4609 per
911 4546 1006 4592 annos
1037 4530 1191 4613 digestae,
1228 4531 1264 4592 ad
1293 4531 1382 4594 finem
1405 4529 1592 4611 singidorum
1625 4530 1802 4591 incrementi
1829 4527 1949 4590 Nilotici
1979 4528 2056 4590 ratio

557 4633 564 4654 ⁸
683 4625 829 4688 redditur.

394 4720 519 4776 Sotennes
537 4725 670 4794 supplica·
772 4724 895 4787 Certum
918 4745 1029 4807 porro,
1065 4744 1126 4789 non
1147 4727 1236 4790 modo
1259 4729 1289 4789 in
1318 4727 1446 4809 publicis
1473 4727 1659 4809 privatisque
1688 4726 1830 4806 precihus
1859 4728 1922 4790 suis
1950 4745 2057 4790 orasse

359 4807 442 4858 “⁰⁰0³
458 4809 871 4887 creaturam-christianos
893 4841 951 4904 pro
974 4823 1176 4888 exundatione
1197 4827 1274 4906 Nili,
1299 4845 1402 4888 verum
1425 4827 1531 4905 etiarn,
1562 4827 1587 4890 si
1616 4828 1736 4907 quando
1765 4824 1879 4889 tardior
1909 4826 2057 4900 eveniret,

359 4883 472 4948 datione.

684 4921 874 5004 cogebantur
903 4926 1119 5003 processiones
1149 4925 1253 4988 facere
1287 4944 1343 4989 suo
1375 4944 1476 5004 more,
1512 4928 1689 5006 praesertim
1718 4943 1784 4987 cum
1819 4923 2056 4988 Muhamedanos

684 5037 755 5080 suas
779 5020 1015 5102 supplicationes
1045 5023 1127 5085 nullo
1158 5043 1304 5087 successu
1330 5023 1434 5088 facere
1464 5025 1652 5108 contigisset.
1705 5024 1789 5086 Tunc
1820 5025 1898 5086 enim
1928 5024 2056 5086 maxime
