4680 6044
753 621 805 696 AD
829 619 1036 698 humanu
1057 619 1250 698 contulit
1272 623 1302 698 S.
1321 623 1466 700 arsith.
1720 626 1796 699 205

424 811 484 866 tem
506 803 720 869 celebrantem.
765 803 884 866 Nullum
911 803 1005 887 igitur
1033 805 1083 868 illa
1106 824 1168 867 vox
1190 824 1312 868 sensum
1334 806 1441 884 habet,
1474 807 1563 869 alium
1591 827 1680 889 quam
1711 810 1797 874 desi-

424 911 546 986 gnatum
576 924 594 967 a
623 903 727 983 nohis,
761 923 870 985 nempe
905 911 937 966 ιιι
964 905 1118 986 signilicet
1141 905 1348 986 Prosphorom
1375 906 1440 968 sire
1472 905 1654 971 oblationem
1677 908 1727 970 hio
1748 909 1798 970 in-

425 1006 538 1085 cipere.
956 1007 964 1028 ‘

510 1099 653 1182 Sequitur
675 1089 769 1181 μετοὶ,
793 1109 825 1163 ιιι
848 1101 879 1163 in
903 1101 1016 1166 Codice
1031 1090 1236 1186 Scaligerano,¹
1259 1103 1291 1165 in
1313 1111 1429 1182 nostro,
1453 1091 1537 1166 κατᾶ
1559 1090 1681 1188 τρόπον
1703 1097 1796 1188 ἡμῶν

424 1185 579 1284 oroiOqca.
624 1200 709 1262 State
722 1203 818 1280 jueta
839 1220 953 1263 marem
975 1210 1111 1264 nostrum
1133 1203 1182 1263 cel
1202 1208 1354 1264 cestram:
1377 1212 1428 1266 aut
1441 1211 1511 1285 post
1525 1191 1610 1282 μετὰ
1627 1202 1798 1267 subintelli-

425 1298 555 1382 gendum
576 1285 703 1384 φόβους
727 1307 838 1361 sumas
860 1301 1010 1376 decenter,
1033 1307 1222 1362 eternoacum
1241 1302 1367 1364 timore:
1390 1293 1437 1376 εἷς
1456 1289 1618 1375 ἄνατολᾶς
1634 1296 1797 1388 βλέψατε.

425 1395 523 1476 llaec,
546 1399 684 1479 inquam,
713 1399 811 1460 omnia
841 1405 910 1460 sunt
933 1397 1159 1462 adhortationes
1182 1399 1354 1462 ordinariae
1377 1400 1577 1463 Diaconorum
1601 1409 1670 1463 ante
1694 1400 1799 1462 diver-

425 1514 474 1559 sas
498 1498 661 1560 orationes,
705 1495 853 1559 Notantur
876 1505 975 1578 autem
998 1499 1124 1561 vocibus
1146 1505 1259 1560 tantum
1281 1499 1458 1578 initialibus,
1482 1501 1566 1562 utin
1590 1498 1715 1562 Graecis
1737 1497 1799 1580 Sy-

424 1598 574 1678 riacisque
598 1595 752 1660 codicibus
775 1597 966 1664 observatur.
1011 1598 1043 1659 ln
1067 1598 1204 1661 omnibus
1227 1615 1302 1660 vero
1325 1598 1527 1662 Orientalibus
1555 1599 1689 1662 Graecae
1719 1597 1799 1660 mul-

425 1703 473 1758 tae
496 1697 643 1778 ejusmodi
665 1713 759 1758 voces
783 1703 961 1757 occurrunt:
985 1705 1035 1758 aut
1058 1696 1186 1759 initiales
1209 1703 1338 1777 tantum,
1363 1705 1413 1761 aut
1436 1700 1589 1780 integrae,
1614 1716 1690 1779 quae
1704 1685 1798 1778 saepe

424 1795 588 1858 molestiam
612 1795 759 1876 insignem
782 1793 930 1856 dederunt
952 1795 1183 1878 interpretibus,
1213 1796 1282 1857 dum
1312 1816 1352 1858 ex
1382 1797 1439 1859 illis
1471 1815 1593 1859 sensum
1624 1797 1797 1859 continuum

424 1891 546 1956 elicere
568 1894 625 1955 nisi
647 1901 739 1955 sunt:
763 1893 843 1974 quod
866 1891 1026 1956 infeliciter
1047 1893 1226 1975 praesertim
1249 1897 1375 1958 tentavit
1398 1896 1495 1959 Guido
1517 1896 1673 1958 Fabricius
1692 1893 1798 1957 Bode-

424 1993 525 2055 rianus
549 1994 579 2054 in
608 1994 751 2054 versione
781 1991 880 2054 Officii
907 1991 1093 2073 Baptismalis
1122 1992 1229 2055 Severi
1257 1994 1446 2058 Patriarohao
1477 1994 1674 2073 Antiocheni,
1707 2012 1796 2075 quern

423 2090 653 2153 reclamantibus
687 2091 898 2172 manuscriptis
929 2091 1081 2154 codicibus
1112 2091 1348 2156 Alexandrinum
1376 2093 1553 2176 appellavit:
1587 2093 1687 2174 deque
1719 2092 1797 2154 enim

424 2188 566 2269 Syriacae
590 2190 710 2272 linguae
733 2207 806 2252 usus
830 2191 860 2252 in
884 2192 979 2252 sacris
1002 2192 1162 2273 aliquando
1182 2191 1385 2256 Alexandriae
1408 2193 1516 2276 magis,
1539 2210 1627 2272 quam
1652 2189 1796 2254 Gothicae

423 2287 486 2350 luit.
530 2287 564 2350 ln
587 2288 704 2353 Graeco
726 2290 823 2372 Regio
847 2289 952 2352 codice
976 2308 1052 2370 quae
1076 2291 1257 2371 antiquitatis
1280 2299 1351 2354 nota
1374 2298 1457 2354 certa
1480 2299 1543 2370 ost,
1566 2289 1638 2352 nihil
1653 2290 1797 2368 occurrit,

423 2388 479 2450 nisi
503 2389 584 2470 quod
606 2389 757 2451 Diaconus
781 2388 852 2451 dicit
874 2383 1008 2466 Στῶμεν
1030 2386 1145 2462 καλῶς.

919 2665 1060 2739 Sursum
1086 2667 1205 2754 corda,
1232 2673 1297 2738 ete.
1841 2663 1871 2716 P.
1892 2666 1933 2718 ra.
1953 2667 1968 2716 r.
1988 2667 2012 2717 o.

389 2873 415 2948 ἡ
506 2845 580 2927 Hoc
602 2863 671 2926 loco
694 2863 796 2945 incipit
818 2863 1034 2944 Praelationis‚
1059 2873 1091 2927 ut
1112 2873 1219 2928 nostro
1241 2882 1326 2928 more
1350 2864 1523 2945 loquamur,
1555 2863 1793 2944 antiquissimum
1840 2869 1921 2936 hayus
1937 2872 2060 2924 tornatae
2069 2887 2119 2924 an-

423 2979 453 3032 et
475 2964 553 3048 apud
577 2981 681 3026 omnes
703 2962 857 3026 Ecclesias
884 2970 1040 3045 receptum
1070 2963 1214 3027 olhcium:
1242 2965 1352 3027 nemini
1380 2965 1492 3045 quippe
1518 2963 1550 3025 in
1578 2959 1891 3027 llcclesiasticatiluus
1927 2967 1953 3010 ιι
1988 2957 2116 3026 generalis

422 3067 595 3148 antiquitate
615 3063 668 3127 vel
690 3063 799 3126 leviter
820 3072 943 3126 versato
966 3065 1069 3147 ignota
1092 3072 1161 3127 sunt
1183 3072 1242 3128 tam
1265 3063 1356 3126 multa
1379 3071 1551 3126 sanctorum
1565 3063 1684 3126 Patrum
1703 3063 1793 3126 testi·
1807 3059 1877 3096 ⁰⁵⁰⁵·

421 3168 541 3243 monia,
565 3181 642 3243 quac
665 3161 702 3224 ad
725 3161 801 3224 hanc
823 3162 1023 3225 hortationem
1045 3161 1202 3227 manifeste
1224 3163 1404 3226 referuntur.
1450 3160 1582 3242 cyrillus
1612 3162 1795 3244 Hierosoly-

422 3267 549 3328 mitanus
573 3261 694 3326 Catech.
719 3261 981 3345 hblystagogica.
1006 3260 1240 3342 Chrysostomus
1263 3262 1361 3324 multis
1384 3261 1459 3327 locis
1483 3269 1515 3323 ut
1537 3260 1616 3322 hom.
1641 3261 1670 3325 2.
1694 3268 1724 3324 et
1743 3260 1792 3326 18.

419 3367 452 3428 in
474 3365 504 3428 2.
528 3361 566 3426 ad
590 3359 772 3424 Corinthios.
817 3360 1027 3444 Augustinus,
1051 3359 1192 3424 de'bono
1214 3362 1367 3424 viduitatis
1391 3379 1458 3446 cap.
1483 3359 1532 3422 16.
1564 3359 1602 3422 de
1634 3379 1708 3423 vera
1737 3379 1794 3423 re·
1858 3368 1961 3421 Euolat.
1990 3369 2065 3426 acar.
2088 3387 2115 3437 p.
2203 3421 2204 3424 ,

420 3463 533 3548 ligione
556 3479 622 3542 cap.
646 3457 675 3521 3.
698 3459 731 3522 ln
754 3477 860 3541 expos.
883 3459 991 3522 Psalmi
1013 3457 1065 3524 85.
1089 3460 1183 3542 Epist.
1206 3461 1244 3524 ad
1266 3459 1438 3522 Dardanum
1461 3465 1491 3521 et
1510 3457 1552 3524 ad
1574 3458 1724 3534 Probam3
1754 3459 1792 3522 de
1806 3455 1877 3506 noae
1895 3455 1941 3507 lte.
1954 3457 1968 3506 t·
1987 3457 2012 3506 2.
2032 3473 2055 3505 ⁶·
2073 3454 2115 3504 ¹⁰·

419 3563 501 3626 bono
523 3560 770 3642 perseverantiae
793 3577 860 3639 cap.
885 3557 935 3622 13.
958 3565 988 3634 §.
1012 3558 1062 3620 25.
1086 3577 1183 3623 novae
1207 3560 1277 3624 adit.
1301 3568 1333 3622 ιιι
1356 3566 1387 3622 et
1409 3555 1460 3623 53.
1485 3566 1516 3621 et
1539 3555 1613 3622 3d6.
1637 3567 1697 3620 tum
1714 3537 2115 3620 alibi.M‘'⁸“'⁶¹·“⁰¹⁸⁰⁶'·⁰'‘⁹·

418 3661 498 3724 Nihil
520 3677 614 3741 porro
636 3657 926 3739 frequentiusapud
948 3664 1069 3721 sanctos
1092 3660 1195 3721 Patres
1218 3659 1367 3734 occurrit,
1398 3675 1486 3738 quam
1513 3665 1560 3751 ut·
1575 3677 1614 3720 ex
1637 3657 1793 3719 notissima
1802 3645 1828 3697 Ρ·
1849 3627 1876 3680 ⁸·

418 3761 469 3823 illa
491 3761 572 3822 inter
594 3757 699 3820 lideles
722 3757 930 3820 adhortatione
954 3774 1008 3819 eos
1031 3758 1199 3821 excitarent
1222 3758 1259 3820 ad
1288 3764 1410 3819 terrena
1438 3755 1651 3838 despicienda,
1680 3763 1711 3818 et
1740 3771 1794 3817 cor

419 3856 565 3923 incaelis
588 3855 768 3920 habendum.
813 3857 925 3920 Omnes
949 3859 1041 3940 igitur
1063 3864 1264 3938 quotcumque
1287 3863 1409 3934 extant,
1433 3863 1483 3918 aut
1505 3873 1631 3936 quarum
1648 3855 1792 3916 memoria

420 3964 578 4041 superest,
602 3955 773 4039 Liturgiae,
796 3956 929 4019 eamdem
951 3956 1108 4020 formulam
1129 3961 1378 4036 repraesentant,
1401 3973 1462 4018 non
1485 3954 1574 4018 modo
1593 3950 1792 4016 Ortbodoxo-

419 4075 485 4120 rum
514 4056 648 4119 Graecae
683 4063 714 4118 et
744 4055 906 4136 Syriacae,
945 4055 999 4118 sed
1028 4055 1276 4119 Nestorianorum
1305 4063 1382 4117 tres:
1414 4053 1618 4117 Jacobitarum
1647 4051 1792 4133 Syromm

420 4158 542 4240 triginta
564 4173 620 4218 sex
645 4163 695 4217 aut
719 4155 860 4236 amplius,
884 4155 1023 4236 antiquae
1047 4162 1097 4218 aut
1118 4156 1324 4217 recentiores:
1352 4152 1561 4236 Aegyptiacae
1584 4160 1663 4230 tres,
1694 4149 1793 4212 Graa-

420 4274 475 4318 cae
498 4257 574 4317 ritus
596 4253 793 4316 Alexandrini
815 4251 959 4316 totidem:
982 4253 1180 4335 Aethiopicae
1203 4253 1319 4316 decem:
1342 4252 1520 4316 Armenios:
1543 4269 1648 4315 omnes
1662 4247 1792 4314 tandem.

419 4353 515 4415 Porro
538 4353 568 4415 id
591 4352 744 4436 singulare
768 4352 877 4414 habent
899 4351 1130 4436 Aegyptiacae,
1154 4371 1230 4434 quae
1255 4352 1436 4433 antiquitatis
1458 4358 1528 4414 nota
1546 4352 1713 4414 certissima
1736 4357 1792 4427 est,

420 4450 500 4533 quod
524 4454 619 4514 omnis
642 4451 692 4514 illa
715 4451 882 4514 adhortatio
907 4449 1023 4513 Graece
1046 4452 1170 4529 dicitur,
1200 4453 1288 4514 etiam
1311 4471 1351 4513 ex
1373 4469 1434 4532 quo
1457 4458 1551 4514 totum
1574 4449 1703 4516 officium
1731 4448 1793 4511 lin-

419 4569 480 4632 gua
506 4549 671 4614 vernacula
701 4553 801 4632 coepit
832 4549 989 4613 celebrari.
1043 4549 1202 4612 Orationes
1237 4551 1374 4631 primae,
1408 4556 1440 4612 et
1470 4556 1533 4612 tota
1560 4548 1636 4612 haec
1667 4547 1793 4609 formula

421 4658 524 4712 extant
547 4651 576 4712 in
599 4648 742 4734 Liturgiis
765 4648 906 4726 Graecis,
931 4668 969 4710 ex
994 4648 1101 4730 quibus
1125 4649 1280 4711 desumtae
1304 4656 1383 4712 sunt.
1417 4647 1557 4711 Absurde
1574 4649 1666 4732 igitur
1683 4647 1794 4708 iaciunt

420 4749 533 4829 quiex
557 4749 615 4812 alio
640 4767 728 4830 quam
751 4767 789 4810 ex
813 4747 930 4810 Graeco
954 4747 1036 4811 tonte
1058 4747 1124 4817 illas
1148 4749 1400 4829 interpretantur:
1425 4756 1457 4810 ιιι
1472 4747 1617 4810 hlaronita
1632 4747 1682 4827 qui
1702 4737 1794 4817 ἔλεος

419 4832 564 4932 εἰρήνης,
587 4856 617 4910 et
640 4866 717 4929 quae
740 4853 921 4929 sequuntur,
944 4848 985 4911 ita
1008 4865 1076 4909 cum
1099 4847 1202 4928 primis
1224 4847 1327 4910 verbis
1350 4847 1505 4929 conjunxit
1527 4855 1559 4908 ut
1580 4864 1702 4909 sensum
1717 4863 1793 4908 con-

419 4945 468 5008 fici
491 4946 723 5024 existimaverit,
754 4946 808 5009 sed
837 4947 957 5008 omnino
986 4945 1102 5009 falsum.
1154 4943 1267 5026 Aperte
1290 4948 1533 5009 misericordiam
1558 4953 1588 5008 et
1613 4965 1738 5027 pacem,
1766 4950 1797 5006 et

418 5045 613 5126 praeclaram
634 5047 876 5109 venerationem:
900 5053 951 5107 aut
972 5051 1005 5107 ut
1027 5063 1067 5106 ex
1089 5043 1147 5107 alio
1171 5044 1277 5109 codice
1300 5045 1338 5108 ad
1360 5047 1525 5128 marginem
1548 5045 1697 5125 adposuit.
1728 5042 1794 5104 Po-

1504 5161 1554 5234 42
1569 5159 1587 5194 *
