4760 6038
927 943 1728 1198 nrssnnrruo
1842 1167 1845 1176 ,

1267 1311 1298 1384 D

1050 1311 1598 1667 collibretur

685 1782 1449 1978 lunilnnnirtortttn
1517 1791 1961 1921 Ll'lllllGllS.

1097 2073 1550 2129 ψ

334 2358 398 2411 rm
412 2359 541 2428 libratae
557 2360 627 2428 apuu
703 2357 728 2429 1.
763 2333 953 2435 Aecrrru
995 2355 1172 2434 Christiani
1212 2360 1268 2454 qui
1304 2358 1605 2458 Monopbysiticam
1638 2372 1766 2440 sectam
1798 2386 1819 2435 a
1849 2361 2009 2437 Dioscuri

638 2480 790 2570 tempore
814 2477 1021 2573 profitentur,
1048 2485 1082 2546 et
1108 2478 1163 2572 qui
1188 2476 1291 2568 vulgo
1308 2474 1475 2573 Coptitee,
1501 2480 1558 2551 vel
1575 2475 1673 2574 Copti
1694 2479 1912 2575 appellantur,
1938 2489 2007 2554 tres

638 2589 806 2684 Liturgias
832 2591 965 2682 babent,
993 2615 1130 2688 quorum
1155 2595 1274 2688 prima,
1302 2602 1335 2664 et
1361 2617 1447 2689 quae
1473 2593 1672 2690 reliquarum
1698 2618 1816 2669 norma
1842 2607 1905 2687 est,
1931 2596 2006 2669 Ba-

638 2705 701 2778 silii
726 2712 840 2801 magni
866 2709 996 2800 dicitm,
1023 2708 1168 2792 secunda
1196 2708 1351 2801 Gregorii
1377 2710 1553 2804 Theologi,
1580 2715 1676 2783 tertia
1704 2708 1821 2806 Cyrilli
1845 2712 2006 2784 Alexan-

316 2824 625 2936 Kffvlwl'wdrssnt·
640 2821 734 2894 drini.
801 2826 960 2912 Quartam
999 2835 1135 2899 autores
1177 2825 1323 2898 nonnulli
1362 2822 1563 2919 adjungunt,
1608 2827 1725 2900 Marco
1765 2826 2006 2921 Evangelistae

318 2443 432 2513 Coptitaa
445 2455 573 2515 receptae.

638 2938 842 3014 attributam:
870 2942 930 3014 sed
958 2964 1030 3013 cum
1058 2945 1092 3012 in
1119 2937 1298 3014 (lodicibus
1324 2946 1530 3038 paucissimis
1557 2951 1767 3042 compareat,
1794 2954 1828 3016 et
1854 2943 1895 3017 ab
1923 2947 2005 3039 ipsis
2130 2945 2134 2952 ’

637 3056 817 3154 Aegpptiis
845 3055 1026 3150 Theologis
1054 3057 1253 3154 interpolata
1268 3058 1394 3130 dicatur
1421 3082 1528 3132 exea
1551 3056 1680 3155 cyrilli,
1707 3063 1825 3134 merito
1847 3062 2003 3152 rejicitur.

315 3181 625 3253 Quandopriuuunotae·
740 3174 780 3246 ll.
822 3174 936 3246 Trium
967 3177 1067 3268 igitur
1092 3173 1239 3263 illamm,
1273 3196 1359 3269 quae
1386 3175 1481 3248 solae
1506 3176 1673 3268 legitimae
1700 3177 1889 3248 censendae
1916 3185 2003 3268 sunt,

637 3313 712 3363 cum
739 3299 873 3385 praeter
904 3288 978 3362 illas
1000 3289 1102 3362 nulla
1136 3293 1169 3362 in
1203 3294 1309 3364 sacris
1345 3291 1467 3365 Officiis
1499 3301 1691 3387 usmpetur,
1725 3316 1798 3366 eum
1835 3293 1936 3365 multa
1970 3301 2004 3366 et

636 3409 731 3481 varia
759 3409 884 3503 passim
912 3416 1046 3480 exstent
1074 3409 1108 3478 in
1140 3405 1353 3480 Bibliothecis
1386 3407 1614 3503 exemplaria,
1649 3418 1898 3482 cerumtamen
1926 3419 2003 3482 ante

637 3527 763 3595 initium
790 3523 896 3619 elapsi
913 3526 1066 3619 proxime
1091 3522 1217 3594 sacculi
1242 3543 1340 3594 nemo
1357 3526 1512 3596 meminit
1565 3522 1720 3597 Habebat
1733 3523 1862 3596 illarum
1878 3547 2003 3597 exem-

636 3640 710 3735 plar
735 3638 900 3733 Josephus
927 3638 1100 3731 Scaliger,
1121 3637 1178 3710 ‘de
1213 3662 1278 3734 quo
1315 3662 1390 3712 cum
1416 3637 1457 3710 ab
1486 3661 1550 3729 eo,
1577 3649 1611 3712 et
1637 3642 1750 3712 amicis
1777 3639 2003 3722 communibus

635 3758 777 3826 monitus
809 3753 927 3830 luisset
958 3755 1093 3829 Marcus
1128 3753 1289 3830 Velserus
1319 3755 1508 3829 Duum-vir
1537 3755 1773 3848 Augustanus,
1805 3759 1858 3829 vir
1885 3755 2002 3831 doctus

637 3880 671 3942 et
696 3874 781 3967 pius,
807 3875 995 3967 impetravit
1019 3882 1055 3944 ut
1081 3871 1124 3944 ad
1151 3895 1188 3946 se
1215 3874 1499 3946 transmitteretur.
1551 3872 1750 3945 Versionem
1782 3874 1940 3964 ursignis,
1967 3883 2002 3946 et

635 3985 699 4059 buc
724 4009 830 4083 usquo
855 3990 961 4081 ignoti
985 3990 1184 4060 monumenti
1201 3987 1461 4072 Ecclesiasticae
1477 3986 1681 4085 disciplinae,
1706 3995 1753 4076 ut,
1781 4011 1845 4083 qua
1871 3992 2001 4062 ratione

635 4102 707 4176 lieri
732 4114 873 4199 poterat,
900 4114 1105 4200 procuraret,
1131 4103 1271 4176 Romam
1296 4106 1384 4176 misit
1408 4106 1516 4199 ipsum
1543 4103 1713 4194 Oodicem,
1739 4125 1805 4199 quo
1831 4126 1894 4200 per
1918 4104 2000 4177 lila-

635 4224 760 4296 ronitas
795 4221 1015 4298 inNLatinam
1040 4220 1186 4314 linguam
1217 4220 1460 4293 transferretur.
1513 4221 1673 4307 Quamvis
1705 4223 1791 4292 enim
1823 4220 1999 4316 aliquando

636 4361 730 4434 spem
755 4339 894 4412 fecisset
908 4337 1073 4430 Scaliger,
1098 4335 1266 4428 Libugius
1292 4337 1366 4408 illas
1381 4338 1489 4408 veteri
1508 4335 1596 4432 stylo
1613 4335 1851 4410 Ecclesiastico
1867 4334 2000 4409 Graeco
2020 4383 2021 4390 κ

635 4455 863 4545 convertendi,
890 4454 963 4528 aliis
991 4452 1147 4549 operibus
1174 4461 1368 4548 occupatus,
1393 4451 1467 4524 buin
1495 4475 1624 4525 manum
1640 4453 1822 4526 admovere
1841 4455 1902 4526 vix
1929 4477 2000 4549 po-

634 4581 736 4646 terat:
762 4572 841 4644 licet
867 4575 954 4644 eninr
979 4593 1118 4663 magnos
1150 4572 1186 4640 in
1217 4567 1396 4642 Arabismo
1431 4589 1631 4665 progressus
1656 4568 1804 4660 fecisset,
1829 4578 1879 4642 tot
1905 4581 2000 4644 erant

633 4699 744 4760 tamen
777 4687 981 4762 difficultates
1016 4685 1243 4782 superandae,
1280 4696 1316 4757 ut
1347 4707 1392 4758 ue
1423 4686 1554 4781 quidem
1580 4685 1642 4759 sibi
1668 4689 1741 4782 ipse
1767 4685 1997 4760 satisfecisset.

634 4804 722 4876 Nam
753 4815 888 4901 praeter
918 4803 1052 4896 linguae
1084 4801 1268 4891 barbarae,
1307 4801 1350 4875 ad
1390 4824 1486 4898 quarn
1519 4800 1790 4894 cognoscendam
1835 4804 1897 4875 rix
1928 4800 1995 4874 ulla

634 4931 712 4992 trmc
737 4919 958 5015 suppetebant
982 4918 1126 4991 literaria
1153 4918 1317 5011 subsidia,
1351 4918 1492 4992 Rituolis
1524 4921 1661 4993 materia
1687 4929 1811 4992 tantum
1837 4918 1995 4992 obscuri-

632 5039 708 5110 tatis
735 5035 908 5130 ollerebat,
935 5045 970 5108 ut
996 5035 1114 5110 discuti
1138 5038 1200 5110 vix
1225 5058 1328 5132 posse
1353 5036 1532 5110 videretru.
1585 5035 1703 5131 Neque
1729 5039 1833 5128 enim,
1860 5035 1947 5132 quod
1973 5058 1994 5106 a
