4760 6038
514 583 565 660 DE
581 584 835 663 bllURGlthllll
848 583 1101 662 0Rlllllllblllll
1117 584 1266 662 outone
1281 585 1329 662 ET
1342 584 1588 662 solomitis.
1652 583 1747 658 LXV

382 773 560 869 pugnavit,
594 770 655 844 sed
681 773 720 842 iis
746 769 947 860 redonibus,
974 793 1060 866 quae
1085 793 1128 844 ne
1156 771 1285 867 quidem
1313 783 1393 846 suae
1420 783 1534 846 sectae
1562 771 1746 846 bominibus

386 887 635 962 satisfecerunt:
667 910 732 960 nec
757 885 895 959 meliora
921 886 1055 982 protulit
1080 886 1263 960 Smitheus:
1289 910 1366 958 nam
1392 887 1538 960 ultimum
1564 893 1746 984 impugna-

385 1016 490 1079 torem
525 1007 697 1077 nominare
728 1002 836 1098 pudor
862 1012 965 1092 esset,
993 1005 1073 1076 satis
1100 1002 1222 1099 alioqui
1249 1006 1469 1097 ignorantiae,
1498 1008 1654 1100 stuporis,
1682 1027 1746 1075 ca-

384 1122 524 1196 lumniae
552 1129 586 1192 et
610 1116 860 1191 maledicentiae
887 1120 1083 1190 convictum.
1136 1119 1183 1190 At
1207 1141 1271 1191 nec
1297 1120 1360 1210 illi,
1386 1143 1450 1192 nec
1477 1123 1506 1192 si
1533 1124 1588 1215 qui
1614 1120 1746 1192 luerunt

385 1238 450 1328 alii,
477 1240 596 1309 rituum
621 1239 819 1307 mentionem
844 1232 1005 1306 lecerunt.
1032 1233 1147 1328 ltaque
1171 1257 1240 1308 non
1275 1243 1341 1306 tam
1375 1235 1502 1308 illorum
1539 1245 1745 1327 argumenta,

386 1375 483 1448 quam
509 1351 711 1426 Claudianae
745 1348 946 1424 defensionis
974 1360 1209 1440 consectanea,
1242 1361 1276 1423 et
1302 1372 1388 1445 quae
1414 1354 1632 1446 exipsorum
1659 1374 1745 1426 sen-

384 1472 482 1541 tentia
509 1467 723 1565 probabiliter
749 1466 813 1538 dici
838 1473 991 1561 possunt,
1018 1469 1234 1540 excutiemus.

488 1583 570 1658 Cum
596 1583 765 1677 Liturgias
798 1581 981 1677 explodunt
1005 1589 1041 1652 ut
1066 1603 1185 1672 novas,
1219 1593 1253 1654 et
1278 1581 1506 1679 interpolatae,
1531 1582 1674 1678 falsique
1700 1605 1745 1655 ex
1792 1567 1895 1622 ΝΜ
1910 1575 2064 1672 necaonem

384 1701 495 1792 titulis,
522 1701 641 1799 quibus
667 1702 731 1774 buc
756 1724 861 1796 usque
878 1701 1128 1774 commendatae
1141 1709 1217 1774 sunt
1230 1701 1415 1789 convictae,
1442 1703 1523 1772 ritus
1537 1703 1592 1794 qui
1617 1698 1744 1771 illarum
1758 1655 2063 1800 {ffffloessovffie

385 1830 511 1917 partem
543 1818 685 1909 faciunt,
722 1816 922 1910 rejiciendos
959 1839 1090 1912 quoque
1125 1815 1288 1888 eflimrare
1321 1814 1395 1887 illos
1430 1824 1570 1912 oportet
1617 1815 1655 1888 Si
1691 1819 1745 1911 qui
1758 1832 1918 1898 pensurum
2024 1881 2029 1894 ,

385 1940 489 2029 magis
524 1933 642 2007 eruditi
675 1931 887 2024 videbuntur,
920 1934 1056 2006 ulterius
1086 1935 1270 2028 progressi,
1296 1930 1465 2023 negabunt
1491 1931 1641 2004 eamdem
1667 1955 1745 2006 esse

385 2053 515 2126 Rituum
551 2053 606 2146 qui
639 2049 793 2122 Rubriois
828 2052 1053 2140 continentur,
1086 2057 1121 2121 et
1154 2048 1375 2140 Liturgiarum
1415 2050 1635 2138 autoritatem,
1670 2071 1744 2120 oum

386 2171 460 2243 illae
487 2169 595 2241 desint
619 2171 653 2238 in
680 2169 819 2262 antiquis
847 2164 1042 2239 codicibus:
1069 2167 1102 2234 in
1130 2163 1203 2236 aliis
1223 2184 1344 2253 magna
1365 2165 1454 2235 circa
1480 2162 1553 2238 illas
1566 2163 1743 2236 lectionum

385 2290 529 2360 varietas
556 2284 764 2356 observetur.
806 2281 899 2353 Haec
926 2303 1008 2354 sane
1036 2301 1150 2352 amore
1175 2282 1324 2352 veritatis
1351 2301 1372 2349 a
1397 2277 1494 2352 nobis
1520 2278 1743 2374 proferuntur,

386 2423 428 2473 ex
460 2400 715 2472 Protestantium
748 2400 828 2471 ratis
871 2400 1061 2486 sententiis,
1102 2405 1324 2468 consectanea
1358 2397 1468 2490 potius
1502 2417 1599 2490 quam
1634 2417 1742 2486 argu-

385 2529 504 2607 menta,
530 2537 605 2587 cnm
631 2515 673 2587 de
699 2512 800 2587 rebus
828 2513 1006 2606 liturgicis
1033 2521 1089 2584 aut
1113 2510 1297 2584 Ritualibus
1319 2510 1426 2583 nullus
1453 2513 1623 2585 intereos
1649 2511 1742 2585 tole-

384 2630 530 2705 rabiliter
555 2634 746 2726 scripserit:
774 2653 833 2704 eas
860 2629 1017 2703 Claudius
1043 2632 1174 2724 penitus
1200 2629 1417 2720 ignoraverit.

486 2748 584 2836 Quod
610 2747 652 2821 de
677 2747 834 2839 Liturgiis
862 2745 982 2817 dictum
1007 2745 1085 2838 luit,
1115 2767 1229 2818 earum
1256 2743 1383 2816 scilicet
1407 2751 1519 2838 partes
1546 2748 1742 2840 praecipuas
1769 2745 2062 2818 arremarensem

384 2877 418 2939 et
442 2864 720 2954 sacramentales,
747 2865 896 2957 quamvis
921 2865 1013 2934 initio
1041 2865 1182 2957 scriptae
1208 2882 1276 2932 non
1301 2858 1456 2949 luissent,
1483 2860 1658 2932 traditione
1684 2870 1738 2933 ta-
1754 2841 1857 2972 ff'
1882 2837 2003 2906 ΨΜ
2020 2846 2078 2942 ““.

383 3005 470 3073 men,
502 3004 578 3071 usu,
612 2991 646 3052 et
680 3001 846 3052 consensu
879 2981 1021 3052 omnium
1053 2976 1279 3052 Ecclesiamm
1313 2974 1355 3048 ab
1382 2978 1471 3048 omni
1505 2971 1741 3071 suppositionis
1814 2960 1820 2974 '

383 3109 460 3172 nota
488 3101 569 3171 satis
594 3095 775 3186 vindicari,
808 3096 842 3168 id
867 3097 988 3191 potiori
1019 3096 1094 3187 jure
1129 3092 1171 3166 de
1203 3091 1393 3187 disciplinae
1419 3091 1562 3184 semilis,
1597 3114 1682 3188 quae
1708 3095 1760 3184 in·

384 3213 533 3287 rubricas
568 3211 718 3305 digestae
750 3223 843 3301 sunt,
877 3209 940 3283 dici
966 3210 1074 3284 debet.
1120 3209 1273 3305 Scriptae
1298 3231 1365 3281 non
1392 3217 1507 3299 erant,
1534 3207 1594 3282 sed
1620 3230 1740 3283 sacer-

385 3331 478 3405 dotes
505 3339 539 3402 et
563 3329 679 3424 reliqui
705 3326 856 3400 altarium
874 3330 1012 3402 ministri
1036 3327 1109 3400 illas
1138 3324 1305 3415 tenebant,
1332 3332 1366 3396 et
1390 3347 1437 3396 ex
1462 3347 1524 3398 usu
1550 3325 1739 3419 quotidiano

384 3449 571 3520 notissimas
597 3443 770 3516 habebant
813 3444 850 3516 lu
875 3443 1097 3538 Liturgiarum
1124 3441 1328 3514 Graecarum
1355 3439 1412 3513 vel
1436 3438 1626 3512 Latinarum
1651 3462 1740 3513 con-

292 3645 294 3650 ,
383 3572 476 3634 textu
508 3561 551 3632 de
586 3582 672 3655 aqua
696 3563 776 3633 vino
803 3559 972 3632 miscenda
998 3556 1077 3630 nihil
1100 3555 1350 3654 praescribitur:
1378 3566 1413 3628 et
1429 3567 1537 3628 omen
1551 3553 1740 3652 Cyprianus

384 3699 443 3749 eos
471 3680 526 3774 qui
553 3677 647 3750 aliter
672 3676 835 3765 lacerent,
861 3699 907 3748 ex
934 3677 1096 3746 communi
1120 3671 1346 3751 Ecclesiamm
1374 3671 1542 3767 disciplina
1577 3675 1740 3764 coarguit,

385 3793 500 3888 dequo
515 3792 678 3865 haesitant
702 3791 942 3882 Protestantes,
973 3793 1047 3886 quia
1074 3788 1264 3860 nullum-de
1291 3809 1332 3859 ea
1346 3789 1500 3860 mistione
1525 3798 1740 3883 praeceptum

384 3912 528 3981 occurrit
553 3913 586 3980 in
614 3911 719 3983 sacris
745 3901 859 3980 literis.
891 3906 1130 3981 Eucharistiam
1159 3904 1201 3976 ad
1227 3903 1383 3978 absentes
1409 3902 1508 3993 ferri,
1541 3913 1575 3974 et
1601 3928 1621 3976 a
1647 3903 1737 3976 lide-

381 4024 465 4100 libus
493 4024 625 4099 domum
652 4029 816 4121 asportari
843 4023 963 4097 docent
987 4021 1110 4094 infinita
1144 4019 1318 4115 exempla,
1344 4017 1423 4091 nibil
1445 4029 1555 4090 tamen
1581 4026 1739 4116 scriptum

382 4141 422 4214 de
449 4164 490 4214 ea
518 4139 755 4215 consuetudine
781 4151 858 4216 bruc
884 4151 967 4212 erat.
1002 4136 1129 4210 Eadem
1142 4136 1345 4210 moribundis
1373 4135 1585 4208 deserebatur
1612 4157 1657 4208 ex
1672 4159 1739 4208 an-

381 4261 471 4352 tiqua
496 4256 586 4349 lege,
612 4267 649 4329 ut
675 4254 791 4328 dicitur
816 4259 849 4327 in
863 4255 1014 4328 Nicaeno
1042 4253 1212 4328 Concilio:
1238 4252 1296 4325 lex
1311 4253 1365 4324 illa
1392 4256 1516 4347 scripta
1541 4273 1609 4324 non
1635 4264 1739 4343 extat,
1754 4260 1829 4318 Cone.
1841 4263 1894 4318 Nic.
1909 4263 1970 4316 can.
1982 4266 2023 4318 1³.

382 4374 627 4448 observabatur
651 4384 771 4447 tamen.
811 4371 994 4446 Infantibus
1027 4370 1166 4444 dabatur
1190 4369 1417 4458 Eucharistia,
1449 4373 1483 4440 in
1509 4369 1679 4464 baptismo
1706 4380 1740 4441 et

381 4493 413 4561 in
440 4489 655 4587 synaxibus:
691 4489 891 4564 servabatur
919 4487 975 4561 illa
1003 4488 1045 4561 ad
1070 4485 1208 4560 Missam
1234 4484 1622 4558 Praesanctilicatomm:
1649 4483 1739 4556 domi

381 4609 478 4678 etiam
505 4630 526 4678 a
551 4604 712 4678 fidelibus.
738 4605 843 4678 Facta
868 4606 952 4678 baec
978 4627 1056 4679 esse
1083 4607 1204 4676 scimus
1219 4611 1254 4672 et
1275 4601 1328 4673 diu
1343 4603 1512 4692 viguisse:
1539 4622 1602 4672 nec
1628 4611 1738 4674 tamen

363 4723 413 4804 ,in
437 4721 593 4795 Rubricis
621 4720 795 4818 quidquam
822 4719 928 4795 simile
954 4720 1092 4813 legitur:
1118 4729 1154 4790 ut
1167 4739 1276 4812 neque
1295 4717 1337 4790 de
1363 4739 1443 4789 cura
1468 4716 1630 4809 religiosa
1647 4721 1737 4791 circa

379 4833 637 4930 Eucharistiam,
671 4860 757 4934 quae
791 4841 900 4910 omnia
926 4858 990 4910 nec
1018 4839 1160 4924 omissa,
1186 4843 1250 4907 uec
1275 4837 1408 4906 noviter
1433 4834 1619 4907 introducta
1646 4857 1737 4923 esse,

380 4963 510 5028 constat
542 4975 587 5027 ex
620 4957 720 5028 certis
757 4957 962 5049 antiquomm
988 4954 1202 5040 testimoniis,
1236 4973 1374 5045 quorum
1400 4949 1500 5023 multa
1528 4950 1606 5023 alibi
1632 4950 1738 5024 relata

379 5077 461 5138 sunt
488 5069 570 5142 Illud
595 5093 679 5146 vero
708 5068 945 5145 observatione
972 5067 1105 5163 dignum
1131 5078 1201 5159 est,
1229 5065 1336 5163 quod,
1364 5089 1437 5138 cum
1466 5065 1643 5159 Claudius,
1669 5090 1737 5140 non
1750 5073 1847 5144 rapa
1862 5068 2055 5131 nataae.

402 5203 513 5251 romunt
1508 5183 1531 5254 9
