4760 6038
350 2741 542 2808 Undepetenda
555 2743 587 2794 sit
600 2739 641 2794 di-

333 2827 458 2896 sciplinre
481 2829 641 2882 Eucharisti-

332 2931 383 2969 cac
402 2917 525 2986 cognitio.

657 567 768 642 LXVI
1155 569 1540 648 DISSERTATIO

659 762 733 833 sine
748 761 1035 832 commiseratione
1050 759 1260 852 ignorantiae
1278 755 1547 832 advorsariomm
1562 780 1709 850 suorum,
1736 755 1896 853 negasset
1921 761 2020 834 ullum

660 875 855 972 disciplinae
889 878 1075 972 praesentis
1113 873 1200 971 apud
1231 884 1366 948 veteres
1400 897 1478 948 esso
1503 877 1704 972 vestigium,
1735 876 1822 949 uude
1866 901 1941 950 eam
1975 900 2021 950 ex

660 991 1033 1066 transubstantiatione
1061 993 1218 1088 opinione
1243 1000 1354 1062 natam
1380 1001 1415 1064 et
1439 1002 1659 1089 propagatam
1686 1015 1764 1066 esse
1791 992 2022 1086 concludebat,

659 1111 867 1200 ignoraverit
899 1110 973 1204 ipse
1007 1111 1041 1178 in
1067 1105 1237 1179 'lheodori
1265 1105 1526 1199 Cantuariensis,
1553 1108 1679 1200 bedae,
1705 1108 1902 1202 Reginonis,
1929 1109 2021 1184 Bur-

659 1223 791 1314 chardi,
824 1223 952 1298 Yvonis
987 1235 1021 1298 et
1053 1225 1191 1298 aliomm
1217 1222 1444 1312 collectaneis,
1478 1247 1555 1299 esse
1582 1226 1845 1321 quamplurima
1873 1226 2021 1320 ejusdem

660 1341 857 1436 disciplinae
883 1344 1081 1415 testimonia.
1133 1341 1187 1413 De
1214 1338 1353 1412 Graecis
1379 1340 1549 1413 autoribus
1575 1341 1656 1413 nihil
1682 1342 1831 1433 dicimus,
1858 1365 1934 1416 nam
1961 1366 2022 1418 eos

659 1478 723 1528 nee
751 1456 792 1529 de
820 1457 912 1529 titulo
940 1457 1081 1553 quidem,
1111 1454 1268 1530 Claudius
1294 1465 1456 1546 noverat3
1484 1455 1670 1531 Orientales
1697 1456 1941 1533 multominus.
1978 1460 2023 1532 Et

658 1558 769 1645 tamen
805 1595 891 1668 quae
924 1583 997 1645 erat
1028 1572 1168 1646 hominis
1204 1571 1420 1662 confidentia,
1452 1575 1546 1668 quasi
1577 1572 1716 1648 Latinos
1756 1597 1871 1650 omnes
1903 1574 2020 1664 libros,

658 1689 823 1781 Graecos,
849 1689 1029 1786 Syriacos,
1054 1688 1243 1781 Arabicos,
1277 1686 1449 1785 Copticos,
1481 1687 1677 1785 Athiopicos
1705 1690 1908 1783 evolvisset,
1942 1690 2021 1764 nihil

657 1809 691 1878 in
726 1805 789 1880 illis
817 1827 895 1879 esse
928 1805 1015 1878 unde
1047 1805 1198 1879 adoratio
1230 1808 1442 1894 sacramenti,
1475 1812 1531 1877 aut
1555 1805 1715 1898 religiosa
1742 1806 1904 1880 donorum
1930 1829 2019 1882 con-

658 1931 863 1996 seoratomm
890 1944 970 1994 cura
995 1922 1132 2019 probari
1157 1930 1286 2019 posset,
1314 1919 1495 1994 affirmavit.
1522 1920 1653 2017 Reliqui
1669 1922 1754 1995 hone
1768 1930 2020 2000 controversiae

657 2049 787 2136 partem
820 2043 882 2110 vix
917 2043 1111 2132 attigenmt:
1148 2049 1271 2110 mnhrm
1299 2037 1406 2126 abest,
1432 2047 1468 2109 ut
1494 2041 1576 2109 novi
1602 2038 1791 2134 quidquam,
1818 2062 1884 2136 quo
1911 2039 2020 2115 Clau-

659 2155 757 2228 diana
784 2155 954 2228 affirman
977 2159 1163 2248 juvaretur,
1190 2154 1416 2250 produxerint.
1443 2154 1558 2248 ltaque
1585 2157 1613 2228 si
1628 2177 1755 2228 summo
1771 2158 1848 2247 jure
1865 2169 2021 2250 ageretur

656 2271 886 2368 postulandum
905 2281 1014 2361 esset,
1041 2271 1248 2346 solummodo
1274 2282 1310 2343 ut
1335 2265 1544 2370 παράδοξον
1569 2269 1648 2342 illud
1674 2275 1874 2364 argumentis
1902 2275 2019 2349 saltem

655 2386 883 2485 probabilibus
910 2387 1171 2476 confirmaretur,
1198 2387 1259 2460 sed
1285 2391 1455 2482 quianon
1482 2385 1711 2476 contendendi,
1725 2409 1841 2460 veram
1868 2395 2017 2466 veritatis

654 2508 689 2575 in
715 2503 807 2576 clara
822 2505 897 2576 luce
912 2501 1128 2576 collocandae
1155 2503 1275 2594 studio,
1302 2504 1386 2576 haec
1412 2513 1555 2576 tractare
1582 2505 1713 2596 agressi
1731 2525 1856 2596 sumus,
1881 2505 2018 2580 ulterius

654 2621 916 2717 progrediemur.
1543 2625 1545 2628 ’

759 2737 854 2823 Quae
880 2741 923 2812 sit
936 2736 1152 2826 Graecorum,
1178 2736 1370 2810 Latinorum
1398 2747 1431 2809 et
1444 2736 1657 2809 Orientalium
1683 2737 1853 2833 disciplina
1878 2738 2017 2813 Eucha-

654 2858 779 2944 ristica,
805 2876 937 2925 nonen
962 2852 1161 2944 mmon'bus,
1189 2864 1246 2925 aut
1265 2877 1354 2926 vana
1367 2853 1528 2926 relatione
1550 2853 1716 2926 hominmn
1735 2854 1821 2927 aliud
1838 2859 2017 2948 agentium,

655 2992 766 3066 neque
793 2974 873 3044 satis
905 2968 970 3041 lide
1003 2968 1196 3062 dignorum,
1232 2979 1377 3042 statuere
1404 2979 1556 3064 oportet,
1590 2991 1663 3040 cum
1697 2968 1752 3041 illa
1784 2993 1830 3042 ex
1865 2969 2018 3067 publicae

655 3089 840 3161 autoritatis
865 3084 958 3158 libris
984 3085 1127 3182 petenda
1154 3088 1205 3158 sit.
1231 3085 1322 3158 Illam
1350 3095 1457 3157 autem
1475 3083 1598 3157 habent
1611 3083 1760 3158 Rituales
1783 3088 2017 3183 cujuscumque

654 3203 807 3294 linguae,
843 3225 889 3274 ex
922 3200 1039 3297 quihus
1071 3200 1260 3294 intelligitur
1295 3201 1372 3297 quid
1405 3200 1652 3275 observandum
1681 3201 1834 3276 Ecclesia
1866 3227 2017 3300 quaeque

654 3321 917 3415 praescripserit.
969 3317 1006 3391 Si
1032 3316 1110 3414 qnid
1135 3328 1251 3390 contm
1277 3327 1448 3413 peceatum
1475 3339 1553 3393 esse
1586 3316 1871 3409 animadvertitur,
1906 3319 2016 3413 legem

653 3457 721 3509 non
747 3435 837 3524 iacit,
863 3437 1059 3531 praesertim
1079 3455 1154 3506 cum
1180 3455 1311 3528 poenae
1338 3433 1500 3508 adversus
1528 3432 1718 3529 disciplinae
1732 3444 2013 3531 transgressores,

654 3550 844 3647 etquidem
878 3554 1100 3644 gravissimae
1135 3559 1328 3622 statuantur.
1362 3551 1484 3624 lama
1519 3551 1633 3646 primis
1658 3549 1834 3624 Ecclesiae
1868 3553 2012 3626 saeculis

654 3666 785 3741 horrori
810 3665 871 3739 luit
896 3688 1068 3740 sacromm
1094 3687 1264 3738 munerum
1290 3664 1490 3762 profanatio,
1517 3666 1606 3761 quod
1627 3668 1754 3739 etiamsi
1780 3672 2012 3744 vausttssimis

654 3786 849 3856 testimoniis
875 3804 944 3856 non
968 3780 1178 3878 probaretur,
1205 3781 1390 3871 Athanasii,
1418 3780 1541 3878 Optati,
1568 3780 1706 3854 Palladii
1732 3792 1766 3854 et
1784 3780 2013 3880 chrysostomi

655 3904 829 3973 autoritate
855 3909 981 3970 certum
1008 3908 1068 3970 est.
1095 3896 1213 3991 Neque
1238 3897 1338 3973 valde
1364 3896 1581 3970 laborandum
1606 3907 1642 3970 ut
1668 3897 1709 3970 od
1723 3921 1882 3972 summam
1907 3920 2014 3995 usque

658 4025 856 4089 vetustatem
884 4023 986 4089 testes
1014 4013 1068 4086 alii
1094 4017 1339 4108 conquirantur,
1366 4036 1440 4086 cum
1466 4017 1496 4087 si
1527 4025 1645 4110 quarto
1683 4016 1819 4088 saeculo
1845 4014 1929 4088 haec
1956 4016 2012 4089 di-

655 4131 794 4228 sciplina
819 4133 968 4224 viguisse
984 4127 1196 4221 intelligatur,
1223 4133 1441 4226 antiquiorem
1456 4129 1562 4204 fuisse
1587 4151 1730 4204 neeesse
1756 4135 1807 4206 sit.
1835 4131 2013 4207 Gravissi-

653 4270 742 4319 mmn
768 4252 855 4320 eninr
881 4249 1006 4317 crimen
1031 4243 1226 4336 DonatistiS,
1257 4249 1390 4320 Arianis
1424 4255 1459 4318 et
1485 4246 1717 4342 Chrysostomi
1742 4250 2012 4343 persecutoribus

654 4364 887 4457 objiciebatur:
916 4361 1004 4460 quod
1030 4362 1152 4435 nullum
1177 4361 1305 4451 lusisset,
1332 4365 1395 4436 nisi
1420 4383 1592 4435 sacrorum
1606 4363 1714 4456 leges,
1741 4363 1903 4438 adversus
1930 4385 2012 4461 quas

654 4482 696 4554 ab
723 4484 807 4579 ipsis
834 4491 1008 4577 peccatum
1033 4486 1118 4568 erat,
1142 4489 1301 4574 receptae
1327 4477 1446 4575 ubique
1473 4478 1624 4568 finissent,
1654 4499 1720 4550 non
1745 4481 1877 4552 noviter
1902 4482 2012 4552 mtro-

654 4598 783 4670 ductae.
824 4597 891 4671 illis
917 4619 1003 4669 vero
1029 4596 1233 4692 temporibus
1260 4606 1447 4693 corruptam
1471 4599 1540 4688 jam
1562 4594 1667 4669 brisso
1685 4593 1888 4684 Ecclesiam,
1913 4617 2012 4668 nemo
2140 4643 2145 4672 t

653 4713 753 4786 iacile
788 4711 919 4804 credet,
959 4716 1111 4809 quamvis
1138 4724 1270 4788 sanctos
1303 4712 1378 4786 illos
1404 4711 1522 4786 Patres
1548 4713 1763 4807 importunius
1790 4711 1952 4803 sacrificii,
1979 4723 2014 4785 et

656 4827 729 4900 aliis
757 4830 918 4922 ejusmodi
944 4828 1085 4903 vocibus
1122 4827 1245 4904 abusos
1280 4850 1359 4904 esse
1386 4827 1546 4902 Calvinus
1573 4827 1685 4901 dicere
1710 4849 1779 4901 non
1804 4827 2011 4903 dubitaverit

654 4943 729 5017 lloc
755 4967 822 5017 non
851 4949 978 5039 agitur,
1013 4944 1073 5018 sed
1103 4945 1181 5016 illud
1208 4944 1431 5019 tantummodo
1459 4948 1637 5041 quaeritur,
1664 4965 1706 5016 an
1732 4942 1893 5035 eamdem,
1927 4967 2012 5040 quae

652 5061 688 5130 in
723 5064 865 5157 antiquis
902 5061 966 5136 illis
1003 5059 1172 5136 autoribus
1204 5064 1398 5156 condgnata
1432 5071 1502 5153 est,
1535 5063 1757 5137 reverentiam
1791 5063 1881 5135 circa
1914 5085 2011 5136 sacra
