4670 6046
680 603 682 608 ·
744 578 820 652 250
1171 559 1173 562 ’
1247 574 1681 654 oonnnnrnarns

744 762 894 836 Quorsum
917 763 994 824 enirn
1016 762 1220 824 scriberentur
1241 762 1272 823 in
1295 761 1554 826 sacramentorum
1583 760 1667 823 libris
1697 759 1866 823 omnia'illa
1884 777 1962 840 quae
1984 777 2105 824 nonen

745 861 859 940 codice,
883 859 937 922 sad
960 879 999 922 ex
1021 879 1088 938 osu,
1112 858 1347 941 quotidianoque
1375 861 1539 922 ministerio
1563 858 1760 935 Sacerdotes,
1790 866 1821 920 ct
1848 859 1973 920 Diaconi
2003 858 2105 924 disoe-

743 959 840 1022 bant?
863 959 956 1021 Aiunt
978 959 1207 1022 Protestantium
1229 959 1377 1041 plerique,
1402 959 1605 1021 innocentium
1628 957 1680 1022 lV.
1710 956 1865 1021 induxisse
1894 975 2010 1020 morem
2032 960 2106 1022 ado-

743 1058 857 1122 randae
879 1057 1102 1121 Eucharistiae:
1134 1057 1293 1122 ostendant
1322 1057 1373 1120 ubi
1388 1057 1432 1119 -id
1460 1058 1661 1138 perscriptum
1688 1057 1736 1118 sit.
1782 1055 1982 1120 Ostendemus
2004 1066 2106 1122 contra

744 1157 983 1222 sacramentales
1004 1157 1113 1236 libros,
1138 1164 1168 1219 et
1190 1157 1310 1239 quidem
1332 1157 1450 1232 multos,
1473 1155 1550 1218 illius
1574 1164 1674 1219 aetate
1695 1156 1884 1218 recentiores
1908 1159 1958 1238 qui
1987 1176 2027 1220 ne
2049 1176 2107 1220 no-

743 1266 804 1320 tam
827 1257 946 1338 quidem
967 1256 1098 1319 habeant
1120 1256 1305 1319 adorationis
1325 1255 1547 1318 Eucharistiae:
1578 1272 1677 1336 neque
1700 1261 1799 1316 tamen
1822 1253 1934 1318 idcirco
1958 1274 2025 1320 cam
2047 1276 2104 1320 non

745 1356 898 1420 adoratam
920 1355 1025 1432 luisse,
1047 1354 1099 1417 vel
1120 1355 1178 1436 ipsi
1201 1362 1245 1418 tot
1267 1354 1490 1436 paradoxoruor
1513 1361 1634 1416 autores
1657 1353 1802 1416 ailirmare
1826 1353 1986 1417 audebunt.

473 1471 655 1525 hdomnonem
676 1471 732 1523 Ea·
831 1455 889 1517 Par
917 1453 971 1516 luit
999 1454 1193 1516 Orientalium
1220 1453 1425 1517 Ecclesiarum
1453 1455 1545 1532 ratio,
1572 1453 1623 1516 ubi
1646 1468 1853 1533 quaecumque
1883 1452 1920 1516 ad
1948 1455 2006 1516 rite
2034 1472 2130 1535 per-.

421 1557 558 1611 eucaristiae
593 1559 732 1611 observant
744 1553 870 1616 licienda
895 1555 1086 1618 Sacramenta
1109 1552 1295 1634 spectabant,
1320 1553 1550 1616 seriusomnino
1573 1553 1603 1614 in
1625 1551 1727 1614 literas
1749 1552 1837 1614 missa
1861 1561 1940 1630 sunt,
1964 1554 2032 1633 quia
2047 1554 2107 1616 Co-

422 1640 571 1698 orientales.

745 1655 828 1716 dices
852 1651 1036 1716 orationibus
1059 1651 1132 1714 solis
1156 1651 1349 1732 constabant,
1380 1651 1455 1714 ritus
1486 1650 1555 1712 alibi
1577 1650 1774 1726 notabantur,
1807 1651 1897 1714 etiam
1927 1669 1994 1712 cnm
2017 1655 2107 1716 scribi
2161 1697 2166 1706 ·

745 1760 921 1835 coeperunt.
944 1752 990 1814 De
998 1751 1120 1812 Graecis
1130 1760 1213 1813 certa
1225 1759 1256 1813 et
1268 1752 1507 1814 constantissima
1519 1750 1639 1818 traditio
1647 1749 1756 1812 dudum
1768 1749 2107 1834 ipsarumLiturgiarum

744 1851 905 1915 Codicibus
928 1852 1104 1933 consignata
1127 1858 1188 1912 est:
1213 1867 1266 1913 eos
1289 1850 1435 1932 Aegyptii
1461 1848 1616 1912 lacobitae
1645 1850 1856 1923 summitati,
1886 1856 1918 1910 ut
1948 1847 2029 1928 quod
2053 1867 2108 1912 osu

743 1951 903 2014 stabilitum
919 1959 994 2027 erat,
1011 1952 1039 2013 in
1053 1949 1187 2012 llituales
1204 1949 1309 2024 libros,
1325 1957 1376 2011 aut
1391 1947 1573 2031 Liturgicos,
1588 1951 1639 2028 qui
1655 1949 1825 2030 adjunctum
1838 1947 1986 2010 baberent
1999 1965 2108 2010 caere-

743 2051 907 2112 moniarum
932 2057 1106 2132 apparatum
1131 2047 1249 2110 tandem
1270 2047 1473 2126 reserrentur,
1498 2066 1576 2128 quae
1600 2047 1638 2109 ad
1659 2048 1874 2123 ostensionem,
1895 2046 2104 2122 elevationem,

743 2148 1009 2229 adorationemque
1035 2148 1241 2212 Eucharistiae
1262 2146 1448 2228 spectabant.
1493 2145 1632 2210 lllavero
1659 2146 1830 2228 disciplina,
1859 2146 1955 2227 qualis
1984 2166 2024 2208 ex
2045 2146 2108 2208 Ga-

741 2248 844 2312 brielis
867 2248 1060 2311 Patriarcbae
1084 2247 1231 2318 llitualia
1260 2247 1346 2309 nobis
1370 2247 1507 2326 exposita
1530 2253 1592 2321 est,
1616 2245 1735 2326 plenam
1757 2244 1849 2308 babet
1871 2263 1911 2307 cx
1933 2246 2027 2324 ipsius
2048 2263 2108 2308 no-

741 2349 820 2410 mine
838 2349 1038 2423 autoritatem,
1053 2347 1195 2428 majorem
1207 2345 1304 2407 adhuc
1324 2364 1363 2408 ex
1378 2363 1444 2420 usu,
1464 2351 1495 2407 et
1513 2344 1672 2408 traditione
1695 2344 1829 2425 ejusdem
1844 2345 2014 2422 Ecclesiae,
2032 2363 2108 2424 quae

741 2447 814 2510 satis
843 2453 969 2528 apparet
991 2465 1031 2508 ex
1059 2445 1228 2507 testimonio
1260 2443 1365 2507 Severi
1394 2443 1536 2525 Episcopi
1567 2443 1848 2522 Ascbmoninensis,
1882 2445 1934 2526 qui
1963 2444 2107 2525 quadrin-

741 2548 841 2630 gentis
872 2546 957 2607 annis
985 2545 1136 2608 scribebat
1170 2552 1239 2606 ante
1273 2543 1450 2606 Gabrielem.
1479 2607 1481 2610 ,
1510 2543 1584 2605 Nam
1618 2561 1658 2605 ex
1692 2544 1827 2626 ejusdem
1861 2543 1968 2606 Severi
2004 2541 2105 2605 verbis

741 2644 926 2728 agnoscitur,
950 2652 981 2706 ct
1005 2642 1150 2705 elevatam
1173 2661 1227 2705 sua
1251 2650 1348 2706 aetate
1371 2642 1464 2705 inisse
1485 2641 1723 2722 Eucharistiam,
1745 2650 1777 2706 et
1800 2643 1964 2718 adoratam,
1988 2639 2106 2721 quando

739 2761 851 2823 preces
874 2741 912 2804 ad
927 2742 1076 2805 Christum
1098 2743 1128 2803 in
1152 2761 1188 2804 ea
1210 2750 1401 2822 praesentem
1423 2740 1512 2824 dirigi
1534 2742 1775 2823 praecipiuntur:
1797 2742 1867 2804 illae
1882 2759 2002 2822 nempe,
2024 2739 2106 2800 licata

737 2843 891 2922 propitios
913 2850 977 2904 esto
1006 2843 1079 2904 mibi
1104 2842 1280 2921 peccatori:
1309 2849 1339 2903 et
1360 2840 1506 2902 Memento
1528 2842 1587 2902 mei
1607 2840 1745 2932 Comme,
1767 2841 1837 2904 dum
1858 2842 1980 2903 cenem
2001 2841 2032 2900 in
2052 2858 2108 2899 re-

740 2959 831 3021 pnnm
852 2949 952 3003 tuom:
975 2949 1035 3002 tum
1058 2940 1283 3003 adhortationes
1307 2940 1413 3004 Severi
1436 2941 1539 3020 ipsius,
1562 2938 1686 3004 Actoris
1708 2939 1901 3004 Homiliarnm
1924 2939 1962 3002 dc
1986 2936 2106 3002 Circolo

742 3041 827 3102 anni:
849 3038 986 3120 publicae
1009 3040 1097 3102 etiam
1120 3039 1319 3101 Diaconorum
1341 3037 1400 3100 hoc
1421 3039 1489 3120 ipso
1513 3039 1592 3102 sacri
1615 3039 1704 3102 ollicii
1725 3039 1806 3116 loco,
1828 3038 1866 3102 ad
1888 3037 2033 3099 orandum
2054 3035 2104 3096 in-

740 3140 862 3218 tentius,
887 3157 954 3201 cum
978 3139 1084 3202 timore
1108 3147 1138 3202 et
1161 3146 1303 3216 tremore,
1328 3137 1498 3219 Christique
1522 3139 1551 3200 in
1574 3138 1659 3202 disco
1677 3137 1884 3202 Eucharistico
1908 3136 2050 3218 porrecti,
2074 3141 2106 3198 ct

741 3237 881 3302 immolati
910 3237 998 3302 tidem
1032 3238 1263 3318 memoriamque
1294 3237 1496 3300 excitandam:
1530 3255 1607 3318 quae
1639 3237 1737 3301 omnia
1768 3255 1834 3299 cum
1864 3237 1970 3298 summi
1997 3235 2104 3312 cultus,

742 3336 838 3417 qualis
857 3329 925 3400 Deo
947 3336 1006 3400 soli
1028 3335 1173 3400 exhibere
1196 3336 1329 3418 legitime
1352 3343 1463 3416 potest,
1486 3335 1581 3398 cilicia
1604 3336 1674 3412 sint,
1696 3338 1791 3416 ipsam
1810 3351 1932 3418 quoque
1949 3333 2105 3398 adoratio-

741 3453 820 3511 nem,
843 3455 1047 3517 summumque
1070 3434 1226 3515 religionis
1249 3443 1346 3497 actum
1369 3434 1456 3497 simul
1478 3434 1727 3517 complectuntur.
1758 3435 1832 3499 Cum
1855 3438 1935 3498 enirn
1956 3433 2106 3515 Propheta

741 3536 841 3598 scelus
863 3535 1049 3599 idololatriae
1071 3535 1222 3616 sculptilia
1246 3535 1302 3596 sibi
1323 3533 1530 3597 fabricantium
1554 3536 1724 3619 exagitaret
1746 3535 1964 3613 vehementius,
1988 3550 2106 3614 expro-

740 3635 808 3697 brat
829 3634 899 3712 illis,
923 3636 1003 3716 quod
1026 3634 1145 3698 tandem
1168 3634 1321 3713 dicerent,
1344 3632 1458 3696 Libero
1481 3653 1529 3694 mc
1557 3636 1630 3716 quio
1660 3633 1742 3696 Deae
1763 3652 1848 3696 meter
1869 3653 1902 3695 ca
1923 3641 1965 3695 tu.
2010 3630 2106 3710 thue

455 3731 480 3786 2.
504 3735 529 3786 2·
554 3751 577 3800 a·
594 3733 638 3784 ⁸3·
658 3750 682 3783 a.
701 3733 727 3783 ³·
741 3743 826 3798 recte
848 3733 884 3796 l).
908 3733 1046 3797 Thomas.
1091 3733 1154 3795 Per
1174 3736 1342 3796 orationem
1363 3734 1450 3796 bomo
1472 3733 1538 3796 Deo
1560 3735 1761 3796 reverentiam
1782 3733 1919 3808 cohibet,
1947 3735 1981 3794 in
2008 3749 2108 3811 quoa-

420 3819 592 3886 qfflma

453 4645 483 4697 P.
502 4647 545 4698 23.
565 4645 580 4696 t
601 4645 642 4696 ld.

742 3843 804 3897 tone
824 3835 870 3896 illi
890 3852 923 3894 ae
945 3833 1073 3912 subjicit,
1096 3842 1126 3896 et
1142 3833 1301 3913 profitetur
1323 3833 1441 3895 mondo
1464 3852 1497 3894 ac
1519 3853 1555 3894 eo
1577 3833 1729 3913 indigere,
1759 3834 1837 3894 sicut
1858 3838 1964 3894 autore
1986 3821 2108 3892 mmm

742 3933 907 3996 bonorum:
930 3941 960 3995 et
983 3941 1015 3995 ut
1037 3933 1095 3996 alio
1118 3932 1187 3995 loco
1211 3931 1310 4010 docet,
1334 3929 1447 4012 duplex
1476 3930 1610 3995 adoratio
1634 3939 1690 4006 est,
1713 3931 1876 4013 spiritualis
1902 3947 1981 4010 quae
2004 3928 2108 3992 consi-

743 4035 793 4094 stit
814 4033 844 4094 in
867 4031 1004 4096 interiori
1025 4033 1131 4124 mentis
1154 4032 1333 4108 devotione,
1357 4039 1388 4094 et
1409 4014 1592 4111 iorporalis,
1626 4048 1704 4112 quae
1735 4030 1871 4094 consistit
1900 4031 1930 4091 in
1959 4027 2104 4092 exteriori

743 4132 881 4213 corporis
904 4131 1118 4197 humiliatione:
1148 4150 1213 4194 eam
1241 4129 1385 4193 exhibent
1406 4129 1512 4212 procul
1535 4129 1640 4208 dubio,
1663 4133 1732 4212 qui,
1763 4138 1795 4193 ut
1818 4129 1956 4212 Coptitae
1985 4126 2108 4203 iaciunt,

743 4231 781 4295 ad
809 4231 1025 4294 Eucharistiam
1055 4231 1188 4312 dirigunt
1224 4247 1334 4311 preces
1369 4247 1425 4310 pro
1456 4230 1662 4292 misericordia
1691 4230 1894 4311 impetranda,
1928 4227 2108 4309 praesertim

744 4332 873 4412 quando,
898 4337 929 4392 ut
953 4349 992 4393 ex
1014 4327 1100 4392 dictis
1123 4328 1310 4392 manifestum
1333 4336 1391 4408 est,
1415 4328 1551 4392 interiori
1573 4328 1615 4392 illi
1638 4328 1791 4393 devotioni
1814 4329 2010 4404 exteriorem,
2032 4341 2107 4407 pro-

742 4431 917 4494 strationem
940 4428 1056 4494 scilicet
1078 4430 1227 4510 corporis,
1251 4437 1282 4492 et
1305 4429 1379 4492 alios
1402 4427 1536 4490 bonores
1562 4428 1737 4512 adjungunt

1119 4636 1295 4728 Confessio
1325 4634 1456 4727 Corpoa
1481 4641 1641 4722 sonetum,
1670 4641 1733 4706 cto.

457 4851 593 4904 Contenta
604 4851 731 4904 tractante
835 4811 1030 4888 Pnnvnnrrros
1045 4823 1165 4886 tandem
1179 4822 1294 4885 adeam
1316 4821 1470 4905 Liturgiae
1492 4829 1608 4903 partem
1625 4782 1703 4902 qnae
1717 4820 1952 4884 communionem
1971 4819 2108 4899 proxime

747 4926 914 5003 antecedit,
937 4932 967 4986 et
990 4941 1066 5005 quae
1096 4923 1318 4986 confessionem
1340 4922 1474 4984 continet
1502 4920 1540 4984 de
1569 4922 1697 4984 veritate
1724 4921 1862 5001 corporis
1893 4927 1924 4982 et
1952 4918 2108 5001 sanguinis

745 5025 863 5088 Domini
884 5024 959 5088 lesu
981 5023 1091 5086 Christi
1119 5025 1149 5085 in
1179 5021 1384 5101 Eucharistia,
1414 5030 1473 5085 tam
1505 5021 1711 5102 perspicuam,
1746 5028 1805 5083 tam
1832 5016 2044 5095 indubitatam,
2075 5022 2109 5076 ut

306 5005 310 5010 .
407 4937 639 5018 Commodianam.
