4760 6038
776 480 1398 560 enutriensrtrr.
1721 435 1827 558 15¹

504 670 690 743 Sacerdos.
732 669 910 742 Benedixit
936 671 1078 758 eum.†

504 786 666 880 Populos.
711 785 831 858 Amen.

503 901 688 974 Sacerdos.
732 899 960 974 sanctificavit
987 902 1128 989 eum.†

502 1017 664 1113 Populos.
706 1017 827 1089 Amen.

503 1133 689 1212 Sacerdos.
729 1131 904 1224 Gustavit,
937 1142 971 1204 et
998 1131 1087 1204 dedit
1119 1131 1288 1229 discipulis
1322 1133 1392 1204 suis
1424 1140 1459 1204 et
1483 1131 1658 1228 Apostolis
1685 1155 1773 1206 san-
1825 1137 1830 1164 ¹

399 1251 461 1323 otis
488 1248 616 1340 dicens,
642 1248 797 1345 Accipite
823 1245 926 1320 bibite
953 1271 1000 1320 ex
1026 1271 1069 1320 eo
1097 1269 1224 1322 omnes.
1251 1247 1314 1319 Hic
1341 1257 1395 1320 est
1420 1249 1508 1320 enim
1526 1250 1664 1340 sanguis
1677 1273 1773 1323 meus

398 1368 481 1436 novi
506 1365 713 1438 Testamenti
741 1367 796 1460 qui
823 1363 997 1437 ellimditur
1023 1386 1086 1460 pro
1100 1363 1215 1454 vobiS,
1242 1371 1349 1459 etpro
1363 1363 1474 1436 multis
1491 1365 1523 1434 in
1540 1365 1773 1439 remissionem

399 1491 633 1577 peecatorum
659 1479 725 1552 hoc
750 1479 853 1553 facite
878 1484 912 1550 in
939 1483 1005 1552 mei
1031 1481 1235 1552 memoriam.

502 1595 678 1668 Sacerdos
705 1596 847 1667 calicem
872 1599 909 1666 in
936 1597 1049 1668 crocis
1071 1600 1220 1690 sorrnam
1244 1596 1400 1686 movebit,
1428 1599 1480 1668 ita
1507 1603 1618 1668 amer
1644 1603 1682 1668 ot
1706 1619 1775 1669 noo

400 1715 515 1808 apitet.

504 1827 658 1920 Populos
685 1826 784 1898 dicet.
812 1825 935 1917 Amen,
960 1825 1026 1899 boc
1052 1829 1097 1899 ita
1125 1837 1186 1900 est.
1302 1851 1308 1866 ·

501 1941 686 2015 Sacerdos.
723 1941 1007 2038 Quotiescumque
1038 1941 1278 2016 manducabitis
1297 1965 1353 2015 ex
1378 1942 1445 2016 hoc
1470 1966 1572 2041 pane,
1599 1953 1634 2016 et
1650 1943 1773 2020 bibetis

399 2081 446 2131 ex
471 2058 535 2131 boc
562 2060 680 2149 cabce,
707 2067 848 2132 mortem
873 2079 984 2130 meam
1020 2058 1260 2131 annunciabitis
1294 2069 1327 2130 et
1357 2061 1639 2132 resurrectionem
1665 2085 1774 2136 meam

398 2173 643 2266 confitebimini,
669 2177 802 2270 meique
828 2195 996 2247 memores
1024 2175 1117 2246 eritis
1145 2173 1253 2246 donec
1279 2177 1425 2247 veniam.

501 2291 664 2384 Poprdos.
691 2291 835 2364 Mortem
862 2299 951 2362 tuam
978 2291 1215 2364 annunciamus
1241 2289 1404 2382 Domine,
1431 2299 1466 2362 et
1490 2295 1773 2365 resurrectionem
1816 2289 1879 2398 ,ὃν
1928 2293 2024 2349 (ἔνατόν
2054 2315 2100 2350 σου

396 2415 486 2479 tuam
511 2406 716 2480 confitemur.

499 2521 684 2595 Sacerdos.
724 2521 922 2594 Memoriam
954 2523 1084 2613 agimus
1110 2524 1278 2618 passionis
1306 2523 1380 2612 ejus
1412 2531 1573 2612 sanctae,
1611 2546 1774 2597 resurre-

394 2640 515 2710 ctionis
543 2641 616 2730 ejus
644 2661 664 2710 a
691 2639 847 2728 mortuis,
874 2639 1081 2710 ascensionis
1107 2641 1142 2709 in
1170 2637 1318 2730 coelum,
1346 2645 1381 2710 et
1411 2641 1574 2713 sessionis
1600 2642 1705 2736 ipsius
1732 2642 1775 2714 ad

395 2753 571 2827 dexteram
597 2764 698 2844 tuam,
726 2777 747 2826 o
774 2752 894 2825 Pater:
922 2753 1061 2825 secundi
1081 2756 1180 2826 etiam
1207 2755 1354 2849 ipsiuse
1381 2753 1480 2827 coelo
1505 2755 1669 2830 adventus
1698 2765 1774 2829 ter-

392 2866 499 2942 ribilis
539 2881 573 2941 et
607 2869 716 2962 gloria
752 2865 954 2964 plenissimi,
989 2869 1225 2963 offerimusque
1258 2868 1317 2941 tibi
1351 2868 1438 2942 baec
1473 2870 1562 2944 dona
1599 2895 1645 2944 ex
1676 2872 1775 2946 bonis

393 2987 473 3077 tuis,
500 3007 562 3082 pro
590 2983 755 3077 omnbus,
782 3007 829 3056 ex
855 2981 1020 3077 omnibus,
1048 2994 1083 3057 et
1107 2989 1141 3057 in
1166 2981 1330 3058 omnibus.

498 3102 687 3174 Diaconos.
727 3099 881 3173 Adorate
907 3099 1017 3174 Deum
1043 3123 1119 3173 cum
1146 3105 1266 3174 timore
1294 3112 1329 3173 et
1354 3111 1511 3176 tremore.

791 3356 966 3429 Sacerdos
993 3356 1085 3428 dicet
1109 3359 1375 3434 invocationem.

497 3565 672 3658 Rogamus
698 3573 754 3656 te,
781 3559 913 3636 Christe
929 3560 1023 3636 Deus
1050 3573 1178 3653 noster,
1204 3587 1268 3640 nos
1294 3573 1493 3662 peccatores
1520 3567 1576 3639 md

391 3684 457 3773 tui,
484 3691 518 3754 et
544 3681 721 3754 adoramus
748 3689 781 3752 tc
807 3701 869 3776 per
894 3677 1140 3774 beneplacitum
1165 3679 1325 3754 bonitatis
1341 3689 1431 3772 tuae,
1456 3691 1493 3754 ut
1512 3681 1670 3756 adveniat
1689 3681 1775 3780 Spi-

390 3799 477 3870 ritns
504 3809 638 3872 sanctus
664 3807 739 3870 tuus
766 3818 868 3894 super
892 3816 975 3884 uos,
1004 3804 1038 3866 et
1064 3795 1275 3890 superhaec
1302 3796 1389 3869 dona
1416 3800 1610 3895 proposita,
1637 3807 1672 3871 et
1689 3819 1776 3872 san·
1823 3797 1864 3850 ¹¹⁶
1873 3795 1968 3866 crr*
1955 3793 2031 3846 ‘⁶'-
2045 3876 2058 3894 .

392 3913 514 3986 ctificet
540 3937 602 4003 ea,
630 3913 813 4008 efficiatque
839 3934 881 3983 ea
907 3909 1034 3983 Sancta
1060 3910 1260 3984 Sanctorum
1286 3921 1426 3986 monum.
1790 3885 1833 3933 ’'⁶'‘
1854 3879 1998 4018 ,ΜΝ
2039 3897 2101 3961 “7‘3’

497 4029 647 4100 Habebit
671 4028 847 4100 Sacerdos
872 4029 1009 4098 intereo
1033 4050 1152 4100 manos
1178 4050 1351 4121 saporosos
1383 4034 1418 4099 et
1451 4051 1581 4100 sorsum
1612 3970 1851 4118 mmmffl

391 4145 614 4240 interpellans
635 4166 703 4238 pro
730 4144 862 4237 illapso.

495 4263 602 4333 Dicet
623 4262 777 4355 popalus
829 4259 950 4332 Amen.

496 4377 671 4450 Sacerdos
697 4377 834 4449 elevans
859 4393 997 4446 rocem.
1037 4373 1083 4446 Et
1109 4398 1229 4472 panem
1261 4376 1394 4472 quidem
1425 4375 1530 4468 hunc,
1566 4383 1619 4449 ter
1652 4401 1776 4472 ponem

392 4515 495 4564 aare
520 4494 688 4590 sipnabit,
713 4491 816 4564 iaciat
841 4513 964 4588 corpus
992 4501 1160 4586 sanctum,
1186 4492 1367 4565 inclinabit
1392 4501 1495 4588 rapat
1520 4517 1613 4566 marn
1626 4499 1662 4565 et
1675 4517 1776 4564 marra

392 4630 519 4703 corpas
544 4611 709 4699 innuet,
698 4611 802 4706 ipsius
829 4606 964 4680 Domini
997 4607 1062 4679 Dei
1097 4619 1131 4680 et
1164 4606 1352 4682 Salvatoris
1383 4611 1490 4682 nostri
1522 4610 1606 4684 Jesu
1640 4609 1775 4697 Christi,

391 4722 481 4820 quod
508 4725 604 4798 datm
636 4727 927 4798 inremissionem
958 4733 1193 4819 peccatorum,
1229 4735 1263 4796 et
1294 4727 1398 4796 vitam
1431 4736 1620 4818 aeternam,
1653 4728 1685 4798 ei
1721 4726 1776 4820 qui

388 4839 470 4914 illud
494 4845 666 4939 percipiet.

494 4959 656 5052 Papulas.
682 4955 803 5030 Amen.

442 5098 528 5141 remus
542 5097 558 5140 t.
1449 5135 1455 5144 .
1518 5069 1567 5143 18
