4686 6060
725 567 801 642 336
1293 567 1525 644 NOTAE

723 753 834 830 eidem
855 769 888 813 ee
907 771 966 831 pro
987 751 1085 828 nobb,
1108 751 1197 832 quam
1226 751 1333 814 Petrus
1356 750 1519 832 Gnapbeus
1548 754 1682 832 induxit,
1713 753 1910 819 orthodoxae
1937 751 2092 816 doctrinae

722 851 841 933 signum
864 858 929 927 est,
963 851 1111 932 simulque
1140 852 1331 933 antiquitatis.
1383 852 1539 915 Jacobitae
1571 856 1682 936 quippe
1712 854 1872 938 Aegyptii,
1907 869 1969 915 non
1997 853 2092 916 minus

723 967 812 1030 quam
835 949 904 1030 Syri
926 949 976 1012 illa
999 949 1094 1012 verba
1116 949 1316 1034 subjungunt:
1346 951 1426 1013 uude
1454 957 1571 1014 constat
1593 952 1670 1030 bauo
1692 953 1857 1036 Liturgiam
1879 951 1917 1014 ad
1939 951 2009 1014 illos
2033 969 2094 1014 non

720 1050 914 1130 pertinuisse,
936 1068 1043 1112 verum
1065 1048 1103 1112 ad
1115 1048 1323 1113 Orthodoxos:
1346 1051 1438 1132 idque
1461 1069 1498 1114 eo
1520 1051 1710 1115 verisimilius
1734 1059 1792 1130 est,
1814 1051 1897 1134 quod
1918 1052 1948 1113 in
1970 1049 2021 1112 illa
2043 1050 2093 1113 ni-

720 1147 764 1210 hil
787 1149 920 1211 occurrit
942 1147 1023 1230 quod
1045 1148 1324 1230 llonophysitarum
1345 1150 1486 1213 haeresin
1507 1149 1557 1214 vel
1579 1151 1690 1214 leviter
1711 1151 1858 1216 redoleat.

1315 1407 1501 1509 Συνάπτη.

818 1617 892 1696 Non
916 1636 963 1692 est
985 1630 1108 1710 proprie
1130 1628 1282 1711 loquendo
1306 1630 1454 1709 Collecta,
1478 1649 1538 1712 quo
1562 1649 1654 1695 sensu
1677 1631 1729 1694 illa
1752 1651 1814 1695 vox
1837 1631 1867 1693 in
1888 1629 2002 1694 Latinis
2017 1629 2092 1694 blis-

722 1732 835 1796 salibus
865 1739 1043 1813 usurpatur,
1072 1731 1127 1795 sed
1161 1735 1258 1796 oratio
1293 1751 1370 1814 quae
1405 1734 1527 1798 lectioni
1562 1735 1721 1817 Evangelii
1757 1735 1855 1797 statim
1890 1735 2090 1818 subjungitur.

723 1831 865 1896 continet
887 1839 984 1894 autem
1009 1850 1119 1912 preces
1142 1850 1198 1913 pro
1222 1832 1359 1895 omuibus
1386 1835 1543 1913 personis,
1567 1841 1597 1896 et
1619 1833 1748 1914 publicis
1770 1833 2013 1914 necessitatibus,
2037 1851 2091 1915 pro

722 1932 831 2014 quibus
854 1939 958 1994 oratur
980 1939 1049 1994 ante
1072 1933 1220 2012 inceptam
1242 1932 1436 2014 Auapboram
1459 1939 1490 1996 et
1513 1940 1583 2014 post
1605 1933 1878 1996 consecrationem.
1912 1931 1995 1995 lnter
2017 1932 2089 1995 alias

721 2029 985 2094 animadvertenda
1008 2037 1054 2092 est
1077 2031 1175 2093 oratio
1193 2050 1252 2111 pro
1280 2030 1536 2112 coaeternitate,
1562 2031 1621 2094 Nili
1651 2032 1787 2110 seilicet,
1816 2032 1854 2095 de
1882 2031 1991 2113 quibus
2019 2031 2091 2095 solis

720 2126 797 2194 haec
819 2130 913 2193 verba
934 2129 1061 2214 intelligi
1081 2137 1210 2210 possunt
1234 2117 1376 2213 ἀνάγαγε
1405 2123 1453 2204 εἰς
1480 2119 1518 2196 vd
1545 2125 1679 2216 pe'spov:
1706 2131 1805 2194 Eleae
1831 2149 1887 2193 eos
1914 2133 1958 2194 ud
1975 2133 2093 2210 γάααα

720 2249 914 2304 mensorem
937 2229 1019 2312 quod
1042 2237 1157 2293 certum
1178 2229 1319 2293 indicium
1342 2237 1389 2292 est
1406 2231 1589 2311 pertinuisse
1610 2231 1691 2294 illam
1702 2231 1867 2314 liturgiam
1889 2230 2092 2295 adEcclesias

720 2329 947 2412 Aegyptiooas;
984 2347 1045 2393 non
1072 2330 1169 2391 minus
1200 2347 1288 2410 quam
1318 2329 1460 2412 Copticas
1487 2331 1517 2393 in
1546 2329 1654 2411 quibus
1681 2329 1760 2394 idem
1786 2331 1908 2413 legitur.
1962 2331 2009 2394 De
2039 2321 2120 2392 bao'

721 2430 857 2492 oratione
880 2428 959 2492 dicta
982 2436 1050 2494 suut
1072 2429 1160 2511 plura
1182 2430 1213 2492 in
1235 2428 1409 2515 nostris-ad
1431 2429 1553 2492 easdem
1576 2431 1665 2493 notis.
1709 2429 1812 2494 Oratio
1836 2447 1958 2512 quoque
1980 2429 2013 2492 lit
2035 2445 2092 2512 pro

720 2527 867 2610 Regibus,
890 2547 967 2610 quos
996 2529 1065 2591 dum
1094 2527 1171 2590 baec
1192 2527 1329 2611 Liturgia
1356 2530 1469 2610 scripta
1499 2537 1564 2606 est,
1593 2527 1781 2594 Christianos
1807 2527 1902 2593 luisse
1929 2529 2094 2594 verisimile

722 2635 783 2689 est:
806 2647 874 2691 nam
897 2627 1067 2692 infidelibus
1090 2627 1186 2690 verba
1209 2645 1269 2689 non
1292 2628 1515 2692 convenissent.

1075 2970 1078 2980 ,
1152 2884 1327 2973 Διάκανος
1352 2893 1444 2990 λέγει
1469 2886 1533 2974 τᾶς
1557 2899 1657 2989 τρεῖς.

818 3099 875 3178 Au
898 3111 976 3174 banc
999 3110 1148 3174 rubricam
1169 3109 1246 3172 baec
1268 3110 1383 3172 notavit
1404 3109 1538 3173 loannes
1566 3129 1584 3174 a
1614 3117 1720 3172 sancto
1742 3108 1873 3171 Andrea.
1923 3109 2016 3171 Forte
2036 3109 2095 3172 Li-

720 3215 823 3276 toniea
846 3224 909 3277 tres
930 3215 1075 3295 intelligit,
1098 3232 1227 3294 quorum
1249 3220 1348 3274 tomen
1372 3216 1477 3292 prinae
1503 3223 1575 3278 onte
1603 3213 1819 3294 deomedum,-
1847 3213 1982 3293 relipaee
2004 3216 2093 3292 dune,

719 3315 848 3376 recitato
869 3314 1036 3394 Evangelio
1058 3314 1200 3375 dicantur
1219 3313 1251 3373 in
1272 3310 1310 3374 D.
1334 3311 1446 3375 Basilii
1471 3314 1576 3376 Misso.
1626 3311 1705 3376 Nihil
1728 3311 1825 3375 sinnile
1847 3311 1896 3374 bio
1918 3311 2092 3399 intelligen-

720 3411 869 3478 domest.
916 3414 992 3476 Tres
1015 3413 1171 3477 orationes
1194 3410 1412 3493 significantur,
1442 3430 1516 3493 quas
1549 3411 1671 3474 exhibet
1697 3413 1794 3491 prima
1825 3409 2012 3492 Coptitarum
2040 3414 2091 3476 Li-

718 3515 841 3596 turgiaz·
858 3533 935 3595 quae
958 3521 1027 3578 sunt
1050 3512 1155 3576 Oratio
1177 3506 1240 3573 τοῦ
1261 3495 1569 3590 καταπετάσματος
1600 3511 1630 3576 2.
1654 3512 1712 3574 Pro
1736 3528 1822 3592 pace.
1859 3508 1891 3573 3.
1912 3511 1970 3574 Pro
1993 3512 2091 3574 Patri-

719 3612 811 3675 arcba
841 3621 872 3676 et
902 3612 1016 3677 Ordine
1037 3611 1272 3688 Ecclesiastico,
1307 3618 1338 3672 et
1359 3613 1502 3674 universa
1531 3610 1692 3691 Ecclesia,
1727 3628 1821 3692 quae,
1856 3617 1889 3672 ut
1916 3611 2089 3676 notissimae

720 3711 905 3793 omittuntur,
930 3712 1080 3794 petendae
1102 3711 1219 3774 scilicet
1241 3728 1280 3772 ex
1303 3707 1361 3773 alio
1379 3709 1495 3775 codice.
1518 3711 1670 3788 bibendae,
1693 3719 1799 3773 nostro
1820 3726 1906 3772 more
1928 3708 2089 3792 loquendo,

719 3811 819 3873 nullae
842 3813 872 3873 in
899 3812 959 3874 ritu
982 3808 1126 3875 Orientali
1148 3816 1233 3885 sunt;
1263 3810 1379 3872 etiamsi
1408 3811 1501 3892 lipsio
1523 3812 1635 3874 eleison
1657 3810 1772 3892 pluries
1794 3817 1962 3890 repetatur,
1992 3825 2089 3891 aqua

722 3909 849 3974 formula
871 3911 1005 3974 Litaniae
1028 3917 1152 3974 nostrae
1174 3909 1329 3989 incipiunt,
1352 3917 1384 3972 et
1406 3907 1511 3972 eadem
1534 3909 1762 3973 concluduntur.
1787 3908 1846 3971 Sed
1869 3907 2089 3990 nequeGraeci

416 4014 463 4085 Ep.
476 4016 636 4068 uallarem
650 4016 709 4068 Vet—
722 4010 789 4074 illas
812 4020 973 4077 noverunt.
1017 4011 1102 4075 Hanc
1125 4012 1297 4093 opinionem
1318 4009 1421 4072 habuit
1435 4007 1586 4090 losepbus
1609 4008 1756 4090 Scaliger,
1778 4009 1908 4072 Litauias
1932 4027 2002 4072 esse
2024 4009 2089 4072 illas

398 4105 489 4154 semna.

722 4112 887 4192 orationes,
910 4112 961 4174 ubi
983 4113 1077 4195 Kyra'e
1098 4113 1211 4174 eleison
1233 4110 1355 4191 saepius
1378 4109 1536 4190 repetitur,
1560 4116 1591 4171 et
1612 4109 1794 4172 existimavit
1816 4107 2002 4189 aDiptychis
2024 4127 2089 4170 ma-

721 4229 827 4274 nasse:
852 4213 1021 4295 ingeniose,
1045 4210 1182 4275 sednon
1205 4227 1287 4272 vere.
1309 4207 1457 4290 Diptyoba
1487 4208 1585 4271 adhuc
1607 4217 1828 4271 conservantur
1857 4209 1888 4269 in
1916 4207 1985 4270 Ritu
2013 4207 2090 4272 Ale-

720 4310 879 4390 xandrino,
907 4319 940 4375 ut
969 4314 1057 4375 etiam
1087 4312 1154 4393 ipsa
1183 4325 1259 4370 vox:
1293 4326 1392 4389 neque
1423 4325 1580 4370 commune
1608 4307 1768 4388 quidquam
1796 4307 1907 4370 hahent
1937 4325 2004 4369 cum
2033 4309 2090 4370 ista

720 4411 867 4490 oratione,
891 4431 978 4495 quam
1000 4410 1156 4474 Litoniom
1183 4409 1305 4473 vocavit
1331 4408 1420 4491 buJus
1449 4406 1603 4490 liturgiae
1633 4408 1793 4488 interpres.
1846 4406 1995 4472 Sacerdos
2026 4414 2091 4470 orat

719 4527 777 4589 pro
801 4511 950 4591 omuibus,
980 4519 1012 4575 et
1039 4510 1077 4574 de
1107 4509 1254 4572 omnibus.
1299 4505 1452 4572 Diacouus
1481 4508 1565 4570 initio
1595 4508 1742 4590 cujusque
1772 4507 1935 4583 orationis,
1966 4523 2090 4586 qrrarum

720 4607 848 4690 aliquam
871 4619 901 4674 et
922 4612 1066 4693 maJ'orem
1088 4616 1205 4690 partem
1228 4607 1379 4672 Sacerdos
1401 4613 1523 4670 secreto
1546 4607 1626 4686 dicit,
1653 4606 1712 4670 alta
1734 4623 1812 4669 voce
1834 4614 1938 4668 monet
1959 4606 2090 4668 circum-

720 4715 845 4790 stantes,
868 4719 901 4773 ut
925 4719 1023 4788 orent,
1053 4707 1219 4774 seeunddm
1247 4705 1419 4770 Sacerdotis
1453 4707 1658 4770 intentionem.
1708 4705 1802 4769 Orute
1825 4724 1883 4786 pro
1909 4724 2005 4786 poce,
2031 4721 2090 4784 pro

719 4807 819 4888 Papo,
838 4830 896 4890 pro
917 4811 1068 4886 Ecclesia,
1092 4816 1152 4874 etc.
1175 4805 1307 4888 Populus
1331 4805 1492 4884 acclamat,
1519 4806 1611 4888 Kyrie
1633 4806 1761 4881 eleison,
1788 4813 1836 4867 ter
1863 4811 1896 4866 ut
1923 4803 2090 4886 plurimum,

720 4905 880 4989 aliquando
901 4909 1026 4991 pluries.
1070 4907 1159 4971 Nulla
1188 4912 1371 4986 sanctorum,
1401 4913 1434 4968 ut
1462 4906 1493 4968 in
1521 4903 1646 4968 Litaniis
1676 4907 1807 4982 nostris,
1836 4904 2089 4968 commemoratio.

722 5005 884 5072 Orationes
905 5027 999 5090 perro
1022 5027 1101 5090 quae
1122 5005 1172 5070 hie
1193 5005 1348 5089 leguntur,
1373 5005 1507 5087 Coptiois
1537 5003 1708 5087 persimiles
1734 5011 1815 5085 sunt,
1845 5011 1878 5067 ot
1906 5004 1997 5067 etiam
2025 5002 2089 5068 aliis
