4670 6046
626 790 666 865 ut
688 787 894 866 tltttttutttt
917 787 1110 864 coruom
1130 788 1161 864 S.
1182 785 1336 863 dt'lttttt.
1591 786 1669 860 295
1742 901 1746 908 Ι

295 991 407 1048 sumus,
431 973 555 1053 propria
579 971 633 1036 luit
656 972 901 1036 orthodoxorum
924 971 1217 1048 Alexandrinorum,
1246 988 1314 1034 eum
1336 970 1434 1036 nullas
1466 971 1670 1054 blonopbysi-

294 1081 391 1134 tarum
420 1071 576 1134 doctrinae
605 1079 692 1136 notas
721 1070 893 1153 praeierat:
928 1070 1023 1134 altera
1058 1080 1158 1134 certas
1186 1070 1295 1133 babeat
1323 1070 1389 1132 illas
1423 1078 1456 1133 et
1484 1071 1669 1154 exploratas.

295 1171 381 1233 Unde
403 1173 475 1252 quin
498 1170 547 1233 illa
570 1172 619 1250 sit,
643 1171 681 1233 de
704 1189 761 1253 qua
786 1171 906 1234 Marcus
929 1170 1100 1233 Patriaroba
1115 1169 1300 1232 Graecorum
1316 1169 1540 1232 Alexandrinus
1564 1170 1670 1233 'lbeo-

296 1268 402 1331 dorum
424 1267 631 1332 Balsamoncrn
654 1269 815 1346 consuluit,
838 1267 967 1332 dubitari
989 1271 1042 1332 vix
1064 1276 1174 1350 potest.
1218 1268 1384 1331 Dicebatur
1413 1276 1511 1331 autem
1533 1267 1670 1353 Liturgia

297 1368 403 1443 blarci,
427 1370 496 1448 quia
520 1367 601 1430 sedis
624 1367 867 1446 Alexandrinae,
890 1386 979 1449 quam
1002 1368 1052 1431 ille
1075 1367 1272 1446 fundaverat,
1294 1367 1418 1449 propria
1442 1374 1524 1444 erat,
1551 1378 1585 1428 ut
1611 1367 1669 1430 la-

296 1468 364 1530 cobi
388 1466 468 1528 dicta
491 1474 548 1546 est,
572 1485 650 1547 quae
672 1467 892 1549 Hierosolymis
917 1469 1127 1550 usurpabatur.
1151 1467 1242 1531 Forte
1266 1468 1354 1530 etiarn
1377 1468 1456 1530 inter
1473 1465 1668 1530 Orthodoxos

293 1567 382 1628 unica
404 1565 478 1642 luit,
501 1574 534 1628 ut
556 1566 664 1629 suadet
687 1565 766 1630 illius
791 1566 966 1656 dispositio,
990 1586 1056 1629 cum
1080 1585 1140 1629 non
1162 1574 1196 1628 ut
1218 1565 1343 1647 Coptica
1367 1565 1552 1628 orationibus
1576 1584 1670 1647 prae-

291 1666 452 1747 paratoriis
477 1673 645 1745 careat-et
667 1673 730 1728 tota
751 1666 801 1728 illa
824 1675 911 1747 parte
935 1684 1013 1747 quae
1037 1665 1172 1728 osculum
1195 1667 1291 1747 pacis,
1309 1682 1367 1727 seu
1387 1653 1590 1743 Ἀσπασμόν,
1609 1684 1667 1727 an-

290 1765 412 1827 tecedit.
457 1764 570 1827 Verum
594 1766 748 1828 orationes
768 1771 799 1827 et
821 1767 896 1828 ritus
927 1765 1061 1826 eontinet
1090 1764 1127 1826 ab
1162 1763 1246 1826 initio
1269 1782 1366 1846 usque
1389 1763 1426 1825 ad
1449 1763 1539 1825 finem
1562 1761 1667 1824 ollleii:

292 1862 372 1925 unde
395 1863 487 1941 illam,
511 1879 572 1925 non
594 1864 719 1927 secundi
742 1863 873 1942 ordinis,
907 1864 962 1926 sed
986 1863 1156 1944 primariam
1178 1862 1273 1926 luisse
1296 1871 1432 1925 constat:
1460 1879 1528 1924 cum
1551 1861 1581 1922 in
1605 1859 1669 1922 Co-

292 1963 372 2045 ptica
407 1959 513 2045 Cyrilli
546 1963 637 2025 multa
673 1982 713 2025 ex
743 1963 890 2026 Basiliana
925 1964 988 2043 peti
1018 1962 1158 2026 debeant.
1209 1961 1307 2042 alliam
1337 1979 1431 2041 porro
1462 1979 1551 2041 quarn
1581 1960 1669 2022 istam

291 2060 451 2123 Balsamon
481 2078 543 2124 non
572 2060 694 2124 videtur
716 2062 889 2145 agnovisse.
934 2060 1106 2123 absurdum
1134 2061 1214 2124 illius
1238 2061 1276 2123 de
1306 2059 1411 2122 eadem
1429 2058 1574 2141 judicium
1597 2056 1668 2120 alibi

293 2158 523 2224 confutavimus,

807 2451 983 2525 Sacerdos
1008 2459 1154 2524 secreto.

382 2697 477 2774 Hane
498 2707 596 2769 oratio
620 2712 652 2768 et
673 2714 837 2785 sequentes
861 2723 921 2768 non
933 2705 1076 2788 leguntur
1097 2706 1128 2767 in
1143 2704 1258 2768 Graeca
1281 2703 1387 2782 llarci,
1410 2705 1666 2790 qulanporrapu-
1741 2747 1749 2763 .
1820 2743 1829 2764 .

293 2805 507 2873 σκευαστικαὶ
536 2826 646 2890 preces
677 2808 714 2871 ad
744 2807 937 2889 Anapboram
959 2826 1016 2871 seu
1037 2807 1204 2891 biturgiam
1225 2807 1350 2890 proprie
1373 2807 1483 2871 dietam
1507 2824 1568 2870 non
1589 2827 1667 2891 per-

292 2911 398 2972 tinent.
445 2909 544 2970 Prima
566 2926 608 2970 ex
629 2924 733 2971 eanum
755 2925 879 2969 numero
903 2914 961 2983 est,
984 2924 1061 2989 quae
1085 2907 1224 2970 dicuntur
1254 2925 1271 2969 a
1300 2906 1485 2984 Sacerdote,
1508 2916 1669 2989 antequam

293 3009 331 3070 ad
355 3007 451 3070 altare
473 3006 680 3090 ingrediatur,
712 3015 742 3069 et
764 3005 874 3069 multae
903 3005 979 3068 tales
1008 3013 1174 3068 occurrunt
1204 3005 1235 3066 in
1257 3007 1468 3087 manuscriptis
1494 3004 1668 3087 Codicibus,

293 3091 419 3188 quarum
441 3123 500 3169 una
523 3113 636 3168 tantum
659 3105 739 3168 solet
760 3105 893 3167 recitari.
917 3102 1031 3166 Omnes
1054 3104 1189 3166 eamdem
1211 3107 1391 3168 sententiam
1410 3105 1536 3169 babent:
1559 3123 1668 3186 nempe

220 3275 222 3284 p
294 3201 444 3268 Sacerdos
467 3221 541 3266 suae
564 3203 623 3266 sibi
644 3202 867 3276 imbecillitatis,
891 3208 922 3264 et
943 3203 1129 3284 indignitatis
1153 3205 1306 3283 conscius,
1329 3207 1456 3288 gratiam
1479 3224 1497 3267 a
1517 3205 1584 3268 Deo
1606 3223 1669 3286 po-

292 3301 394 3380 stulat,
416 3311 450 3366 ut
472 3301 658 3368 sacerdotali
680 3303 844 3364 munisterio
867 3299 1017 3381 inculpate
1039 3301 1193 3385 iungatur.

345 3606 406 3678 Do
430 3608 512 3678 mibi
539 3609 684 3680 Domine
711 3607 877 3700 Spiritum
902 3615 1071 3696 sanetum,
1099 3613 1209 3705 ignem
1234 3615 1403 3683 materiae
1431 3619 1615 3707 eepcrlem.

395 3849 425 3928 F
428 3879 676 3934 nuouunrrssnrus
699 3860 779 3942 apud
803 3858 972 3923 Orientnlcs
995 3859 1084 3938 hujus
1106 3859 1301 3941 metaphorae
1324 3879 1398 3924 usus
1420 3868 1486 3942 est,
1510 3862 1548 3924 ad
1570 3863 1669 3946 signi-

295 3963 441 4027 ficandam
464 3962 664 4039 divinitatem,
693 3964 858 4043 praecipue
888 3961 939 4023 ubi
969 3961 1008 4023 de
1031 3961 1144 4042 Spiritu
1166 3969 1271 4025 sancto
1294 3963 1475 4044 loquuntur,
1505 3945 1565 4046 ιιίιο
1588 3968 1669 4031 divi·

295 4081 364 4126 nam
387 4062 453 4144 ejus
475 4069 613 4123 naturam
628 4061 818 4137 confitentur,
842 4069 873 4122 et
895 4060 1210 4142 ejuspotentissimam
1232 4063 1263 4124 in
1282 4069 1436 4125 creaturas
1449 4065 1669 4144 operationem,

297 4160 457 4224 molliendo
480 4159 618 4223 duritiam
649 4167 679 4222 et
713 4157 917 4222 consumendo
940 4158 1117 4239 nequitiam,
1142 4158 1369 4241 occidendoque
1388 4162 1521 4224 membra
1544 4170 1667 4226 terrena

297 4268 328 4322 et
357 4277 522 4341 corporea,
551 4267 710 4339 motusque
739 4257 926 4320 inordinatos
958 4257 1169 4321 refraenando.
1214 4257 1258 4321 lta
1290 4259 1455 4322 secundum
1485 4278 1589 4324 eorum
1619 4262 1671 4324 lo-

298 4358 409 4440 quendi
439 4375 552 4419 morem
584 4355 729 4436 probatur
761 4356 900 4418 divinitas
931 4355 1060 4437 Spiritus
1089 4358 1207 4435 sancti,
1238 4352 1326 4437 quarn
1354 4357 1475 4422 infinitis
1505 4361 1571 4424 aliis
1593 4361 1669 4426 locis

298 4475 469 4542 agnoscere
491 4473 525 4518 se
548 4462 706 4532 testantur,
730 4473 797 4517 cum
819 4453 900 4518 illurn
923 4455 1003 4517 Patri
1025 4461 1056 4517 et
1078 4455 1140 4518 lilio
1155 4457 1439 4520 consubstantialem
1462 4477 1532 4524 esse
1555 4460 1668 4542 mount,

298 4559 327 4619 in
352 4557 410 4620 fine
435 4557 566 4618 omnium
585 4571 707 4616 suarum
730 4556 905 4616 orationum.
929 4553 1004 4617 Cum
1026 4553 1119 4636 igitur
1140 4553 1173 4616 B.
1191 4555 1346 4637 Virginem
1362 4556 1485 4619 Mariam
1507 4559 1668 4640 appellant,

298 4655 478 4718 tbombnlnm
499 4671 635 4730 aureum
658 4655 691 4714 in
712 4671 770 4733 qno
793 4653 888 4714 carbo
910 4655 998 4714 oio-as
1017 4651 1087 4731 snit,
1099 4652 1270 4733 significant
1285 4652 1364 4715 illam
1387 4658 1547 4737 peperisse
1568 4657 1668 4720 Deum

299 4762 330 4816 et
351 4754 510 4816 bominem.
557 4750 631 4814 Cum
659 4751 831 4813 Nestoriani
860 4748 961 4814 etalii
984 4750 1100 4829 dicunt,
1131 4752 1230 4830 igneo
1259 4753 1291 4813 in
1310 4771 1391 4831 pane
1417 4757 1558 4834 occipere
1580 4775 1668 4818 mor-

299 4853 375 4915 tales
402 4853 551 4925 borsines,
582 4851 783 4931 praesentiam
811 4850 949 4930 eorporis
981 4849 1091 4913 Christi
1121 4849 1178 4912 Dei
1207 4856 1238 4912 et
1265 4849 1391 4913 bominis
1420 4853 1451 4914 in
1479 4852 1668 4917 Eucharistia

299 4951 494 5025 confitentum
517 4957 549 5010 ut
563 4948 731 5030 Aethiopes
753 4949 834 5030 apud
848 4966 924 5029 quos
947 4951 978 5011 in
1000 4965 1059 5011 una
1082 4969 1122 5012 ex
1144 4949 1208 5011 suis
1222 4949 1376 5032 liturgiis,
1391 4950 1546 5015 Diaconus
1568 4960 1670 5015 monet

299 5067 364 5127 eos,
387 5050 438 5131 qui
461 5046 498 5110 ad
520 5047 742 5128 suscipiendam
763 5049 1003 5112 communionem
1025 5045 1186 5108 accedunt:
1215 5046 1260 5108 Ne
1282 5051 1435 5129 amiciunt
1460 5051 1539 5114 bone
1557 5071 1670 5132 ponem

297 5149 377 5210 mmet
393 5166 505 5228 mnam
527 5155 708 5222 terrestrem,
730 5148 786 5210 aad
806 5149 904 5228 igneio
918 5145 1085 5207 divinitatis
1107 5163 1181 5206 esse.
