4760 6038
373 633 423 711 ΒΕ
440 632 695 710 mutatinum
710 548 962 710 otmothttutt
976 632 1125 710 olitottttt
1138 633 1186 710 ΕΤ
1199 630 1445 710 blllORlTllTE.
1497 629 1611 702 LXIX

246 818 426 894 serviebat
462 820 539 893 Pari
566 841 697 915 quoque
722 821 851 890 ratione
876 818 966 891 licuit
990 821 1152 911 majorem
1177 821 1211 892 in
1237 829 1519 892 sacramentorum
1542 843 1608 893 ce-
1662 861 1665 872 ι

246 936 431 1010 lebratione
456 957 612 1033 pompam
640 933 818 1025 adhihere,
846 933 1053 1031 diversisque
1070 939 1291 1010 caeremoniis
1309 935 1476 1008 iuculcare
1497 936 1610 1028 iidem,

247 1062 280 1126 ct
303 1056 529 1127 reverentiam
554 1054 752 1128 sanctissimi
777 1053 947 1146 mysterii3
971 1075 1080 1148 neque
1107 1055 1194 1124 enim
1219 1051 1297 1125 ibae
1323 1075 1405 1147 quas
1428 1052 1549 1125 Graeci
1573 1063 1607 1124 et

248 1169 434 1244 Orientales
460 1178 620 1263 usurpant
646 1165 689 1240 ad
706 1165 813 1239 alium
840 1163 936 1238 inem
963 1167 1134 1240 ordinatae
1160 1178 1254 1258 sunt,
1281 1177 1338 1240 aot
1363 1168 1405 1242 ab
1432 1172 1472 1242 iis
1492 1167 1606 1241 homi-

246 1285 341 1358 nibus
368 1287 555 1379 excogitari
581 1292 752 1381 poterant,
780 1285 835 1378 qui
860 1305 927 1356 non
953 1283 1084 1379 plenam
1111 1283 1153 1354 dc
1179 1306 1262 1355 vera
1290 1288 1441 1380 corporis
1468 1295 1501 1357 et
1518 1307 1606 1359 san·
1720 1303 1723 1310 ⁴

248 1406 356 1496 guinis
384 1400 506 1476 Christi
531 1403 566 1472 in
599 1399 757 1472 altaribus
788 1401 976 1495 praesentia
1012 1395 1109 1470 iidem
1138 1397 1343 1476 habuissent.
1400 1398 1496 1473 Unde
1531 1424 1606 1474 cum

249 1518 406 1592 Claudius
432 1521 464 1589 in
491 1520 659 1590 contraria
684 1516 758 1590 illos
786 1517 942 1612 opinione
968 1513 1072 1586 luisse
1097 1512 1243 1609 probare
1270 1527 1542 1607 aggressusest,
1563 1539 1606 1590 eo

249 1635 335 1731 quud
360 1637 444 1706 ritus
471 1641 505 1706 et
530 1655 703 1707 sacrorum
728 1632 825 1725 leges
856 1631 1016 1703 Romanis
1050 1630 1173 1704 similes
1206 1633 1421 1722 ignorarem:
1453 1633 1609 1728 quando-

250 1751 379 1847 quidem
404 1772 467 1846 par
494 1760 546 1824 est
570 1751 732 1844 utrimque
758 1759 824 1820 mm
850 1746 1032 1819 inOriente
1059 1768 1156 1840 quam
1176 1749 1209 1818 in
1228 1746 1409 1822 Occidente
1426 1747 1610 1844 disciplina,

250 1867 400 1940 eamdem
426 1887 558 1961 quoque
584 1863 681 1937 iidem
709 1885 786 1937 esse
813 1875 847 1936 et
872 1863 994 1952 luisse,
1028 1864 1141 1933 verius
1168 1871 1202 1934 et
1227 1867 1349 1936 certius
1376 1864 1610 1938 concludimus.

248 1983 305 2056 llle
332 2004 419 2077 quae
444 1990 535 2053 tanta
562 1979 759 2053 conlidentia
787 1979 984 2069 allirmavit,
1016 1976 1162 2074 probare
1189 1979 1262 2051 aliis
1289 1979 1517 2053 autoritatibus
1543 2003 1612 2054 ιιοιι

249 2101 370 2196 potuit,
398 2120 496 2192 quam
522 2096 740 2170 obscurorum
766 2096 890 2191 aliquot
903 2098 1098 2190 scriptorum
1119 2096 1334 2185 testimoniis,
1361 2100 1506 2168 maxime
1524 2119 1610 2192 per-

251 2217 486 2306 egrinantium,
517 2207 617 2285 inter'
635 2233 719 2308 quos
752 2211 953 2284 mediocrem
979 2209 1187 2302 Theologum
1219 2232 1286 2283 non
1318 2212 1414 2284 facila
1446 2216 1609 2308 reperias,

249 2351 373 2426 paucus
399 2333 467 2402 imo
493 2329 724 2404 blissionarios
751 2326 867 2422 quibus
895 2351 935 2400 ea
960 2325 1033 2398 laus
1059 2329 1176 2398 merito
1203 2325 1300 2399 tribui
1325 2326 1456 2402 debeat.
1482 2330 1530 2402 At
1555 2331 1610 2401 si-

249 2445 370 2518 milium
402 2448 534 2517 testium
565 2455 681 2518 contra
706 2442 810 2516 libros
838 2444 893 2537 qui
917 2441 1048 2538 publice
1074 2445 1108 2514 in
1121 2442 1282 2518 Ecclesiis
1305 2444 1347 2516 ad
1367 2443 1484 2518 altaria
1504 2469 1609 2520 usur-

249 2573 384 2659 pantur,
411 2565 571 2634 autoritas
597 2559 685 2633 nulla
712 2568 781 2651 est,
816 2558 1049 2631 multominus
1082 2566 1198 2630 contra
1230 2569 1366 2635 veteres
1402 2560 1610 2655 TheologoS,

251 2687 303 2751 aut
327 2683 448 2750 rituum
474 2680 707 2773 expositores,
734 2701 754 2748 a
782 2675 900 2771 quibus
936 2661 1106 2770 disciplina
1138 2675 1357 2752 confirmatur.
1410 2676 1521 2750 Edant
1553 2677 1611 2751 vel

250 2817 346 2866 unam
364 2794 549 2885 Liturgiam
566 2792 815 2881 Protestantes,
843 2812 927 2887 quae
940 2789 1170 2886 Apostolicam
1197 2802 1230 2864 et
1245 2792 1486 2886 Evangelicam
1505 2817 1612 2888 suam,

251 2922 283 2984 ut
307 2913 371 3008 ipsi
398 2913 609 2997 existimant,
636 2907 773 3009 Coenae
799 2906 940 2981 formam
967 2907 1112 2999 reserat,
1138 2909 1279 2983 verbum
1304 2911 1389 2982 ultra
1415 2933 1483 2984 non
1500 2910 1612 2984 lacie-

251 3049 330 3100 mus.
383 3026 421 3098 ld
454 3047 540 3100 vero
578 3023 619 3097 ab
653 3025 716 3099 illis
749 3025 914 3121 praestari
947 3045 1014 3096 non
1040 3045 1143 3120 posse
1170 3037 1236 3097 tam
1263 3037 1388 3098 certum
1415 3037 1487 3118 est,
1514 3051 1612 3124 quam

252 3142 337 3238 quod
363 3143 519 3213 maxime.
546 3141 630 3215 Cum
657 3145 744 3212 enim
770 3141 922 3214 diversas
939 3139 1120 3212 babeamus
1139 3139 1287 3216 Graecas
1312 3146 1470 3215 etvarias
1486 3143 1613 3216 Orien-

251 3259 332 3330 toles
358 3257 432 3354 plus
461 3280 558 3352 quam
584 3260 778 3350 sexaginta:
816 3256 898 3330 alias
935 3279 1020 3352 quae
1053 3258 1218 3330 diversam
1251 3263 1382 3356 penitus
1417 3263 1613 3333 sententiam

252 3382 304 3444 aut
329 3371 535 3470 disciplinam
561 3376 768 3461 contineant,
796 3375 934 3468 reperiri
960 3371 1164 3468 impossihile
1191 3383 1251 3447 est.

291 3563 294 3570 ,
353 3488 479 3564 Omnes
514 3510 617 3585 porro
644 3488 720 3562 illac
747 3511 814 3562 non
839 3499 874 3561 ut
903 3499 1022 3561 vetera
1057 3489 1220 3583 quaedam
1254 3490 1381 3584 oliicia,
1409 3515 1495 3588 quae
1528 3514 1611 3567 sus·
1668 3517 1761 3574 omnes
1789 3520 1934 3578 orientales

252 3617 345 3703 cepto
380 3605 535 3679 Romano
571 3605 709 3679 Canone
742 3607 867 3678 omissa
902 3615 993 3694 sunt,
1028 3616 1062 3676 ot
1096 3605 1200 3679 Missa
1234 3605 1423 3699 Gallicana,
1458 3607 1610 3701 Gothico,
1624 3605 1696 3658 ΝΜ
1712 3608 1737 3659 ³¹¹
1755 3618 1879 3662 nunaunt

253 3733 346 3796 vetus
373 3721 555 3814 anciea,
581 3725 615 3793 in
642 3721 722 3796 solis
749 3722 880 3817 quidem
906 3719 1075 3793 codicibus
1097 3721 1329 3819 Manuscriptis
1355 3737 1611 3815 conservantur,

253 3837 310 3910 sed
336 3838 464 3911 illarum
492 3860 572 3912 usus
598 3847 708 3910 certus
735 3849 804 3927 est,
831 3847 866 3909 ut
892 3837 978 3933 apud
1005 3833 1157 3910 Graecos
1183 3838 1403 3932 Liturgiamm
1431 3841 1544 3914 Basilii
1577 3854 1612 3916 et

253 3953 503 4050 chrysostomi,
529 3962 565 4026 et
589 3953 674 4026 illius
699 3975 784 4049 quae
810 3951 1174 4026 Praesanctificatorum
1208 3955 1333 4027 dicitur.
1390 3954 1516 4030 Saltem
1542 3959 1612 4030 ali-

254 4070 380 4164 quando
408 4091 488 4144 usus
513 4069 642 4142 illamm
668 4069 747 4162 luit,
774 4079 807 4142 et
834 4069 963 4165 quidem
990 4091 1051 4166 per
1076 4069 1176 4142 multu
1203 4072 1355 4162 saecula,
1381 4082 1417 4144 ut
1433 4071 1553 4145 Jacobi
1578 4078 1613 4145 in

253 4183 408 4260 Dioccesi
446 4185 770 4282 hierosolymitana,
812 4185 919 4258 hlarci
956 4189 989 4258 in
1026 4185 1274 4278 Alexandrina,
1317 4190 1371 4283 qui
1405 4211 1484 4264 usus
1525 4191 1612 4286 apud

254 4301 465 4376 Ortbcdcxos
483 4302 614 4399 syros,
640 4325 707 4376 non
734 4305 839 4375 miuus
867 4325 963 4397 quam
991 4301 1077 4398 apud
1093 4300 1263 4376 Jacobitas
1290 4302 1439 4395 ejusdem
1464 4305 1610 4397 linguae,

254 4425 284 4489 et
310 4417 461 4516 Coptitas
476 4418 550 4492 'huc
577 4441 683 4513 usque
708 4428 915 4515 perseverat.

352 4533 452 4607 Nulla
477 4546 587 4608 autem
614 4546 684 4623 est,
718 4545 775 4607 aut
799 4533 859 4606 luit
885 4543 941 4608 aut
967 4555 1044 4610 esse
1070 4545 1180 4630 potest
1212 4535 1362 4610 similium
1388 4534 1610 4631 Liturgicrum
1634 4554 1931 4626 requenovaemrmne

253 4647 378 4740 iorma,
406 4673 491 4746 quae
518 4654 744 4724 caeremonias
771 4651 940 4744 adjunctas
965 4671 1032 4723 non
1065 4654 1229 4747 requirat,
1262 4675 1336 4724 cum
1368 4655 1467 4726 etiam
1498 4630 1818 4741 novae¹fif³⁸⁰⁸²¹¹¹ii¹¹¹¹¹
1832 4640 1930 4742 Ψ

253 4765 345 4856 illue,
373 4769 523 4862 quamvis
550 4765 592 4839 ab
620 4771 761 4862 antiquis
788 4768 920 4841 multum
954 4768 1150 4860 dissimiles,
1187 4792 1268 4864 quas
1299 4769 1525 4844 Protestantes
1564 4728 1855 4885 exppppqponmttn
1871 4744 1930 4782 ⁸⁸⁸⁰

254 4881 446 4974 imaginario
479 4881 536 4956 illo
569 4883 752 4980 exemplari
786 4881 922 4957 Coenae
948 4883 1176 4976 Evangelioae
1211 4896 1244 4957 et
1269 4886 1487 4982 Apostolicae
1520 4885 1609 4959 deli·-

255 5007 456 5088 neavenmt,
484 4997 606 5094 aliquid
631 4998 774 5072 habeant
800 4998 970 5092 ejusmodi.
1023 4998 1071 5072 lta
1103 5002 1147 5070 in¹
1161 4999 1350 5093 Anglicana
1375 5001 1611 5097 praescribitur

257 5112 330 5207 quid
355 5111 506 5190 hlinistro
532 5113 716 5188 iaciendum
751 5119 812 5210 sit,
852 5138 926 5187 cum
951 5119 1047 5212 panis
1079 5120 1268 5215 propositus
1308 5122 1612 5196 communicantium
