4680 6044
673 583 746 658 170
1168 580 1561 660 COMMENTARIUS

679 769 785 830 vitiam
812 775 875 829 est:
904 775 934 829 et
954 767 1107 847 scriptura
1129 767 1340 848 praecipitat
1367 785 1465 848 apaan
1490 769 1532 830 ait
1558 769 1671 850 absqoe
1699 769 1783 834 vitio.
1814 767 1925 832 Oblata
1942 789 2051 850 porro,

680 865 958 941 sieraclsarislia,
982 873 1028 928 est
1048 885 1145 946 opnas
1166 866 1324 930 enotatas
1345 867 1377 928 in
1398 869 1495 928 aeleri
1513 867 1578 949 leae
1597 877 1788 949 praeceptas,
1810 871 1842 930 in
1864 887 1923 949 qao
1945 869 2051 930 oitnan

680 985 747 1028 esse
774 966 885 1027 oollam
914 964 1001 1026 debet
1004 986 1019 1040 ,⁰
1049 973 1079 1027 et
1104 968 1218 1045 fissura
1244 967 1349 1028 citiam
1370 974 1425 1031 est.
1468 966 1506 1028 Si
1530 988 1602 1048 apo
1628 968 1731 1030 oblma
1757 967 1853 1047 [uerit
1875 969 1967 1048 fissa,
1997 973 2052 1029 aot

676 1064 791 1144 fracta,
812 1084 872 1126 non
894 1065 964 1126 licet
984 1083 1052 1126 eam
1073 1062 1183 1146 offerre
1204 1066 1350 1146 lepitime,
1373 1075 1402 1128 et
1430 1068 1550 1148 qnando
1581 1074 1644 1128 toto
1671 1068 1747 1147 fissa
1765 1067 1868 1147 [aer-it,
1890 1068 2052 1148 ainamqoe

678 1165 711 1224 ia
739 1172 856 1225 acetum
883 1163 928 1224 ita
955 1183 1074 1226 aeram
1100 1173 1134 1226 at
1158 1166 1249 1244 plane
1270 1173 1442 1245 conoptam
1463 1167 1513 1242 sit,
1535 1166 1609 1228 illud
1631 1163 1739 1247 offerre
1760 1185 1949 1247 nequaqnam
1970 1167 2049 1230 licet.

678 1263 717 1325 Et
743 1262 835 1344 paulo
865 1269 945 1344 post.
980 1261 1054 1324 Cam
1083 1265 1230 1325 sacerdos
1257 1265 1369 1344 reperit
1397 1284 1599 1346 quaecamque
1627 1285 1702 1344 opos
1724 1274 1794 1327 sant
1813 1267 1883 1346 ipsi,
1906 1265 2051 1342 oblatam,

677 1365 790 1438 ninam,
813 1363 890 1438 tinia,
914 1361 1062 1424 carbones
1083 1369 1113 1423 et
1134 1363 1236 1424 omnia
1257 1381 1335 1424 oasa
1357 1371 1387 1425 et
1406 1359 1606 1425 imtram'enta
1625 1366 1711 1426 sacri
1720 1365 1889 1438 ministerii,
1911 1371 2051 1444 recteque

677 1470 712 1524 ot
732 1470 850 1542 oportet
870 1462 972 1534 arnoia
998 1481 1031 1523 se
1056 1461 1169 1524 tabae
1199 1462 1352 1544 compa-it,
1381 1464 1511 1542 accipiet
1537 1463 1680 1540 column,
1701 1482 1825 1544 eamque
1846 1464 1953 1526 leoiter
1973 1460 2051 1522 cte-

679 1569 786 1644 terpet,
815 1562 894 1621 sicat
919 1559 1057 1622 etratus
1077 1560 1224 1624 Donamus
1245 1563 1334 1643 amis
1351 1563 1452 1641 primo
1474 1562 1631 1625 abstersio
1659 1571 1713 1638 est,
1736 1569 1895 1643 antequam
1915 1559 2053 1622 Simeoni

677 1659 842 1722 Sacerdoti
862 1661 1054 1723 traderetur.-
1076 1661 1185 1722 deiadc
1205 1680 1297 1741 saper
1316 1679 1424 1723 mamis
1442 1680 1509 1722 eam
1523 1661 1724 1740 circumferet,
1745 1662 1826 1722 sima
1847 1679 1914 1722 mim
1927 1657 2051 1720 Simeon

677 1761 711 1822 in
744 1759 850 1839 templo
884 1760 1069 1821 circumsilit.
1108 1759 1238 1820 Tandem
1273 1761 1401 1840 deponet
1432 1779 1500 1822 eam
1533 1759 1689 1822 Sacerdos
1726 1767 1756 1821 et
1793 1761 1826 1820 in
1868 1759 1955 1820 diseo
1996 1775 2050 1818 seo

676 1869 790 1940 patena
812 1856 990 1930 collocabit;
1012 1877 1090 1940 qaae
1107 1877 1256 1939 praesepe
1277 1861 1436 1940 sipnifical
1459 1867 1489 1920 et
1509 1858 1599 1921 linteo
1621 1859 1687 1921 velo
1709 1877 1776 1920 eam
1797 1857 1940 1931 incolcet,
1970 1858 2052 1918 mend

676 1959 752 2039 [ecit
779 1956 921 2041 Virpoin
948 1959 1012 2036 eius
1032 1959 1201 2020 nativitate.
1235 1957 1347 2020 Doctae
1373 1965 1472 2020 aatem
1498 1941 1598 2038 prima
1624 1959 1817 2038 praesepium
1838 1957 2000 2037 sipaificat,
2022 1961 2053 2017 et

676 2065 828 2139 postrano
850 2055 1027 2134 scpnlcncm.
1073 2055 1133 2121 Sed
1156 2057 1325 2120 accuratius
1347 2060 1436 2120 ritum
1459 2057 1592 2139 explicat
1620 2055 1741 2120 Gabriel
1764 2055 1946 2118 Patriareha.
1992 2053 2050 2115 liis

674 2158 811 2239 peractis
832 2153 960 2216 mooloit
977 2174 1087 2234 panem
1108 2154 1352 2218 Eucharisticam
1377 2159 1493 2220 sericeo
1517 2175 1631 2236 panno,
1659 2157 1798 2236 illamque
1827 2155 1936 2217 attollit
1957 2173 2050 2230 saper

679 2263 771 2337 capnt
791 2273 887 2329 mam,
912 2255 1113 2333 praecedente
1138 2255 1278 2318 Wacono
1304 2275 1423 2318 ceream
1448 2264 1595 2336 portante.
1622 2255 1768 2318 Similiter
1789 2255 1870 2316 alias
1889 2253 2051 2314 Diaconos

678 2357 825 2418 elevatam
857 2361 936 2414 tenet
963 2353 1125 2431 amprtllam
1153 2355 1218 2415 aiei
1239 2373 1329 2435 saper
1358 2363 1450 2436 capnt
1469 2374 1565 2431 mam,
1588 2357 1703 2418 sericeo
1724 2354 1790 2416 aelo
1812 2354 1996 2415 mactatam:
2021 2359 2052 2413 et

678 2473 783 2517 coram
811 2474 847 2516 eo
877 2451 1033 2514 Diaconos
1062 2472 1182 2514 ceream
1208 2454 1404 2534 praeferens,
1437 2458 1676 2534 mrcamocntqoe
1705 2455 1803 2516 altare
1823 2452 1932 2515 semel:
1959 2459 2050 2532 atquc
2109 2447 2117 2458 '

677 2556 794 2616 interea
815 2553 930 2632 olipmt
951 2549 1111 2613 Orationes
1133 2553 1235 2632 linpsta
1258 2553 1385 2634 Coptica
1406 2556 1578 2617 recitantur.
1617 2551 1754 2615 Cironitu
1773 2560 1910 2631 peracto,
1932 2558 1997 2612 stat
2017 2552 2050 2611 in

678 2655 746 2716 loco
767 2670 823 2713 sao
843 2650 929 2730 [acie
950 2651 993 2711 ad
1015 2648 1166 2712 Orientem
1188 2671 1354 2715 converso:
1375 2652 1533 2716 Diaconos
1544 2655 1682 2716 similiter
1701 2669 1757 2714 mo
1779 2653 1811 2712 in
1833 2653 1900 2713 loco
1922 2651 1967 2712 ad
1984 2648 2050 2711 Oc-

678 2751 824 2811 cidentem
843 2768 1024 2812 concerno:
1045 2747 1256 2832 Sacerdosqae
1273 2751 1404 2814 oblatm
1422 2771 1510 2815 snam
1522 2754 1648 2832 imponit
1667 2751 1772 2814 nmoai
1791 2751 1944 2825 manae,
1959 2768 2049 2810 eam-

678 2867 734 2929 aac
756 2850 846 2910 simol
866 2867 933 2910 cam
955 2849 1087 2928 ampulla
1109 2850 1174 2910 vini
1195 2858 1241 2910 ter
1263 2869 1353 2912 aneae
1375 2854 1489 2932 ripam,
1511 2851 1652 2914 Diacono
1680 2869 1747 2913 eam
1768 2850 1835 2911 aelo
1857 2851 1975 2910 sericeo
1997 2851 2050 2909 in—

677 2949 809 3010 colatum
832 2955 957 3012 arente
1000 2945 1144 3010 Eundem
1168 2966 1289 3030 quoque
1313 2951 1403 3014 ritum
1425 2949 1629 3014 circumeundi
1652 2950 1752 3012 altaris
1775 2967 1843 3011 cum
1863 2964 1945 3028 pane
1968 2964 2047 3011 eon-

679 3047 829 3110 secrando
851 3054 936 3110 notat
959 3047 1037 3109 idem
1053 3046 1185 3126 Gabriel,
1208 3050 1237 3111 in
1260 3049 1366 3112 Officio
1389 3050 1471 3131 quod
1493 3050 1642 3116 celebrari
1665 3049 1756 3112 debet
1777 3046 1815 3110 ad
1830 3033 2047 3132 ἑνθρονισμὸν

681 3147 753 3209 navi
775 3146 930 3228 Episcopi.
968 3145 1012 3208 lta
1034 3148 1123 3209 etiam
1144 3146 1322 3211 Abulbircat
1344 3168 1412 3230 cap.
1437 3151 1486 3216 19.
1522 3149 1569 3212 Ex
1591 3150 1637 3212 his
1660 3147 1836 3212 testimoniis
1857 3145 2048 3226 intelligitur,

679 3247 768 3308 ritum
791 3243 896 3324 tuisse,
920 3252 952 3308 ut
975 3245 1125 3309 Sacerdos
1148 3246 1187 3308 ad
1208 3247 1365 3310 Penthesin
1388 3268 1443 3328 seu
1465 3249 1560 3313 attare
1588 3266 1714 3331 parvum
1735 3248 1807 3325 iret,
1830 3253 1922 3327 atque
1944 3263 1986 3306 ex
2008 3261 2046 3307 ao

679 3347 833 3428 acciperat
856 3345 992 3408 Oblatam
1016 3345 1261 3425 consecrandam,
1285 3365 1372 3427 quam
1400 3349 1528 3412 circuitu
1557 3357 1682 3430 peracto
1713 3346 1752 3408 ad
1779 3347 1874 3408 altare
1902 3343 2046 3424 deferret,

678 3465 735 3508 nec
765 3449 831 3510 sine
865 3463 990 3527 pompa,
1021 3462 1087 3506 cum
1114 3443 1240 3507 Diaconi
1268 3464 1376 3510 cereos
1405 3455 1529 3528 gestare
1554 3447 1727 3529 jubeantur.
1772 3444 1818 3508 De
1847 3443 2047 3507 veneratione

679 3561 757 3625 quae
786 3544 872 3610 donis
902 3545 1034 3608 nondum
1056 3545 1249 3607 sanctificatis
1278 3545 1413 3608 defertur
1442 3547 1514 3609 nihil
1543 3547 1686 3630 tegimus,
1715 3543 1772 3609 sed
1794 3546 1860 3625 ipsa
1881 3560 1994 3625 pompa
2016 3550 2047 3606 et
2123 3603 2127 3608 .

675 3646 832 3727 processio
854 3645 926 3708 satis
949 3661 1014 3707 enm
1037 3643 1205 3728 designant.

373 3755 445 3820 syro
458 3764 484 3807 a
497 3755 553 3809 attia
568 3753 661 3809 orien—
763 3745 809 3808 Ne
832 3747 899 3826 quis
921 3753 1020 3806 autem
1044 3744 1194 3808 existimet
1223 3744 1384 3829 Aegyptiis
1411 3743 1484 3808 solis
1514 3762 1700 3808 communem
1728 3742 1804 3806 hana
1828 3740 2045 3804 cumGraecis

355 3839 456 3894 otnus.
676 3865 745 3909 esse
770 3845 1026 3922 consuetudinem,
1050 3846 1135 3908 testis
1159 3852 1206 3908 est
1227 3844 1388 3926 Dionysius
1410 3844 1557 3908 Barsalibi
1579 3846 1610 3906 in
1632 3843 1854 3908 Commentario
1878 3840 1916 3904 ad
1937 3840 2045 3903 Jacobi

675 3944 850 4028 liturgiam,
872 3943 950 4006 idem
973 3941 1051 4023 apud
1073 3943 1225 4007 lacebitas
1248 3963 1321 4008 suos
1344 3942 1510 4008 observari.
1539 3943 1663 4023 Daseai
1683 3944 1761 4006 enim
1784 3944 1824 4004 ait
1845 3941 2046 4004 Sacramenta

675 4043 715 4106 ab
738 4045 832 4106 altari
849 4062 948 4124 parco
970 4043 1002 4102 in
1022 4062 1129 4124 pyram
1151 4045 1237 4106 cirea
1258 4044 1358 4106 attare
1378 4047 1486 4124 majas,
1509 4052 1579 4106 ante
1600 4044 1780 4106 oblanonem
1801 4042 1957 4121 sacrificii,
1986 4059 2044 4121 aaa

674 4145 735 4204 rita
763 4143 932 4224 siprrificmi
958 4141 1031 4204 dicit
1054 4141 1168 4205 Christi
1195 4142 1227 4204 in
1248 4152 1351 4204 terras
1372 4144 1548 4206 descensum
1570 4145 1718 4223 totiusque
1739 4145 1803 4222 epos
1824 4143 1856 4203 in
1878 4141 1969 4202 ternis
1991 4140 2044 4201 di-

674 4244 765 4304 ainae
795 4243 1038 4305 repausationis
1065 4243 1130 4304 siae
1150 4238 1209 4326 τῆς
1230 4227 1385 4328 ἕνσᾶρκου
1408 4232 1593 4321 οἰκονομίας
1614 4241 1790 4321 periodum:
1817 4241 1981 4303 illationem
2002 4239 2045 4301 ad

676 4343 793 4418 altare,
824 4342 995 4422 siqnificare
1024 4341 1221 4412 chundonem
1248 4342 1313 4420 ejos
1339 4343 1371 4402 in
1400 4359 1529 4406 emicem
1571 4340 1662 4422 Apud
1695 4339 1863 4421 Aethiopes
1892 4337 1982 4421 plane
2011 4344 2044 4400 ut

675 4441 755 4503 inter
778 4439 923 4521 (laptiles,
953 4440 1030 4503 idem
1057 4443 1133 4504 ritus
1161 4441 1341 4504 observatos
1364 4439 1469 4518 tuisse,
1498 4440 1587 4504 docet
1609 4442 1675 4523 ejus
1698 4439 1863 4521 descriptio
1885 4439 1922 4500 ab
1945 4438 2043 4500 Alva-

677 4541 773 4619 rezio,
795 4540 846 4603 uhi
868 4557 929 4603 non
952 4541 1048 4603 solum
1070 4542 1297 4623 processionem
1320 4540 1385 4602 sive
1404 4538 1848 4625 circumgestationemoblatae
1871 4544 1964 4616 natat,
1987 4535 2043 4600 sed

679 4639 816 4723 adjungit
837 4640 953 4722 pulsari
976 4641 1177 4722 campanolas,
1200 4647 1231 4704 et
1253 4640 1351 4703 statim
1374 4657 1478 4702 omnes
1500 4641 1531 4702 in
1553 4658 1653 4723 genua
1674 4638 1887 4721 procumbere,
1910 4639 1962 4718 qui
1984 4637 2044 4698 ho-

677 4755 733 4800 nor
755 4739 822 4820 ipse
845 4747 907 4819 est,
939 4756 1027 4820 quem
1055 4739 1162 4804 Graeci
1191 4741 1286 4806 sacris
1308 4739 1482 4802 muneribus
1505 4738 1652 4803 deterunt.
1681 4736 1756 4802 Cum
1777 4756 1854 4816 veno
1875 4736 2042 4816 Aethiopes

680 4838 808 4900 omnium
831 4856 953 4901 suorum
979 4841 1089 4902 rituum
1115 4841 1337 4923 Liturgicorum
1365 4845 1487 4902 autores
1518 4846 1683 4921 agnoscant
1704 4838 1886 4922 Aegyptias,
1910 4835 1981 4917 quin
2004 4832 2040 4896 ab

682 4936 756 5018 ipsis
785 4937 842 4998 iste
871 4937 1024 5001 derivatus
1054 4940 1103 5018 sit,
1126 4959 1187 5002 non
1209 4948 1257 5003 est
1279 4939 1482 5004 dubitandum.
1511 4939 1618 5021 Neque
1640 4937 1720 5021 quod
1742 4939 1773 5000 in
1795 4935 1958 5001 (lodicibus
1980 4935 2047 4996 non'

678 5035 888 5102 adscribuntur
910 5037 1072 5101 minutatim
1102 5041 1200 5103 omma
1224 5059 1302 5121 quae
1324 5039 1515 5105 observanda
1536 5047 1616 5120 sunt,
1644 5057 1680 5103 ea
1702 5035 1817 5100 idcirco
1839 5033 1972 5120 ignorari
1994 5039 2042 5096 est
2122 5066 2125 5086 ι
