4680 6044
639 575 692 650 AD
719 573 926 652 LITURGIAM
951 571 1359 650 ablatamablatam
1592 574 1668 648 220

304 769 370 826 ante
393 759 646 836 communionem,
675 765 709 821 ut
736 759 862 840 praevia
891 756 987 820 altera
1016 773 1093 838 opus
1123 773 1193 819 esse
1221 774 1282 820 non
1309 755 1457 822 videatur.
1502 755 1671 840 Aethiopes

302 869 400 924 tanmn
431 860 483 941 qui
512 857 747 920 sacramentales
774 855 869 920 libros
898 873 971 918 suos
1000 873 1017 918 a
1045 853 1191 918 Jacobitis
1229 853 1445 918 Alexandrinis
1475 865 1670 938 acceperunt,

301 961 456 1041 ipsamque
478 955 578 1020 basilii
600 955 782 1038 Litargiam,
812 971 889 1036 quae
915 952 1097 1034 Aethiopum
1121 952 1270 1032 Cononis,
1300 960 1333 1016 ut
1364 961 1490 1031 vocant,
1518 956 1671 1036 generalis

302 1058 473 1140 primarium
496 1054 732 1136 exemplarem,
761 1053 862 1117 ultima
884 1052 979 1116 verba
1008 1052 1037 1114 in
1068 1069 1135 1115 eam
1164 1054 1344 1116 sententiam
1373 1055 1562 1133 interpretati
1591 1062 1671 1132 sunt,

303 1177 379 1240 quae
417 1156 455 1218 ad
484 1155 643 1218 veritatem
679 1153 771 1217 realis
798 1153 991 1235 praesentiae
1021 1152 1197 1232 pertineret.
1241 1152 1353 1215 Dicunt
1382 1153 1476 1216 enim:
1510 1149 1610 1214 Credo
1640 1161 1671 1214 ct

303 1255 470 1336 Confiteor:
492 1254 551 1317 hoc
572 1261 618 1315 est
638 1272 711 1316 aere
733 1271 845 1334 empus
866 1259 956 1316 mam.
1000 1251 1112 1314 Eadem
1135 1252 1307 1314 reverentia
1329 1258 1497 1314 tractantur
1517 1253 1671 1332 mysteria,

302 1372 379 1438 quae
401 1359 472 1434 post
494 1351 723 1432 pronunciatum
751 1349 974 1414 Invocationem
1002 1349 1137 1412 adhiberi
1166 1349 1262 1429 solet,
1293 1365 1331 1414 eo
1360 1349 1457 1414 solum
1488 1349 1670 1430 discrimine,

301 1454 380 1538 quod
404 1450 592 1535 signationes
615 1450 666 1512 illa
689 1450 768 1513 dicta
791 1468 852 1513 non
874 1447 958 1512 bunt.
1004 1448 1046 1510 At
1067 1449 1127 1512 ritu
1148 1449 1270 1528 Latino,
1294 1448 1460 1512 secundum
1482 1466 1571 1528 quern
1594 1465 1672 1511 con-

302 1553 431 1617 secratio
453 1548 590 1631 perlecta
614 1548 748 1612 creditur
768 1548 973 1629 pronunciatis
997 1545 1108 1610 Christi
1130 1547 1244 1626 verbis,
1274 1547 1353 1610 calix
1383 1554 1414 1610 et
1443 1547 1542 1610 hostia
1572 1547 1672 1608 crucis

302 1653 390 1734 signo
413 1649 635 1712 benedicuntur
657 1666 674 1710 a
698 1646 884 1726 Sacerdote,
914 1665 982 1710 aum
1010 1646 1099 1725 dicit,
1127 1646 1267 1710 Hostiam
1287 1665 1414 1726 pamm,
1436 1645 1575 1708 Hostiam
1596 1663 1672 1707 soar-

302 1757 389 1824 etom,
411 1747 552 1810 Hostiam
572 1747 807 1825 inemendatam,
830 1746 945 1808 Poaem
967 1754 1105 1809 sanctam
1126 1749 1209 1808 vitoe
1230 1753 1383 1825 aetmmoe,
1410 1753 1441 1807 et
1469 1745 1594 1806 calicem
1615 1762 1672 1807 sa-

302 1847 371 1910 bats
388 1853 563 1926 perpetuane.
610 1845 695 1908 Unde
718 1851 837 1908 constat
860 1844 1035 1928 consignari
1057 1863 1149 1926 posse
1172 1844 1267 1924 dona,
1298 1844 1387 1907 etiam
1411 1850 1604 1922 consecrata,
1641 1851 1673 1906 ut

302 1945 334 2008 lit
354 1947 413 2008 ritu
436 1943 599 2024 Orientali,
623 1945 654 2006 in
676 1943 726 2006 illa
749 1951 836 2026 parte
858 1961 936 2024 quae
958 1952 1087 2006 vocatur
1105 1933 1197 2028 tAyia
1219 1938 1349 2016 ἓνωσιςι
1372 1944 1445 2006 unio
1459 1943 1574 2005 scilicet
1597 1959 1673 2022 spe-

302 2042 359 2106 ciei
381 2043 557 2125 utriusque,
582 2061 649 2106 curn
671 2044 758 2124 panis
789 2049 985 2107 consecratus
1015 2045 1153 2126 signatur
1182 2043 1329 2124 particula
1358 2042 1506 2126 sanguine
1532 2040 1672 2104 delibuta.

302 2141 361 2206 Sed
383 2159 440 2206 nec
463 2143 562 2205 statim
585 2150 676 2226 atque
697 2142 853 2206 invocatio
876 2143 1074 2224 pronunciata
1097 2151 1155 2222 est,
1178 2141 1333 2205 adoranda
1356 2141 1536 2221 proponitur
1549 2139 1671 2202 Eucha-

301 2243 394 2322 ristia,
416 2250 466 2306 aut
488 2243 588 2324 aliqua
612 2243 803 2307 caeremonia
826 2243 1053 2324 praescribitur,
1078 2260 1275 2322 quaenovae
1290 2240 1443 2322 dignitatis
1466 2239 1673 2302 accessionem

301 2341 449 2404 ullatenus
472 2341 630 2423 significet.
674 2340 718 2404 lta
749 2360 851 2423 nequa
880 2360 937 2424 per
965 2341 1061 2405 verba
1090 2341 1217 2421 alicujus
1245 2339 1406 2419 orationis,
1436 2346 1488 2402 aut
1521 2338 1673 2401 acelama-

302 2442 402 2518 tionis,
425 2457 525 2522 neque
548 2441 748 2504 caeremoniis
772 2440 997 2520 determinatur,
1021 2457 1098 2521 quae
1131 2441 1171 2502 sit
1201 2440 1303 2520 opinio
1327 2438 1365 2500 de
1393 2438 1478 2501 donis
1506 2435 1673 2518 propositis

302 2549 400 2604 utrum
418 2541 480 2622 jam
503 2537 641 2620 perlecto
664 2547 842 2603 consecrata
864 2541 938 2619 sint,
972 2558 1011 2603 en
1040 2541 1178 2620 proxime
1212 2539 1249 2601 ad
1281 2539 1542 2601 consecrationem
1566 2532 1673 2612 dispo-

302 2640 368 2704 sita.
412 2637 519 2718 Neque
542 2639 621 2700 enim
643 2638 887 2718 admiraculum,
919 2639 1000 2720 qnod
1022 2637 1167 2701 humanae
1190 2638 1298 2700 mentis
1328 2644 1446 2718 ceptum
1476 2641 1600 2718 superat
1623 2638 1674 2694 at-

302 2737 428 2802 tendere
452 2735 639 2806 Christianos
658 2737 767 2820 jubent
788 2738 938 2820 'theologi
951 2737 1131 2816 Orientales,
1154 2736 1210 2800 sed
1229 2735 1266 2798 ad
1289 2736 1335 2799 sui
1352 2735 1573 2818 probationem,
1596 2751 1675 2796 con-

304 2836 508 2916 scientiaeque
538 2836 774 2915 mundationem,
797 2844 831 2898 ut
860 2839 1002 2920 mysteria
1025 2855 1092 2900 cunr
1115 2837 1212 2900 fructu
1235 2837 1449 2919 percipiantur.
1495 2835 1569 2899 Cum
1592 2851 1670 2897 vero

304 2935 467 3016 praecipua
490 2942 522 2997 et
543 2935 717 2998 necessaria
739 2937 931 3016 praeparatio
955 2937 992 2999 ad
1015 2936 1066 2999 illa
1089 2937 1181 3021 digne
1203 2937 1396 3020 suscipienda
1418 2936 1493 2998 lides
1516 2937 1571 3014 sit,
1594 2933 1673 2996 illem

302 3032 461 3096 Ecclesiae
483 3032 653 3096 Orientales
681 3041 819 3097 testatam
849 3053 866 3097 a
896 3037 959 3099 suis
987 3054 1057 3100 esse
1080 3036 1289 3115 instituerunt,
1318 3035 1410 3118 paulo
1440 3042 1509 3098 ante
1538 3050 1675 3098 commu-

303 3133 433 3210 nionem,
456 3139 614 3213 postquam
637 3133 824 3196 orationibus
848 3143 879 3197 et
901 3137 1100 3198 caeremoniis
1122 3137 1181 3198 rite
1203 3135 1364 3217 perfectis,
1387 3135 1426 3198 de
1448 3135 1576 3196 veritate
1600 3147 1674 3193 cor·
1726 3157 1731 3166 ·

302 3231 387 3310 poris
410 3238 442 3294 et
470 3231 626 3316 sanguinis
657 3230 785 3310 Christi,
816 3251 893 3312 quae
923 3252 994 3296 mox
1022 3234 1220 3314 exhibentur,
1250 3235 1387 3298 dubitare
1418 3232 1589 3296 Christiano
1613 3248 1674 3294 non

302 3327 384 3394 licet.
428 3331 463 3393 ln
491 3329 639 3412 aliquibus
673 3333 762 3394 etiam
793 3331 996 3412 orationibus,
1030 3343 1190 3414 antequam
1219 3335 1374 3398 invocatio
1405 3335 1602 3415 pronunciata
1625 3331 1675 3409 sit,

302 3445 389 3491 saara
412 3430 491 3494 dona
514 3437 662 3492 vocantur
683 3448 796 3510 cmpos
817 3439 848 3492 et
868 3434 1001 3512 amimae.
1046 3432 1112 3496 Uno
1135 3433 1243 3511 verbo,
1267 3432 1339 3494 nihil
1362 3433 1496 3496 occurrit
1518 3433 1548 3494 in
1570 3429 1675 3493 bitur-

304 3528 361 3608 giis
383 3527 598 3605 Orientalibus,
621 3528 701 3592 unde
724 3531 983 3594 consecrationem
1006 3531 1139 3596 nondum
1162 3550 1232 3594 esse
1257 3530 1367 3593 lectam
1396 3549 1437 3594 ex
1458 3531 1578 3593 illorum
1601 3547 1674 3592 sen-

305 3627 397 3688 tentia
420 3637 506 3691 certo
530 3635 672 3690 constare
696 3628 802 3708 possit,
826 3635 948 3708 praeter
971 3629 1196 3694 invocationem
1220 3633 1349 3711 Spiritus
1371 3631 1476 3694 sancti.
1516 3630 1676 3692 Perillam

309 3725 471 3789 verborum
493 3725 604 3789 Christi
627 3725 768 3790 ellectum
789 3727 923 3806 destrui,
947 3728 1082 3811 vulgaris
1112 3732 1316 3793 recentiorum
1345 3727 1540 3810 quorumdam
1571 3729 1674 3809 opinio

308 3832 369 3888 est:
393 3825 429 3887 ab
453 3843 489 3888 ea
513 3834 611 3890 tamen
635 3833 756 3890 veteres
780 3835 839 3890 tam
861 3827 891 3889 in
915 3825 1039 3890 Oriente
1062 3845 1150 3909 quam
1177 3830 1207 3890 in
1237 3828 1403 3891 Occidente
1433 3826 1585 3908 'theologi
1615 3847 1676 3890 ve-

308 3923 531 3988 hementissime
561 3925 759 4004 dissentiunt,
794 3925 960 3989 accedente
997 3928 1127 3989 omnium
1163 3926 1368 3990 Ecclesiarum
1403 3927 1554 3988 contraria
1582 3923 1677 3988 disci-

308 4023 396 4104 plina.

392 4121 457 4186 ilua
480 4131 599 4206 spectat
621 4122 755 4186 secunda
777 4123 966 4202 observatio,
990 4141 1068 4204 qnae
1090 4123 1224 4204 plurimis
1253 4143 1311 4187 noc
1341 4124 1487 4207 ambiguis
1518 4121 1676 4186 ilitualium

306 4221 450 4285 librorum
479 4222 516 4286 ad
543 4223 642 4286 omnia
672 4230 861 4286 sacramenta
891 4223 1074 4287 celebranda
1110 4225 1287 4287 testimoniis
1323 4225 1535 4298 confirmatum
1569 4240 1677 4302 nempe

306 4321 473 4386 Ecclesiam
497 4322 682 4386 orationibus
705 4323 768 4386 suis
790 4322 945 4404 postulare
968 4323 1216 4386 sacramentalem
1238 4324 1376 4407 gratiam,
1400 4341 1489 4404 quem
1511 4321 1677 4384 obtinuisse

307 4437 342 4484 se
371 4437 432 4483 non
463 4421 586 4484 dubitat.
630 4421 663 4484 ld
692 4422 821 4484 maxime
851 4423 1044 4503 perspicuum
1075 4431 1122 4485 est
1157 4441 1197 4486 ex
1227 4423 1336 4486 Olilciis
1365 4422 1402 4485 ad
1430 4441 1468 4485 ea
1490 4428 1678 4484 sacramenta

307 4520 497 4598 celebranda,
520 4521 558 4584 de
581 4537 707 4601 quorum
731 4521 835 4598 lomna,
858 4522 1023 4584 secundum
1046 4521 1271 4606 'theologorum
1290 4519 1462 4585 latinorum
1485 4523 1676 4599 sententiam,

308 4626 339 4681 et
361 4635 547 4682 communem
568 4620 656 4700 buius
677 4621 762 4682 vocis
785 4637 869 4683 usum
892 4619 1064 4699 intellecta,
1087 4639 1147 4683 non
1170 4623 1348 4703 disputatur.
1393 4619 1426 4683 ln
1449 4619 1677 4702 baptismalibus

308 4717 419 4780 Obloiis
449 4725 572 4798 praeter
598 4717 752 4781 orationes
781 4720 940 4802 praevias,
969 4730 1027 4782 tam
1051 4720 1089 4782 ad
1117 4721 1209 4784 sontis
1238 4720 1494 4799 benedictionem,
1524 4738 1611 4802 quam
1640 4719 1677 4782 ad

307 4814 503 4879 Exorcismos
525 4815 719 4900 reliquasque
742 4819 957 4893 caeremonias,
980 4819 1119 4884 dicuntur
1143 4821 1272 4903 aliquae,
1296 4821 1385 4884 etiam
1408 4821 1535 4902 prolatis
1557 4820 1676 4884 verbis:

308 4913 374 4994 Epo
396 4917 434 4977 de
455 4913 594 4996 Baptiso,
616 4917 666 4980 vel
690 4917 853 4982 seeundum
875 4918 963 4981 ritum
994 4918 1179 4983 Orientalem
1205 4920 1386 5001 Baptisutur
1414 4921 1451 4984 N.
1475 4929 1532 4984 etc.
1560 4927 1593 4983 et
1619 4936 1680 5001 po-

308 5013 436 5076 stulatur
465 5033 482 5075 a
510 5013 596 5094 Dea,
626 5023 659 5078 ut
685 5017 744 5079 illis
768 5017 819 5097 qui
848 5016 1025 5096 baptismum
1059 5021 1238 5100 suscipiunt,
1270 5022 1398 5104 gratiam
1427 5019 1556 5102 Spiritus
1583 5019 1680 5084 sancti

1394 5135 1472 5209 45*

1708 4133 1826 4190 Secunda
1844 4136 1997 4190 observatio.
2110 4199 2111 4202 Ἰ
