4670 6046
541 605 594 682 AD
618 603 832 682 Ltlunttiltt'
847 601 1040 680 oorrtcnn
1059 605 1090 682 S.
1109 605 1253 682 BASlhlI.
1555 605 1628 681 231

262 789 447 854 §aeramenti
471 785 608 851 Christus
629 787 774 850 Dominus
797 787 828 850 in
850 786 951 850 ultima
980 804 1075 850 coena
1097 787 1185 868 iecit,
1215 797 1246 850 et
1279 788 1447 852 iaciendum
1475 793 1633 872 praecepit

261 888 292 950 in
314 887 361 950 sui
384 889 707 951 commemorationem.
730 886 832 950 Verba
855 887 921 968 ejus
944 887 1087 950 recitant:
1110 895 1171 949 tum
1194 889 1302 952 iterum
1326 896 1434 972 rogant
1457 889 1567 968 Deum,
1599 899 1633 952 ut

261 987 373 1070 Spiritu
395 994 500 1050 sancto
523 994 686 1066 operante,
717 985 848 1049 divinum
878 993 910 1049 ct
939 1003 1032 1064 supra
1059 987 1140 1049 vires
1170 985 1312 1049 humanas
1341 987 1515 1050 miraculum
1536 989 1633 1069 perh-

261 1086 367 1147 eiatur.
410 1084 492 1148 llaec
515 1085 613 1147 onmia
637 1085 722 1167 qnasi
744 1103 804 1148 uno
832 1093 939 1148 tenore
969 1083 1047 1148 iacta
1077 1091 1108 1147 et
1138 1085 1217 1148 dicta
1246 1084 1418 1168 inteiligamt
1446 1085 1631 1164 Orientales,

261 1202 360 1265 noque
383 1201 439 1264 per
461 1185 708 1262 intermissiones,
738 1191 769 1246 ot
798 1185 971 1247 necessaria
1000 1183 1173 1261 intervalla,
1202 1201 1319 1246 sacram
1348 1185 1495 1246 actionem
1517 1186 1557 1247 ita
1582 1185 1632 1247 di-

261 1283 321 1346 vidi
351 1284 539 1360 existimant,
569 1291 602 1345 ut
631 1300 691 1344 non
714 1283 813 1345 omnia
842 1282 879 1345 ad
903 1279 1039 1345 eumdem
1071 1283 1158 1345 finem
1181 1281 1361 1345 referantur.
1407 1281 1511 1363 ltaque
1539 1284 1569 1345 in
1592 1303 1630 1346 eo

258 1387 373 1444 tanatum
396 1399 501 1444 omnes
524 1382 729 1460 consentiunt,
760 1381 840 1461 quod
863 1379 986 1446 Gabriel
1017 1381 1187 1444 Patriarcha
1210 1384 1316 1462 paucis
1344 1381 1522 1462 explicavit:
1553 1400 1631 1463 prc-

261 1482 401 1544 nunciata
423 1480 541 1542 scilicet
563 1479 766 1560 Invocationc,
789 1479 897 1542 iactam
920 1497 990 1542 esse
1013 1487 1044 1542 et
1066 1479 1243 1560 completam
1261 1482 1519 1543 consecrationem
1543 1482 1630 1562 panis

262 1587 293 1642 ct
314 1580 385 1658 vini,
409 1578 439 1640 in
463 1595 574 1659 eorpus
597 1587 627 1642 et
650 1581 826 1660 sangninem
850 1578 959 1642 Christi
981 1579 1116 1642 Domini:
1140 1579 1178 1641 de
1202 1579 1427 1660 cujusveritate
1450 1579 1630 1660 paulopost

260 1677 476 1757 pronunciatur
499 1678 607 1740 eximia
630 1677 679 1739 illa
703 1676 874 1741 Confessio.

346 1773 447 1856 Atque
470 1774 546 1840 haec
568 1777 634 1840 sola
657 1778 737 1840 inter
759 1777 866 1840 multas
889 1795 967 1857 quae
991 1793 1007 1836 a
1026 1775 1202 1860 theologiis
1226 1777 1418 1857 excogitatae
1439 1786 1509 1839 sunt
1531 1778 1629 1840 inter·
1678 1779 1811 1836 invocatio
1824 1783 1954 1852 quomodo

260 1875 463 1954 promtiores,
492 1875 694 1938 invocationis
724 1873 826 1938 verbis
850 1875 1013 1938 convenire
1035 1882 1153 1956 potest,
1184 1893 1251 1936 cum
1280 1873 1431 1955 reliquae,
1459 1875 1540 1938 nulia
1570 1866 1761 1940 exsiccatur
1779 1867 1961 1940 tntetttgeana.

262 1981 360 2053 cepta,
384 1980 595 2056 praeterquam
623 1975 704 2054 qnod
736 1992 833 2036 novae
862 1975 936 2050 sint,
967 1972 1183 2053 veteribusque
1206 1974 1395 2056 incognitae,
1424 1981 1468 2037 tot
1491 1975 1629 2039 laborent

260 2071 464 2150 incommodis,
488 2081 520 2136 ut
551 2073 656 2156 longis.
680 2075 765 2155 ipsae
796 2074 1016 2136 commentariis
1040 2072 1202 2155 indigeant.
1249 2071 1336 2145 Quod
1364 2073 1500 2136 nonnulli
1525 2094 1629 2153 μετα-

259 2158 371 2250 βαλών
394 2171 431 2234 ad
454 2175 610 2254 praeteriti
632 2171 882 2255 significationem
904 2170 1049 2249 referunt,
1073 2172 1202 2234 inaniter
1216 2189 1351 2252 prorsus.
1373 2179 1405 2235 et
1423 2174 1538 2254 absquo
1552 2192 1629 2255 pro-

259 2267 320 2331 hali
348 2271 525 2334 autoritate:
555 2271 665 2335 nullius
694 2272 731 2334 od
766 2271 908 2352 Coptieas
938 2270 1088 2352 liturgias
1118 2271 1256 2332 momenti
1288 2279 1352 2349 cst,
1389 2278 1420 2333 ut
1455 2290 1555 2354 neque
1591 2272 1630 2335 ad

261 2367 365 2445 Syros,
386 2368 582 2448 Jacobitioas,
606 2378 656 2433 aut
678 2368 873 2434 Melchiticas.
898 2370 968 2434 Sola
991 2388 1099 2451 nempe
1122 2369 1254 2432 Nestorii
1279 2370 1413 2454 Liturgn'a
1435 2370 1511 2434 haec
1534 2371 1627 2434 verba

259 2476 481 2546 repraesentat,
504 2477 599 2531 sunna
623 2489 663 2531 ex
686 2469 894 2550 chrysostomi
918 2467 1050 2548 Graeca,
1088 2467 1169 2549 quod
1191 2487 1252 2531 non
1282 2470 1350 2531 leve
1374 2471 1556 2550 antiquitatis
1579 2474 1629 2532 in-

260 2560 367 2626 dicium
391 2574 453 2630 est:
477 2576 507 2630 et
528 2558 744 2648 μεταβάλλων
764 2570 945 2648 praesentis,
968 2587 1029 2632 non
1051 2568 1206 2648 praeteriti
1238 2569 1380 2648 temporis
1409 2568 1628 2652 significatione

260 2663 437 2742 explicatur.

345 2761 414 2826 lllas
437 2783 511 2828 vero
534 2783 609 2846 quas
632 2765 797 2828 ansarion
826 2775 856 2830 et
883 2764 1051 2842 Arcadius,
1086 2763 1168 2826 nullo
1200 2771 1383 2847 praeeunte,
1414 2765 1628 2830 verbosissime
1677 2773 1751 2826 Attae
1772 2774 1955 2843 explicationes

260 2871 484 2942 proposuerunt
506 2865 787 2952 interpretationes,
811 2873 844 2927 ut
864 2864 1019 2926 formulam
1039 2863 1243 2927 lnvocationis
1259 2863 1405 2926 Graecam
1423 2864 1629 2945 explicarent;
1642 2868 1710 2913 stare
1729 2874 1781 2913 11111
1801 2869 1918 2949 1111111111·

260 2959 351 3021 multo
373 2963 468 3046 magis
490 2962 654 3043 rejicerent
676 2961 846 3026 Orientales
869 2961 1033 3046 Theolcgi,
1065 2979 1132 3024 curn
1161 2963 1295 3024 novitate
1325 2979 1385 3026 non
1414 2965 1510 3026 minus
1540 2983 1629 3046 qiam

262 3059 470 3140 singularitate
494 3059 657 3140 displicere
679 3061 819 3124 debeant.
843 3063 957 3126 Primus
981 3064 1092 3144 quippe
1115 3073 1148 3125 ut
1171 3061 1311 3124 haeresin
1328 3079 1415 3142 quam
1430 3061 1554 3125 Graccis
1571 3066 1629 3128 im-

260 3158 529 3240 pingit,'paratam
553 3160 696 3240 haberet,
719 3160 866 3223 iacobum
887 3160 1066 3242 Apostolum
1088 3161 1167 3222 illius
1190 3169 1327 3223 autorem
1350 3160 1434 3223 iacit:
1465 3162 1541 3224 altar
1564 3163 1631 3244 Cy-

259 3255 358 3318 rillurn
380 3257 700 3339 hierosolymitanum,
722 3260 929 3340 loannemquo
953 3259 1192 3337 Damasccnum,
1217 3260 1330 3321 erroris
1353 3277 1443 3339 quem
1465 3261 1631 3325 insectatur

260 3365 399 3428 accusat,
422 3357 597 3438 periculoso
620 3358 711 3439 plane
734 3359 884 3441 exemplo.
909 3357 1100 3438 Reliquorum
1123 3358 1403 3438 interpretationum
1433 3359 1521 3420 etiarn
1552 3379 1631 3440 quae

261 3453 483 3518 tolerabiliores
506 3456 603 3518 videri
625 3465 768 3538 possunt,
791 3457 873 3519 nulla
895 3456 1098 3519 Orientalibus
1127 3455 1288 3538 Theologis
1319 3457 1401 3517 venit
1430 3457 1460 3517 in
1489 3466 1630 3535 mentem,

262 3569 388 3632 quorum
411 3571 517 3633 nemo,
541 3555 591 3618 vel
614 3557 762 3618 minimam
785 3557 899 3618 erroris
922 3557 953 3617 in
976 3553 1184 3618 conservanda
1212 3555 1367 3631 oratione,
1401 3574 1491 3634 quam
1520 3576 1536 3618 a
1564 3575 1631 3618 ma-

259 3650 377 3732 joribus
401 3661 583 3734 acceperant
605 3654 636 3716 in
658 3653 797 3716 Ecclesia
820 3653 1014 3732 Ortbodoxa,
1038 3654 1238 3733 suspicionem
1267 3651 1378 3714 habuit.
1423 3654 1524 3736 Atque
1554 3656 1632 3718 haec

261 3751 397 3830 quaestio
431 3751 469 3814 de
500 3751 702 3816 invocationis
733 3753 952 3834 significatione
986 3752 1095 3833 agitari
1130 3753 1208 3814 inter
1239 3748 1411 3813 Catholioos
1446 3761 1562 3834 potest,
1592 3753 1631 3816 ad

259 3847 465 3912 Protestantes
489 3869 549 3914 non
571 3852 712 3931 pertinet,
737 3852 872 3932 quamvis
894 3851 952 3913 illis
978 3849 1252 3912 concertationibus
1281 3866 1402 3911 causam
1424 3870 1508 3914 suern
1529 3852 1630 3932 juvari

260 3947 439 4012 existiment.
464 3949 574 4013 Errant
597 3949 767 4014 Orientales
791 3959 932 4032 quantum
964 3950 1053 4028 libet,
1081 3950 1185 4012 eadem
1216 3967 1282 4011 cum
1306 3947 1431 4012 Graecis
1455 3951 1632 4014 Schismati-

260 4046 303 4107 cis
327 4047 468 4126 opinione
491 4056 667 4126 teneantur3
691 4059 721 4112 at
744 4069 818 4114 sane
841 4050 879 4116 de
903 4067 976 4112 vcra
994 4048 1214 4111 elementorum
1229 4049 1259 4109 in
1276 4064 1388 4128 corpus
1406 4059 1437 4112 et
1454 4051 1632 4132 sanguinem

261 4143 370 4206 Christi
401 4148 651 4210 transmutatione
680 4166 740 4211 non
772 4149 922 4226 dubitant,
954 4163 1080 4228 eamque
1110 4146 1269 4224 miraculo,
1301 4155 1331 4208 et
1364 4147 1473 4228 illapsu
1503 4148 1632 4228 Spiritus
1703 4203 1705 4207 ,

260 4245 356 4304 sancti
378 4262 472 4325 super
494 4247 560 4326 ipsa
584 4245 731 4310 elementa
753 4249 839 4327 panis
862 4246 994 4324 etvini,
1018 4246 1083 4308 beri
1106 4245 1302 4324 confitentur,
1327 4245 1491 4309 secundum
1514 4246 1633 4326 simpli-

261 4360 325 4402 cem
349 4342 509 4406 verborum
532 4344 733 4408 invocationis
757 4348 945 4410 sententiam.
976 4344 1050 4410 Sunt
1073 4346 1166 4426 igitur
1187 4345 1225 4406 ab
1248 4344 1441 4425 opinionibus
1454 4345 1634 4408 Protestan-

261 4439 330 4501 tium
362 4440 553 4522 alienissimi,
585 4447 636 4526 qui
667 4443 777 4506 nullam
807 4445 892 4525 panis
923 4452 953 4505 et
986 4444 1048 4504 vini
1079 4443 1356 4506 transmutationem
1386 4451 1569 4526 agnoscunt,
1602 4453 1633 4507 ct

260 4539 388 4601 medium
411 4559 471 4620 quo
496 4559 609 4623 corpus
632 4551 662 4605 et
685 4543 809 4626 sanguis
833 4541 943 4605 Christi
973 4543 1176 4621 recipiuntur,
1207 4559 1267 4603 non
1295 4542 1390 4621 aliud,
1414 4561 1501 4623 quam
1532 4544 1633 4608 susci-

260 4637 402 4716 pientium
425 4639 513 4702 fidem
536 4659 606 4704 esso
628 4641 747 4718 volunt,
770 4641 850 4722 quod
874 4642 981 4703 Graeci
1004 4643 1033 4703 in
1061 4639 1166 4722 Cyrilli
1194 4641 1319 4703 Lucanis
1346 4639 1546 4704 Coniessione
1575 4643 1633 4708 da·

260 4745 445 4800 mnaverunt.
490 4738 536 4802 De
559 4739 693 4821 perfecta
717 4741 948 4803 consecratione
972 4740 1053 4802 nulla
1082 4739 1162 4820 apud
1184 4741 1389 4802 Protestantes
1413 4741 1550 4821 quaestio
1574 4750 1632 4821 est,

260 4852 318 4896 neo
341 4853 410 4899 csse
434 4846 550 4917 potest,
575 4858 642 4902 eum
665 4857 725 4903 non
748 4839 834 4904 aliam
858 4847 1025 4924 agnoscant
1048 4840 1187 4919 corporis
1211 4848 1242 4900 et
1264 4839 1418 4920 sanguinis
1443 4839 1553 4903 Christi
1576 4861 1633 4904 ve-

260 4935 398 5014 ritatem,
422 4937 479 4998 nisi
501 4938 531 4998 in
554 4939 619 5018 ipsa
642 4939 720 5001 illius
743 4939 980 5020 participatione.
1031 4939 1073 5000 At
1101 4938 1286 5015 Orientales,
1315 4941 1511 5019 pronunciata
1539 4940 1633 5002 lnvo-

262 5033 395 5110 catione,
421 5035 599 5116 completam
629 5055 699 5102 esse
730 5039 1008 5100 transmutationem
1036 5037 1235 5118 profitentur,
1267 5045 1298 5100 ct
1327 5037 1406 5100 inter
1436 5039 1633 5104 Sacerdoturn
