4680 6044
660 614 737 688 220
1135 611 1553 692 COMMENTARIUS

660 802 729 864 dnn
750 803 854 876 mlum,
873 801 1040 879 pretiosam
1065 817 1176 878 corpora
1199 795 1315 859 Christi
1334 801 1396 861 tui:
1418 804 1480 860 tum
1501 805 1659 880 postquam
1682 797 1756 862 dixit
1781 798 1945 879 Diaconus,
1972 799 2029 864 be-

659 902 748 964 nedic
769 901 896 962 Domine
925 905 1062 960 conchem
1087 898 1214 960 calicem
1240 883 1279 958 τῦ
1307 890 1345 959 δὲ
1366 889 1400 960 ἐν
1420 890 1563 981 ποτηρίῳ
1587 887 1707 979 τούτῳ,
1736 891 1845 976 τίμιον
1867 885 1948 978 αἷμα
1969 896 2030 963 τοῦ

659 995 810 1087 Χριστοῦ
832 1015 908 1062 ooo:
936 997 978 1060 Et
996 996 1077 1079 quod
1097 998 1130 1058 in
1155 997 1212 1058 ltoo
1241 995 1337 1058 calice
1366 1003 1412 1058 eet
1438 996 1615 1076 sanquinem
1641 1000 1807 1077 pretiorum
1834 997 1949 1062 Christi
1974 999 2028 1074 toi,

660 1110 691 1165 et
712 1099 870 1180 interjecta
893 1097 950 1160 alia
972 1095 1183 1160 benedictione
1206 1094 1361 1178 subjungit
1381 1082 1577 1175 μεταβολῶν
1597 1093 1644 1176 rqi
1671 1082 1834 1174 πνεύματι
1861 1096 1909 1180 σῷ
1938 1089 2028 1183 ἁγίῳ,

660 1205 865 1264 παραπαίοντι
893 1196 1009 1276 Spiritu
1038 1202 1144 1258 sancto
1173 1201 1244 1256 tuo.-
1272 1211 1349 1275 quae
1379 1193 1481 1255 ultima
1510 1193 1603 1256 rerba
1632 1192 1840 1276 chrysostomi
1873 1197 2029 1282 biturgiae

659 1299 784 1383 propria
806 1303 885 1358 sunt.
907 1296 941 1358 ln
963 1313 1000 1358 ea
1021 1293 1138 1373 iacobi,
1161 1292 1246 1374 cujus
1268 1293 1427 1375 antiquitas
1449 1311 1559 1376 magna
1581 1300 1628 1356 est
1649 1301 1681 1356 et
1708 1297 1871 1372 autoritas,
1894 1299 1964 1379 quia
1987 1316 2027 1361 ex

660 1419 696 1464 ca
719 1398 862 1479 Syriacae
886 1411 991 1458 omnes
1013 1393 1162 1477 originem·
1189 1392 1378 1456 habuerunt:
1406 1399 1477 1474 post
1505 1393 1679 1456 uberiorem
1708 1395 1746 1457 de
1777 1394 1904 1477 Spiritus
1932 1398 2028 1460 saneti

659 1499 804 1581 dignitate
826 1495 1024 1578 paraphrasin
1046 1495 1086 1556 ita
1108 1493 1229 1577 legitur.
1251 1484 1306 1554 ἵνα
1328 1484 1546 1578 ε’πιφσιτῆσαν
1566 1490 1608 1577 τῇ
1636 1480 1715 1575 ἁγίᾳ
1743 1489 1801 1556 καί
1830 1482 1944 1580 ἀγαθῇ
1972 1489 2029 1558 καὶ

658 1583 781 1678 ἐνδόξῳ
803 1584 909 1659 abaci
929 1589 1098 1680 παρουσίᾳ
1121 1580 1242 1676 ἁγιάσῃ
1264 1588 1320 1655 καί
1340 1581 1477 1677 ποιήσῃ,
1506 1579 1563 1654 rba
1587 1585 1648 1669 μὲν
1670 1581 1769 1702 ἄρτον
1793 1592 1909 1660 τοῦτον
1930 1592 2027 1672 σῶμα

659 1684 751 1780 ἅγιον
771 1693 831 1760 τοῦ
852 1691 1001 1779 Χριστοῦ
1023 1709 1094 1755 σου.
1135 1681 1168 1754 ‘0
1196 1677 1284 1766 λαός,
1310 1679 1406 1778 ciprii.
1456 1686 1527 1754 Καί
1555 1679 1594 1753 ab
1620 1709 1777 1776 ποτηριον
1801 1691 1915 1771 τοῦτο,
1944 1683 2028 1774 αἷμα

605 1866 615 1876 ,
658 1790 764 1873 τίμιον
785 1791 846 1857 τοῦ
867 1788 1016 1881 Χριστοῦ
1038 1808 1108 1855 σου.
1145 1781 1255 1876 Ἀμήν.
1298 1782 1352 1854 ἵνα
1374 1783 1503 1874 γίνηται
1523 1788 1609 1854 πᾶσι
1630 1790 1701 1863 τοῖς
1726 1785 1763 1870 ἐξ
1790 1781 1898 1855 αῦτιῦν
1923 1813 2029 1873 μετα-

660 1878 894 1972 λαμβάνουσιν,
924 1885 971 1966 είς
1000 1879 1118 1978 ἄφεσιν
1145 1878 1313 1988 οἱμαρτιιῦν
1341 1884 1398 1951 καὶ
1427 1881 1475 1963 εἰς
1503 1877 1589 1973 ζωὴν
1618 1877 1763 1967 αἰώνιον,
1793 1885 1841 1965 εἰς
1866 1881 2030 1976 ῦγιασμὸν

658 1990 796 2077 ψυχαῖν,
819 1999 877 2054 etc.
902 1991 941 2054 Ut
960 1993 1141 2066 adveniens,
1162 1997 1292 2065 sancta,
1315 1988 1411 2066 baro,
1434 1997 1465 2051 et
1482 1989 1621 2070 pluriora
1642 2007 1700 2050 ευσ
1717 1994 1895 2071 praesentio
1911 1993 2030 2054 eoacti-

656 2091 733 2172 [icet
753 2099 783 2153 et
802 2090 917 2170 faciat,
935 2111 1047 2172 panem
1069 2090 1188 2170 quiderm
1208 2090 1316 2164 istum,
1346 2107 1457 2168 corpm
1478 2095 1616 2150 randum
1643 2086 1769 2152 Christi·
1786 2091 1843 2154 arti.
1887 2091 2028 2172 Populus.

659 2190 763 2253 Aaron.
786 2190 826 2252 Et
848 2191 973 2252 calicem
994 2190 1073 2251 banc
1094 2189 1270 2268 sanquinem
1294 2189 1465 2267 pretiorum
1493 2185 1608 2249 Christi
1634 2187 1700 2265 rui,
1728 2197 1763 2252 ut
1784 2188 1866 2269 [ioht
1892 2189 2030 2254 ommam

661 2309 699 2351 eo
717 2290 970 2370 percipientibus,
993 2288 1254 2350 inremissionem
1271 2294 1468 2366 peccatoram
1489 2293 1520 2347 et
1538 2287 1634 2347 eitam
1655 2295 1822 2365 artemam,
1851 2291 1883 2351 in
1910 2291 2029 2352 εσιισίί-

659 2388 838 2466 ficationem
859 2389 1045 2462 animam,
1068 2395 1124 2450 etc.
1150 2384 1296 2447 Diversas
1319 2384 1386 2447 illas
1406 2384 1637 2467 praecipuarum
1657 2386 1860 2468 litmgiarum
1882 2387 2029 2452 lectiones

662 2485 813 2551 Orationis
843 2487 929 2550 istius
960 2485 1078 2548 reterre
1107 2485 1371 2566 operaepretium
1394 2491 1476 2564 erat,
1505 2486 1575 2565 quia
1597 2503 1701 2548 omncs
1724 2485 1895 2550 Orientales
1923 2489 2029 2571 cujus-

662 2605 789 2668 cumque
812 2586 933 2670 linguae
956 2584 993 2648 ad
1016 2603 1103 2647 unam
1127 2583 1255 2664 aliquam
1278 2603 1318 2646 ex
1340 2583 1443 2647 relatis
1466 2583 1601 2646 formulis
1623 2583 1806 2665 reicnmtur,
1829 2583 2028 2669 etCopticum

661 2687 839 2750 Basilianam
862 2703 901 2748 ex
923 2703 961 2748 ea
984 2683 1145 2747 collatione
1167 2681 1284 2745 facilius
1306 2699 1363 2764 per
1385 2691 1487 2764 partes
1510 2683 1753 2748 examinabimus.

356 2784 419 2852 ajo
437 2787 621 2858 interpretatio,
748 2785 795 2848 Ac
817 2785 913 2866 primo
936 2783 1055 2865 quidem
1077 2784 1285 2864 interpretatio
1308 2783 1375 2863 ejus
1397 2789 1536 2845 constare
1567 2783 1666 2846 debet.
1707 2783 1877 2847 Postulatur
1906 2803 1924 2847 a
1950 2785 2028 2862 Deo,

661 2895 694 2950 ut
716 2885 855 2950 adveniat
878 2882 1006 2966 Spiritus
1028 2890 1150 2946 saumas
1173 2900 1266 2963 super
1287 2899 1361 2962 nos,
1385 2889 1415 2944 et
1442 2899 1536 2964 super
1557 2881 1636 2946 dona
1659 2884 1826 2965 proposita.
1870 2881 1914 2948 lta
1936 2901 2029 2966 pror«

661 3005 712 3050 sus
735 2984 913 3047 vertendum
935 3002 975 3046 cx
999 2981 1127 3063 Coptica
1150 2981 1298 3060 verbum,
1321 2983 1481 3062 σσυευίσί,
1511 2981 1590 3045 idern
1612 2999 1648 3044 ea
1671 2983 1774 3066 lingua
1795 2983 1969 3067 significans
1991 3001 2028 3048 ac

661 3083 809 3148 Graecum
831 3075 953 3147 ἐλθεῖν.
977 3082 1017 3144 At
1039 3083 1070 3143 in
1091 3081 1224 3144 Arabica
1253 3082 1396 3144 versione
1425 3089 1549 3162 pmetcr
1576 3081 1742 3162 simplicem
1768 3083 2028 3166 significationem,

659 3186 732 3249 latet
755 3182 812 3246 alia
834 3201 896 3247 non
917 3182 1071 3266 vulgaris,
1100 3181 1180 3244 haud
1209 3189 1269 3244 tam
1304 3199 1343 3243 ex
1373 3180 1467 3262 ipsius
1501 3179 1624 3264 linguae
1651 3183 1759 3264 genio,
1795 3199 1883 3264 quam
1909 3201 1949 3246 ex
1971 3201 2028 3248 usu

657 3282 874 3347 Ecclesiastico
898 3281 1035 3344 deducta.
1058 3279 1102 3343 Ea
1125 3287 1188 3359 est,
1211 3281 1338 3360 illapsam
1359 3281 1424 3343 sive
1447 3266 1699 3365 irreconciliatus,
1722 3297 1800 3363 quae
1823 3283 1947 3363 proprie
1969 3283 2028 3347 hac

659 3400 738 3446 voce
761 3382 956 3464 exprimitur,
987 3387 1018 3443 et
1046 3379 1125 3462 apud
1148 3378 1323 3463 Theologos
1354 3378 1524 3442 Orientales
1556 3380 1752 3443 communitor
1781 3390 1961 3462 usurpatur,
1988 3381 2027 3446 ab

661 3479 888 3564 significandum
910 3479 1048 3561 illapsum
1070 3480 1198 3560 Spiritus
1220 3479 1317 3542 sancti
1339 3479 1370 3540 in
1391 3479 1548 3562 Virginem
1569 3475 1708 3558 blesiam,
1732 3479 2027 3561 ipsolneamoicnis

660 3581 756 3645 Verbi
778 3587 943 3659 momento,
964 3582 1049 3662 juxta
1072 3577 1223 3641 Gabrielis
1245 3576 1431 3662 Archangeli
1453 3595 1637 3659 sermonem,
1668 3578 1800 3660 Spin'ma
1826 3589 1949 3644 emrctm
1970 3599 2027 3644 ru-

656 3682 813 3761 perceniet
833 3682 867 3741 in
888 3687 933 3756 te,
961 3687 991 3742 ct
1010 3681 1107 3741 viriato
1135 3676 1283 3740 Aliitsr'mi
1309 3677 1499 3742 obumbrabit
1523 3678 1585 3741 tibi.
1637 3677 1690 3740 llla
1723 3680 1816 3762 igitur
1844 3680 1908 3762 ipsu
1937 3699 2026 3760 voce,

663 3779 732 3842 dum
754 3778 903 3858 Arabico,
935 3786 985 3841 aut
1015 3778 1139 3859 Syriace
1169 3775 1322 3855 scribunt,
1351 3775 1511 3841 adventum
1540 3777 1689 3842 illabentis
1721 3779 1818 3841 sancti
1839 3781 1968 3861 Spiritus
1995 3783 2027 3845 in

661 3879 739 3942 dona
761 3881 936 3960 proposita,
960 3877 998 3940 ad
1020 3876 1191 3939 mutandum
1213 3893 1251 3938 ea
1272 3877 1310 3938 in
1325 3895 1438 3959 carpus
1461 3885 1493 3942 et
1514 3877 1692 3962 sanguinem
1709 3877 1821 3941 Christi
1843 3881 2027 3962 exprimunt,

661 3997 720 4060 qua
743 3978 878 4060 ejusdem
900 3979 930 4040 in
952 3973 1075 4040 Monam
1096 3977 1255 4058 illapsum,
1285 3975 1324 4038 ad
1351 3975 1537 4040 formandum
1566 3996 1607 4040 ex
1636 3978 1703 4060 ejus
1731 3995 1825 4040 came
1854 3995 1966 4060 corpus
1995 3987 2027 4043 ct

615 4140 618 4145 ,
660 4077 837 4160 sanguinem
861 4076 988 4156 Christi,
1012 4077 1078 4139 sive
1101 4077 1197 4157 ipsum
1220 4092 1347 4157 corpus,
1370 4077 1401 4139 in
1423 4095 1483 4158 quo
1498 4077 1631 4140 Verbum
1647 4077 1703 4140 ltei
1725 4076 1881 4140 humanam
1904 4095 2025 4144 carnem

660 4176 839 4258 adsumpsit,
862 4185 892 4239 ct
915 4174 964 4238 illa
987 4194 1063 4239 voce
1087 4175 1303 4259 significantior
1325 4174 1459 4238 adhiberi
1482 4175 1563 4238 nulla
1585 4184 1714 4258 poterat.

746 4275 901 4358 Sequitur:
924 4285 953 4338 et
972 4295 1082 4357 panem
1103 4275 1221 4356 quidem
1242 4274 1334 4354 hanc,
1353 4275 1455 4352 [σοι’σί
1474 4293 1586 4356 corpere
1606 4285 1743 4339 eaoctmn
1769 4277 1892 4340 Domini
1911 4277 1972 4346 liei
1997 4289 2027 4344 et

658 4373 830 4438 Saloutaria
850 4378 949 4438 nothi
967 4375 1042 4438 lem
1064 4373 1195 4437 Christi:
1225 4392 1303 4455 quac
1332 4375 1427 4438 verba
1448 4379 1590 4438 accurate
1617 4375 1804 4462 respondent
1832 4377 1964 4457 Coptieis
1993 4385 2026 4440 et

657 4472 815 4553 Arabicis,
837 4475 1067 4557 exprimuntque
1089 4473 1206 4536 Graeca
1227 4474 1284 4536 ista
1305 4473 1424 4549 ποιεῖν,
1447 4461 1653 4557 ἀποφαίνειν,
1676 4462 1923 4554 incorrectam,
1946 4495 2025 4560 quae

658 4572 717 4636 hoc
739 4574 807 4637 loco
830 4555 1112 4657 prorsus'eamdcm
1134 4575 1381 4656 significationem
1403 4572 1531 4654 hebent,
1553 4581 1587 4636 ut
1608 4581 1677 4637 ante
1699 4593 1755 4638 nos
1778 4575 1828 4637 alii
1846 4575 2022 4654 docuerunt,

638 4686 720 4735 'non
742 4674 832 4738 modo
856 4672 1018 4753 Catholici,
1041 4673 1096 4736 scd
1119 4675 1208 4737 etiam
1230 4675 1452 4753 protestantes,
1477 4681 1567 4754 atque
1589 4675 1668 4738 inter
1690 4673 1765 4737 alios
1800 4691 1930 4738 summus
1952 4676 2025 4740 lite-

659 4789 760 4834 rarum
783 4773 965 4836 Graecanun
986 4775 1132 4859 magister
1159 4771 1281 4837 lsaacus
1309 4772 1516 4838 casaubonus.
1560 4773 1589 4836 ls
1618 4775 1696 4836 enim
1727 4782 1833 4838 contra
1857 4773 2024 4840 Cardinnlis

373 4889 482 4942 liram
506 4892 531 4941 ta
552 4890 646 4944 barm.
659 4871 780 4934 baronii
801 4874 998 4954 sententiam,
1022 4874 1254 4950 demonstravit,
1278 4873 1370 4937 verba
1393 4875 1423 4939 S.
1445 4873 1546 4936 Basilii
1568 4873 1620 4936 lib.
1643 4874 1681 4937 de
1704 4873 1817 4954 Spiritu
1839 4883 1943 4938 sancto
1965 4869 2023 4938 ε’πί

335 4993 361 5045 p.
380 4977 423 5028 52.
442 4977 470 5030 S.
487 4974 535 5028 aa
552 4976 629 5032 loni
659 4968 720 5056 τῆς
742 4959 937 5051 ἀναδείξεως
964 4971 1024 5038 τοῦ
1053 4962 1154 5060 ι’ίρτου
1175 4971 1232 5058 τῆς
1254 4960 1479 5058 εὐχαριστίας,
1512 4990 1590 5055 quae
1616 4971 1754 5053 plerique
1782 4973 1820 5035 de
1849 4975 2023 5038 ostensione

661 5069 869 5164 Eucharistiae
903 5075 1091 5155 interpretati
1119 5073 1253 5148 fucrant,
1283 5089 1353 5136 esse
1382 5074 1420 5137 de
1454 5074 1520 5156 ejus
1555 5074 1785 5137 consecratione
1821 5072 2024 5157 intelligentias
