4778 6034
757 593 935 669 XXXVIII
1259 597 1630 676 ulssuuuuuto

759 808 835 858 uam
860 789 895 857 iu
922 785 1124 859 orationihus
1151 788 1364 876 continuatis,
1391 807 1477 879 quac
1503 808 1524 856 a
1549 786 1717 858 Memento
1743 785 1910 881 incipiunt,
1936 782 2123 884 subsequi-

758 913 811 974 tur
837 903 1030 976 acclamatio
1056 908 1126 976 τοῦ
1150 904 1260 974 Amen
1285 902 1343 974 vcl
1369 903 1479 994 Kyrie
1505 901 1655 974 eleison:
1686 900 1836 975 ,clausula
1862 921 1948 974 vcro
1973 924 2043 975 nou
2069 913 2122 978 est

758 1021 821 1091 uisi
848 1023 880 1090 iu
915 1018 1059 1092 omnium
1085 1021 1316 1090 memoriarum
1350 1016 1424 1090 flue.
1476 1017 1566 1092 Illius
1602 1029 1710 1090 autem
1742 1016 1904 1090 formulae
1936 1039 2003 1091 nou
2033 1039 2120 1090 unco

758 1147 850 1226 suut3
876 1137 1081 1208 communior
1098 1133 1166 1224 illa,
1194 1135 1283 1222 (loia
1300 1141 1389 1205 tuum
1411 1142 1462 1208 ecl
1475 1156 1624 1230 coquom,
1648 1141 1811 1228 potestas,
1832 1137 1940 1206 virtus
1959 1141 1994 1205 et
2006 1134 2121 1229 plocio

760 1253 886 1340 Patris,
913 1251 996 1323 Filii
1022 1257 1057 1322 et
1081 1250 1231 1344 Spirilus
1255 1254 1386 1322 conell:
1420 1259 1476 1322 aut
1507 1250 1606 1347 paulo
1642 1249 1746 1323 aliter.
1799 1250 1883 1323 Sunt
1915 1259 2025 1322 tamen
2051 1249 2119 1322 cli-

757 1367 889 1463 quaudo
916 1367 1058 1440 diversis
1084 1365 1199 1440 verbis
1227 1388 1426 1462 expressae:
1453 1375 1489 1438 ut
1514 1371 1595 1462 quio
1621 1373 1656 1438 tu
1676 1389 1713 1439 es
1727 1372 1863 1439 conotus
1880 1367 1976 1438 Deoa
1990 1373 2115 1440 morter.

758 1485 847 1572 Ouia
874 1490 910 1554 tc
936 1505 974 1555 ec
997 1485 1192 1557 misericors
1226 1489 1261 1554 ct
1292 1486 1473 1554 mtecrotor
1507 1483 1623 1573 Dect,
1650 1492 1684 1554 et
1708 1480 1831 1555 slmiIes
1858 1481 1952 1554 allec.
2005 1481 2119 1556 Facile

755 1603 855 1693 igitur
880 1599 952 1688 luit,
977 1608 1013 1670 ut
1039 1601 1073 1671 iu
1099 1597 1277 1672 eodemus
1304 1619 1388 1693 quos
1407 1596 1551 1671 habebat
1570 1599 1688 1671 Petrus
1702 1598 1883 1690 Diaconum
1909 1596 1994 1672 haec
2019 1598 2118 1672 clau-

756 1716 828 1791 suda
855 1714 974 1788 alicubi
999 1718 1214 1812 reperiretur,
1240 1737 1314 1786 cum
1336 1735 1382 1786 cx
1403 1714 1594 1810 Scripturac
1609 1713 1723 1788 verbis
1741 1724 1898 1788 contexto
1919 1718 1974 1805 sit,
2001 1725 2123 1788 extet-.

757 1836 882 1929 quein
908 1835 1011 1905 variis
1037 1832 1164 1904 Latinis
1191 1829 1401 1920 missalibus,
1436 1834 1503 1904 iuro
1538 1840 1571 1903 et
1596 1835 1630 1904 iu
1655 1831 1817 1904 Romano.
1871 1830 2037 1928 Quidquid
2063 1834 2117 1923 sit,

756 1959 886 2022 constat
905 1971 952 2020 ex
966 1948 1056 2020 Petri
1070 1950 1259 2020 testimonio
1278 1970 1338 2021 sua
1347 1949 1417 2039 jam
1436 1958 1556 2037 aetate,
1572 1948 1636 2020 hcc
1656 1956 1709 2020 est
1722 1958 1819 2020 sexto
1835 1947 1971 2022 sacerdo
1984 1946 2118 2020 labante

755 2075 790 2138 et
815 2067 954 2161 septImo
980 2068 1124 2154 insuam,
1150 2074 1255 2136 totum
1279 2085 1386 2160 prope
1413 2063 1582 2137 Orientem
1609 2087 1703 2137 usum
1719 2063 1939 2146 esseBasrlii
1955 2063 2118 2156 liturgia,

754 2205 863 2278 usquc
890 2181 1087 2269 dubitatum,
1113 2183 1191 2275 quin
1218 2201 1334 2253 sacras
1359 2203 1479 2276 preces
1507 2203 1592 2276 quae
1620 2191 1714 2253 eraut
1740 2184 1774 2254 in
1800 2183 1941 2254 omnium
1968 2178 2118 2252 muuilrus

755 2299 957 2371 ordinasset:
984 2307 1083 2392 atquc
1109 2305 1162 2369 est
1186 2295 1241 2367 illa
1268 2292 1387 2391 εὐχῶν
1413 2292 1587 2388 διάταξις,
1614 2297 1656 2370 dc
1682 2320 1746 2393 qua
1765 2297 1949 2389 Gregorius
1965 2296 2117 2369 Nazian-

754 2435 857 2485 zeuus
882 2413 1037 2508 loquitur.
1087 2411 1325 2507 Quaecumque
1347 2435 1432 2485 vero
1459 2437 1504 2486 ex
1528 2417 1712 2486 orationum
1730 2415 1906 2502 varietate,
1933 2421 1968 2486 ct
1994 2435 2118 2486 exem-

752 2526 893 2623 plarium
920 2539 985 2601 tam
1012 2529 1229 2616 Graecorum,
1257 2551 1354 2622 quam
1382 2525 1594 2626 Copticorum
1622 2540 1655 2602 et
1669 2531 1832 2626 Syrorum
1859 2529 2116 2604 dissimilitudiuc

751 2653 905 2740 petuntur
931 2653 1136 2737 argumenta,
1164 2644 1206 2716 ad
1233 2644 1430 2718 elevandam
1458 2649 1551 2718 istius
1571 2647 1744 2740 liturgiae
1771 2649 1995 2732 autoritatem,
2018 2645 2117 2718 sulli-

751 2764 876 2833 cieutcr
891 2760 1012 2834 axillis
1028 2783 1112 2858 quae
1126 2749 1277 2856 superius
1299 2760 1476 2836 dictasunt
1494 2763 1741 2860 dispuuguutur.
1768 2763 1895 2836 Sufficit
1915 2765 2115 2858 praecipuas

725 2901 870 2976 preces
901 2877 1037 2951 easdem
1063 2899 1154 2966 csse,
1181 2889 1215 2949 et
1241 2882 1391 2973 quamvis
1421 2877 1536 2951 verbis
1560 2879 1726 2970 dilleraut,
1758 2883 1791 2952 iu
1808 2902 1907 2952 uuam
1931 2883 2115 2952 couvcuirc

750 2998 958 3085 sententiam,
984 3006 1019 3068 ut
1044 2992 1111 3067 nou
1138 2997 1341 3090 supposititia
1365 2995 1546 3088 judicetur3
1580 3005 1614 3068 at
1639 2999 1694 3091 qui
1721 2996 1906 3084 Graecam,
1940 2995 2113 3092 Syriacam

750 3122 784 3184 ct
818 3095 990 3208 Copticam
1024 3122 1147 3184 attente
1176 3112 1315 3204 legerit,
1355 3123 1517 3204 agnoscet
1555 3134 1671 3184 omues
1707 3133 1752 3183 ex
1786 3133 1853 3184 uuo
1887 3110 2113 3207 llmpIdissimc

749 3227 842 3301 loutc
868 3227 1043 3324 prodiisse.

1290 3543 1478 3630 tillut
1518 3545 1574 3630 vt.

746 3778 803 3850 De
837 3779 958 3875 liupolt
993 3779 1111 3874 pauca
1136 3778 1314 3873 Litorqioe
1349 3777 1392 3848 ob
1425 3779 1523 3848 icitt‘o
1558 3780 1594 3846 ct
1627 3775 1673 3846 ud
1704 3775 1791 3846 daec
1820 3797 1924 3869 osque
1956 3782 2110 3870 temporo

1159 3893 1169 3916 ⁸
1210 3893 1381 3964 celebrari
1411 3891 1534 3964 solitae
1560 3898 1645 3964 root.

481 4128 573 4199 0ri¹¹⁵⁰
601 4129 633 4181 ‘¹2
654 4130 734 4183 aruns
862 4109 938 4214 Du
964 4136 1095 4228 linguis·
1113 4131 1230 4228 quibus
1265 4133 1440 4226 antiquitus
1467 4129 1635 4202 celebrata
1660 4129 1811 4223 liturgia
1838 4139 1902 4219 cst,
1929 4139 1964 4202 ct
1990 4130 2109 4226 quibus

423 4215 736 4372 :2¹:3¹3ssssAE
749 4254 792 4326 ad
818 4263 966 4328 nostram
991 4250 1054 4322 huc
1080 4271 1185 4344 usque
1212 4257 1354 4320 aetatem
1381 4247 1468 4343 apud
1494 4245 1682 4320 Orientales
1709 4246 1910 4336 celebratur,
1936 4267 2003 4318 uon
2030 4247 2107 4342 quid

421 4388 524 4442 remam.
748 4372 863 4445 Iacere
877 4369 1029 4443 Ecclesia
1058 4366 1179 4455 debuit,
1206 4364 1267 4438 sed
1295 4363 1370 4459 quid
1397 4361 1632 4436 observaverit
1658 4366 1820 4436 coustuuti
1847 4371 1881 4436 et
1905 4384 1973 4434 nou
1999 4365 2107 4435 iuter-

747 4500 844 4585 rupta
876 4485 1058 4582 discipliua‚
1091 4480 1333 4578 disquirendum
1369 4489 1429 4554 cst.
1488 4479 1552 4566 Qui
1589 4482 1674 4551 cuin
1708 4489 1823 4552 contra
1855 4477 2107 4554 Reformatores

747 4608 844 4702 primi
869 4603 1044 4676 Ecclesiae
1072 4623 1205 4674 causam
1232 4597 1384 4670 tuendam
1411 4605 1640 4691 susceperuut,
1666 4599 1712 4666 ita
1739 4604 1814 4670 suut
1840 4597 1874 4666 iu
1900 4618 1943 4667 ea
1968 4598 2107 4688 versati,

746 4725 839 4794 utin
870 4719 944 4792 illas
971 4741 1009 4792 sc
1043 4716 1215 4810 ambages,
1242 4737 1288 4786 cx
1315 4711 1437 4810 quibus.
1465 4712 1625 4809 expedire
1661 4734 1699 4784 se
1732 4713 1865 4784 omniuo
1899 4712 2105 4806 impossibile

745 4841 799 4926 sit,
826 4839 946 4908 incauti
972 4836 1186 4926 conjeceriut.
1213 4831 1366 4925 Plerique
1393 4829 1518 4902 scilicet
1544 4833 1620 4924 quia
1646 4828 1750 4901 tribus
1766 4826 1900 4920 linguis
1925 4827 2103 4919 Hebraico,

745 4954 877 5026 Graeca
913 4961 947 5023 et
971 4950 1090 5022 Latina
1121 4948 1231 5020 titulus
1264 4950 1371 5020 crucis
1407 4949 1582 5042 inscriptus
1614 4945 1692 5036 fuit,
1724 4953 1793 5016 tres
1826 4943 1934 5016 solum
1970 4942 2043 5017 illas
2069 4947 2103 5016 iu

742 5071 893 5162 liturgia
919 5065 1117 5140 celebranda
1142 5072 1316 5160 usruputus
1332 5062 1437 5137 luisse
1464 5070 1655 5136 stameruu.
1682 5059 1850 5134 Hebraica
1864 5070 1974 5133 tamen
1989 5058 2103 5154 lingua
