4736 6064
753 507 831 582 480
1042 503 1829 584 utnutslnoouuvvts

754 704 869 768 nostra
896 715 983 788 quae
1009 695 1233 768 commisimus
1259 689 1465 784 voluntarie,
1492 702 1548 766 aut
1572 693 1808 767 involuntario:
1836 702 1869 765 et
1886 703 2022 789 praesta
2048 716 2116 768 no-

753 809 806 885 bis
839 821 875 883 ut
907 809 1084 884 offeramus
1118 807 1176 881 tibi
1211 808 1412 882 oblationem
1443 809 1659 899 rationalem,
1690 808 1953 906 sacrificiumque
1984 813 2116 903 gratia-

754 950 827 999 rum
859 927 1016 1015 actionis,
1049 936 1082 1000 et
1116 925 1303 1022 spirituale,
1335 936 1372 999 ut
1401 929 1604 999 introeamus
1638 928 1673 996 in
1704 925 1875 1020 pascuam
1901 929 2008 1001 sancti
2034 948 2117 999 san-

755 1050 892 1116 ctorum.

858 1155 1026 1230 Memento
1052 1156 1196 1231 Domine
1221 1158 1317 1229 unius
1344 1164 1481 1229 sanotae
1507 1155 1682 1230 Ecclesiae
1700 1157 1930 1252 Apostolicae,
1957 1180 2044 1254 quaa
2070 1169 2120 1232 est

756 1298 777 1347 a
801 1273 921 1348 finibus
947 1295 1053 1369 usqsre
1079 1271 1122 1345 ad
1147 1273 1231 1345 lines
1256 1270 1377 1344 mundi.

858 1389 1027 1462 Memento
1053 1389 1197 1462 Domine
1222 1387 1436 1460 Pumarchae
1461 1391 1565 1463 nostri
1590 1387 1690 1462 Abba
1715 1388 1758 1462 N.
1785 1402 1819 1462 et
1844 1393 1949 1464 sancti
1965 1389 2120 1485 beatique

754 1505 989 1602 Metropolitae
1021 1507 1127 1577 nostri
1160 1502 1260 1580 Abba
1290 1503 1332 1575 N.
1360 1507 1570 1600 omniumque
1603 1499 1885 1596 Patriaroharum,
1917 1505 2119 1602 Metropoli-

754 1631 873 1713 tanum,
899 1622 1155 1719 Episcoporum,
1181 1619 1399 1692 Sacerdotum
1427 1631 1461 1692 et
1486 1620 1721 1695 Diaconcrum.

858 1737 1028 1811 Memento
1053 1735 1196 1809 Domine
1223 1738 1323 1807 etiam
1349 1733 1456 1828 Regis
1481 1739 1588 1811 nostri
1613 1736 1655 1810 N.

858 1854 1026 1927 Memento
1053 1850 1197 1925 Domine
1223 1860 1352 1948 patrum
1379 1862 1412 1925 et
1438 1852 1575 1928 fratrum
1600 1863 1807 1943 nostrorum,
1840 1855 1896 1950 spri
1921 1853 2122 1930 dormierunt

756 1982 790 2045 et
816 1975 1014 2068 quieverunt
1039 1972 1072 2042 in
1097 1967 1162 2040 tide
1189 1967 1394 2042 0rtbodoxa.

860 2087 1028 2160 Memento
1060 2086 1203 2157 Domine
1235 2087 1507 2178 congregationis
1543 2096 1678 2160 nostrae
1704 2097 1739 2158 et
1763 2083 1904 2159 benedic
1934 2089 1976 2162 iis
2009 2091 2122 2184 quiin

754 2205 810 2278 ille
836 2216 922 2293 sunt,
949 2205 1114 2298 usquein
1140 2203 1249 2275 finem.

858 2319 1042 2392 Sacerdos.
1094 2316 1284 2390 Adoremus
1310 2317 1456 2408 Patrem,
1483 2327 1517 2390 et
1548 2317 1681 2410 Filium,
1716 2327 1750 2389 et
1775 2316 1932 2415 Spiritum
1959 2328 2122 2410 sanctum,

754 2460 855 2512 unum
880 2440 915 2507 in
941 2434 1116 2507 Trinitate:
1143 2440 1179 2506 et
1204 2434 1330 2504 dicitur
1356 2439 1419 2504 ter.

858 2550 1012 2645 Populos
1037 2551 1126 2622 idem
1150 2553 1277 2643 repetit
1302 2555 1364 2621 ter.

857 2667 1043 2740 Sacerdos.
1095 2665 1200 2739 Salve
1233 2675 1350 2740 sancta
1385 2662 1557 2756 Ecclesia,
1604 2664 1824 2739 babitaculum
1861 2669 1965 2763 pacis.
2019 2665 2122 2743 Salve

755 2783 863 2875 Virgo
890 2783 998 2856 Maria
1028 2793 1135 2855 mater
1165 2782 1244 2854 Dei:
1279 2793 1314 2853 tu
1349 2804 1387 2856 es
1421 2780 1616 2855 thuribulum
1650 2803 1784 2855 aureum
1821 2805 1908 2877 qnae
1941 2782 2123 2858 ambonem

755 2901 894 2992 ignitum
919 2900 1069 2996 portasti.
1120 2898 1319 2972 Benedictus
1347 2900 1402 2993 qui
1428 2919 1505 2970 eum
1530 2899 1650 2994 accipit
1684 2920 1706 2971 e
1737 2902 1938 2988 sanctuario,
1962 2921 2042 2972 eum
2068 2903 2124 2996 qui

757 3015 884 3087 dimittit
909 3023 1049 3111 peccata
1076 3025 1110 3088 et
1136 3014 1225 3087 delet
1249 3017 1397 3102 crimina,
1425 3017 1480 3108 qui
1507 3023 1559 3088 est
1580 3014 1742 3088 Dominus
1768 3014 1874 3104 Deus,
1901 3013 2050 3088 Verbum
2076 3039 2124 3091 cx

755 3140 791 3203 te
816 3134 1031 3220 incarnatum,
1058 3135 1113 3226 qui
1139 3153 1178 3204 se
1204 3130 1321 3204 chunis
1345 3131 1436 3203 Patri
1462 3152 1524 3204 suo
1550 3133 1584 3202 in
1609 3132 1780 3204 incensum
1806 3132 2033 3228 praecipuum,
2060 3155 2124 3208 sa-

756 3248 978 3342 crificiumque
1003 3251 1194 3344 pretiosum
1245 3247 1435 3322 Adoramus
1470 3255 1504 3318 tc
1531 3245 1681 3336 Christe,
1707 3269 1782 3320 cum
1808 3247 1910 3320 Patra
1935 3257 2005 3337 tuo,
2031 3246 2122 3322 bono

757 3375 791 3436 et
816 3363 1040 3437 misericordi:
1066 3374 1200 3436 etcum
1226 3363 1352 3460 Spiritu
1376 3374 1433 3436 tuo
1460 3371 1576 3436 sancto
1604 3372 1638 3435 et
1663 3362 1865 3458 vivificante,
1892 3366 1968 3460 quia
1994 3373 2029 3436 tu
2056 3363 2124 3436 ad-

757 3483 880 3555 venisti
906 3489 940 3552 et
966 3480 1105 3553 salvasti
1131 3501 1203 3553 nos.

860 3595 1035 3668 Sacerdos
1066 3599 1193 3689 repetit
1229 3595 1331 3668 seret
1362 3601 1465 3688 atque
1497 3597 1628 3666 iterans.
1681 3593 1787 3669 Salve
1821 3603 1937 3670 sancta
1967 3593 2122 3670 Ecclesia

758 3711 834 3784 dnm
859 3711 971 3785 adolet
994 3715 1176 3785 incensum.
1592 3695 1599 3703 ’

833 3985 1020 4080 Cunctator
1045 3987 1248 4062 Sacerdotis
1273 3989 1360 4059 dtott
1385 3993 1565 4081 antequem
1590 3987 1723 4080 lepotur
1748 3986 1918 4088 Epistola
1933 3985 2047 4058 Pauli.

859 4197 1003 4268 Domine
1029 4198 1164 4290 sapiens
1192 4205 1226 4266 et
1252 4205 1348 4268 autor
1375 4195 1569 4290 sapientiae,
1598 4196 1653 4289 qui
1678 4193 1837 4267 revelasti
1856 4193 1954 4266 nobis
1981 4215 2024 4266 aa
2038 4217 2124 4290 qrraa

756 4310 930 4408 profundis
964 4310 1110 4385 tenebris
1145 4309 1340 4384 abscondita
1373 4318 1485 4400 erant,
1518 4309 1702 4405 dedistique
1736 4307 1876 4382 verbum
1910 4308 2124 4386 exultationis

757 4428 1056 4526 praedicatoribus,
1082 4431 1204 4499 virtute
1218 4436 1275 4500 tua
1301 4448 1442 4520 magna:
1469 4425 1522 4500 Tu
1546 4449 1608 4522 per
1618 4425 1857 4520 benignitatem
1871 4435 1960 4499 tuum
1980 4426 2125 4517 multam,

761 4548 894 4620 vocasti
919 4543 1056 4617 Paulum
1082 4546 1136 4639 qui
1162 4547 1254 4639 prius
1269 4552 1342 4616 erat
1361 4552 1571 4639 persecutor,
1595 4541 1871 4639 iacietiqueillum
1894 4565 1957 4617 vas
1974 4541 2126 4630 electum,

757 4672 791 4734 et
816 4665 851 4733 in
877 4683 920 4734 eo
948 4660 1186 4758 complacuisti,
1211 4669 1248 4733 ut
1273 4669 1365 4734 esset
1389 4657 1587 4756 Apostolus,
1612 4659 1826 4756 praedicator
1851 4671 1886 4734 et
1917 4662 2126 4732 annuntiator

756 4777 935 4870 Evangelii
960 4781 1057 4871 regni
1081 4780 1136 4850 tui.
1191 4775 1323 4850 Christe
1348 4778 1440 4852 Deus
1468 4787 1582 4850 noster
1607 4797 1741 4849 oramus
1769 4787 1803 4850 et
1835 4777 2054 4873 deprecamur
2078 4783 2124 4864 te,

758 4903 887 4966 amator
913 4892 1044 4967 humani
1070 4898 1218 4988 generis,
1246 4894 1396 4968 conceda
1422 4891 1518 4967 nobis
1544 4892 1806 4987 intelligentium,
1833 4893 2069 4986 cognitionem,
2090 4898 2124 4961 et
