4778 6034
559 530 610 606 DE
622 528 878 606 LllURGlhllUld
890 527 1144 606 ORlEllThhlUll
1157 527 1307 606 OlllGlllE
1325 531 1373 607 ET
1390 529 1639 608 hUTORlThTE.
1744 527 1790 602 ΠΙ

414 725 479 806 iar,
507 725 543 789 et
567 726 686 810 postea
712 713 944 812 praesentibus
971 711 1254 792 distribuerentur.
1307 715 1352 788 Et
1378 726 1488 788 tamen
1520 719 1553 788 in
1579 737 1640 788 oro
1665 716 1790 790 habero

413 853 477 902 nou
506 831 670 922 desinunt,
696 834 905 927 primaevum
931 829 1011 902 illud
1037 831 1212 925 exemplar
1226 829 1614 923 CoenaeEvungelicae,
1638 833 1680 904 ud
1701 833 1789 928 quod

414 965 493 1018 suas
521 967 704 1040 expressas
732 969 810 1020 osse
835 944 958 1018 frustra
985 945 1178 1037 gloriantur.
1205 947 1330 1019 Verum
1358 969 1433 1018 cum
1455 955 1504 1017 tot
1524 947 1676 1020 diversas
1701 971 1789 1044 pro·

417 1065 589 1156 posuerint
621 1061 758 1135 Coenae
791 1061 877 1134 illius
913 1082 994 1132 suae
1026 1061 1171 1150 formas,
1206 1085 1291 1156 quae
1322 1066 1409 1134 inter
1447 1084 1486 1135 se
1517 1062 1689 1135 conciliari
1723 1087 1790 1138 non

416 1187 568 1270 possunt,
600 1178 673 1249 illas
709 1177 752 1249 ad
781 1199 898 1272 purum
924 1174 1066 1247 verbum
1097 1176 1174 1265 Dei,
1209 1179 1297 1270 quod
1329 1187 1440 1250 tamen
1468 1201 1515 1249 ex
1546 1177 1676 1252 illorum
1705 1203 1790 1254 seu-

416 1295 516 1363 tentia
552 1297 764 1388 perspicuum
799 1289 951 1363 omnibus
984 1301 1054 1380 est,
1093 1314 1288 1387 expressas,
1323 1303 1450 1365 tenuere
1488 1297 1622 1366 omnino
1653 1296 1789 1385 jactant.

416 1405 576 1479 Fatentur
608 1411 750 1502 quippe,
785 1429 852 1478 non
886 1409 967 1478 satis
1001 1415 1158 1478 constare
1186 1430 1251 1503 quo
1277 1432 1365 1505 pane
1393 1405 1544 1482 Christus
1570 1430 1651 1483 usus
1677 1409 1788 1504 luerit,

416 1545 534 1618 azymo
566 1546 608 1594 an
634 1522 850 1613 lennentato,
886 1531 985 1614 atque
1017 1520 1102 1592 adeo
1135 1525 1168 1593 in
1196 1521 1391 1618 quibusdam
1417 1523 1518 1612 locis,
1551 1534 1587 1595 ιιι
1613 1522 1788 1620 Genavae,

416 1661 553 1733 azymus
589 1638 631 1709 od
659 1637 808 1712 Coenum
837 1637 891 1708 diu
917 1633 1079 1708 adhibitus
1107 1648 1176 1709 est:
1205 1661 1247 1710 an
1274 1663 1361 1734 acpra
1395 1644 1475 1712 vino
1513 1640 1650 1712 admista
1677 1641 1787 1732 buerit,

414 1757 546 1826 nescire
575 1775 613 1826 se
639 1755 765 1848 puriter
790 1761 995 1845 agnoscunt:
1022 1753 1124 1826 multo
1162 1761 1270 1846 magis
1299 1757 1416 1851 quibus
1452 1755 1568 1830 verbis
1605 1757 1647 1828 ud
1675 1753 1787 1852 bene-

415 1869 603 1961 dictionem,
638 1892 698 1942 seu
733 1871 1040 1959 consecrationem,
1074 1870 1230 1965 Apostoli
1270 1875 1321 1942 usi
1362 1871 1499 1943 fuerint:
1541 1871 1628 1942 unde
1663 1872 1787 1945 Christi

413 1982 540 2074 verba,
567 1985 644 2056 Hoc
678 1991 730 2056 cat
755 2007 879 2078 corpur
904 2007 1028 2071 ιιιειιιιι,
1058 1986 1126 2055 Ηὶε
1153 1992 1205 2058 eat
1229 1990 1368 2080 conponis
1393 2009 1494 2076 meos,
1522 1987 1673 2081 plerique
1699 1993 1787 2062 reti—

414 2100 523 2193 nenda
559 2100 809 2192 judicaremut,
842 2099 897 2170 alii
929 2121 997 2180 non
1032 2102 1125 2171 item:
1161 2101 1203 2172 de
1243 2100 1360 2196 qrribus
1393 2111 1503 2173 tamen
1537 2100 1786 2174 Eucharisticae

415 2216 608 2312 disciplinae
634 2214 796 2311 capitibus
822 2226 920 2288 vetus
947 2215 1102 2288 Ecclesia
1130 2237 1297 2310 nunquam
1324 2215 1495 2290 dubitavit.

519 2328 654 2404 Cariam
691 2330 747 2402 illa
778 2354 898 2426 nempe
939 2341 972 2403 et
1006 2341 1213 2404 constantem
1247 2330 1360 2402 habuit
1394 2330 1623 2404 Eucharistiae
1658 2343 2111 2405 conse-Gemumcuittaurma

414 2448 558 2520 orandae
590 2447 748 2537 formam,
782 2453 891 2518 statim
924 2445 965 2518 ab
994 2448 1104 2542 initio,
1132 2469 1206 2518 cum
1233 2445 1357 2541 ubique
1386 2445 1562 2520 Christiani
1589 2431 2112 2572 congregati:2:⁶,KJJ¹⁰⁸⁰¹¹‘⁵'¹¹⁸·

414 2585 487 2635 eam
504 2560 714 2636 celebrarent
734 2562 890 2657 quotidie,
919 2565 1069 2657 quamvis
1097 2565 1220 2658 scripto
1248 2567 1447 2656 consignata
1468 2584 1535 2635 non
1562 2571 1672 2638 esset:
1698 2565 1786 2637 unde

413 2683 526 2775 primis
552 2678 728 2751 Ecclesiae
755 2677 898 2752 saeculis
932 2700 1047 2752 sacros
1082 2677 1157 2751 illos
1191 2681 1273 2750 ritus
1309 2679 1381 2754 sola
1415 2679 1592 2752 traditione
1624 2682 1786 2772 viguisse,

415 2805 510 2865 extra
536 2796 802 2867 controversiam
828 2816 908 2867 esse
936 2792 1042 2865 debet.
1096 2794 1341 2890 Hierosolymis
1361 2795 1531 2891 Apostoli,
1559 2795 1647 2890 quod
1674 2798 1707 2866 in
1735 2800 1786 2870 sui

414 2913 607 2982 memoriam
635 2908 785 2982 Christus
819 2907 890 2980 fieri
916 2919 1154 3003 praeceperat,
1189 2909 1377 2999 iaciebant;
1412 2921 1447 2982 et
1482 2911 1559 2982 inde
1594 2933 1656 3006 per
1684 2919 1787 2982 totum

415 3025 531 3097 orbern
559 3026 713 3121 dispersi,
739 3034 775 3095 ut
801 3024 919 3096 eadem
946 3047 1043 3096 sacro
1067 3024 1328 3116 celebrarentur,
1356 3028 1574 3116 instituerunt,
1603 3047 1787 3120 eorumque

414 3140 555 3213 formam
590 3142 870 3237 praeseipserunt,
904 3163 992 3234 quae
1026 3143 1059 3211 in
1092 3139 1244 3212 omnibus
1284 3139 1447 3214 Ecclesiis
1488 3149 1690 3214 conservata
1722 3153 1785 3213 est.

414 3257 516 3351 Igitur
543 3279 589 3329 ex
616 3256 689 3330 sola
716 3257 892 3329 traditione
906 3256 1115 3352 Apostolica,
1142 3279 1211 3330 non
1238 3278 1284 3329 ex
1311 3260 1435 3353 scripta
1463 3261 1652 3348 autoritate,
1678 3257 1820 3330 forma-

414 3373 468 3445 illa
505 3373 591 3468 apud
626 3394 743 3444 omnes
775 3371 949 3446 Ecclesiae
982 3383 1119 3468 recepta
1156 3383 1223 3464 est,
1259 3395 1427 3444 eumuna
1460 3373 1638 3445 eteoclem
1667 3371 1788 3467 ubique

414 3489 528 3562 fuerit:
561 3511 670 3584 neque
704 3491 803 3578 enim,
836 3497 873 3558 ut
906 3488 949 3560 de
980 3487 1097 3562 ritibus
1131 3488 1326 3584 quibusdam
1358 3489 1516 3576 ludaicis,
1543 3488 1586 3560 de
1615 3488 1786 3585 disciplina

414 3604 642 3678 Eucharistiae
675 3602 897 3676 celebrandae
929 3608 1182 3694 controversia,
1217 3606 1331 3700 primis
1362 3605 1446 3694 illis,
1479 3613 1535 3674 aut
1570 3601 1786 3698 sequentibus

417 3722 559 3794 saeculis
594 3720 661 3791 ulla
683 3723 780 3790 'inter
807 3718 1015 3792 Christianos
1040 3717 1111 3789 fuit.
1165 3721 1271 3806 Quam
1311 3721 1411 3809 igitur
1443 3717 1684 3811 Apostolorum
1711 3727 1788 3788 tra-

1802 1371 1914 1439 ιιῳιιιι.
1934 1371 2002 1424 mo.
2022 1373 2046 1422 ι.

417 3837 494 3908 ditio
522 3839 555 3907 in
580 3835 743 3908 Ecclesiis
770 3845 906 3907 servata
933 3831 1197 3926 commendabat,
1230 3833 1347 3906 eadem
1377 3832 1571 3929 Apostolica
1605 3843 1640 3904 ct
1664 3833 1788 3905 Evan-

417 3953 525 4044 gelica
552 3949 827 4024 celebrandorum
841 3953 1075 4046 mysteriorum
1085 3949 1193 4022 lorma
1220 3973 1298 4024 esse
1325 3946 1586 4023 existimabatur.
1613 3950 1686 4020 lam
1701 3971 1787 4043 quae

416 4068 470 4140 illa
504 4067 613 4139 lorma
645 4066 744 4138 luerit
778 4066 1003 4160 quaerendum
1030 4075 1100 4138 est:
1127 4088 1204 4138 num
1237 4066 1292 4138 illa
1321 4065 1458 4154 scilicet,
1488 4087 1584 4159 quam
1611 4061 1788 4135 Ecclesiae
1819 4090 1820 4094 ¹

416 4184 669 4256 Reformatores
705 4185 986 4274 excogitaverunt
1019 4193 1097 4277 post
1133 4203 1237 4256 annos
1271 4181 1360 4253 mille
1394 4184 1614 4275 quingentos,
1653 4200 1695 4249 nn
1732 4176 1787 4247 illa

418 4323 503 4396 (puae
528 4297 651 4394 ubique
678 4298 860 4372 observata
886 4297 962 4390 luit,
990 4298 1110 4370 dudum
1143 4309 1220 4371 ente
1247 4320 1344 4393 quarn
1379 4299 1564 4391 perscripta
1590 4294 1727 4386 fuisset,
1754 4295 1787 4362 in

418 4416 599 4488 Occidente
626 4414 683 4486 vel
710 4415 743 4485 in
769 4413 919 4504 Oriente,
947 4417 1132 4487 orationum
1160 4423 1194 4486 et
1220 4415 1503 4485 caeremoniarum
1530 4410 1683 4482 ordinata
1709 4408 1786 4481 dis-

419 4533 552 4626 positio,
581 4553 667 4626 quae
692 4531 843 4623 Liturgia
870 4531 996 4602 dicitru.

508 4631 703 4742 ¹Splendida
718 4667 800 4718 sane
818 4644 874 4716 illa
897 4645 1074 4741 appellatio
1098 4643 1317 4741 Apostolicae
1341 4653 1374 4714 et
1388 4641 1618 4735 Evangelicec
1638 4639 1788 4731 Coenae,
1802 4659 1909 4712 Formae
1930 4659 2111 4710 arronem-

421 4768 453 4835 in
481 4785 556 4834 eam
581 4762 722 4834 formam
751 4783 837 4855 quae
865 4785 884 4832 a
910 4759 1176 4834 Protestontibus
1202 4769 1390 4856 usurpatur,
1425 4758 1548 4830 cadere
1582 4777 1788 4851 nequaquam
1801 4741 2112 4884 pnuacpepamappppp

419 4889 540 4974 potest,
567 4877 625 4949 vel
653 4875 781 4951 casola
806 4877 947 4967 ratione,
974 4877 1062 4971 quod
1087 4878 1271 4948 communis
1287 4879 1373 4946 inter
1399 4895 1458 4946 eos
1485 4873 1573 4944 nulla
1595 4872 1658 4943 huc
1684 4895 1791 4966 usque
1804 4845 2077 4984 ,ἷζξῃῖζρηέξὲξωῃι

417 4995 534 5082 luerit3
567 5015 686 5068 verum
722 5013 838 5064 omnes
866 4995 910 5064 ita
952 4973 1152 5081 dissimiles,
1184 4999 1219 5062 ιιι
1254 4989 1341 5061 ιιιιΙΙιι
1376 4991 1583 5084 quantumvis
1618 4987 1792 5060 commoda

1499 5102 1518 5175 1
1538 5102 1560 5144 h*
