4736 6064
480 559 658 638 LITURGIA
684 558 880 640 COhlhllllllS
903 561 987 639 SIVE
1003 559 1132 638 CANON
1150 560 1319 638 monas.
1339 560 1565 640 AETHIOPUM.
1645 557 1721 630 473

351 851 444 922 Ante
477 854 591 922 onmia
625 851 801 924 Sacerdos
836 852 921 923 dicit
954 851 1136 924 Orationes
1161 856 1357 944 sequentes,
1390 873 1456 946 pro
1492 848 1653 922 Ecclesia
1687 855 1721 921 ct

931 991 999 1063 pro
1027 969 1142 1039 altori.

454 1156 598 1229 Domine
623 1156 715 1230 Deus
742 1167 870 1247 noster,
896 1168 931 1230 tu
957 1179 996 1230 es
1023 1155 1115 1230 solus
1141 1168 1287 1248 sanctus,
1321 1165 1355 1228 et
1381 1158 1435 1251 qui
1461 1154 1579 1228 dedisti
1605 1161 1719 1230 omni-

351 1271 414 1345 hus
446 1275 670 1361 sanctitatem,
696 1277 819 1346 virtute
852 1283 908 1345 tua
944 1274 1110 1347 invisibili.
1163 1273 1337 1366 Rogamus
1373 1283 1407 1344 et
1439 1272 1658 1368 deprecamur
1683 1283 1718 1344 te

348 1388 461 1480 Deus,
494 1399 531 1460 ut
566 1391 674 1463 mittas
707 1389 864 1485 Spiritum
898 1399 986 1462 mum
1022 1401 1173 1463 sanctum
1208 1411 1310 1485 super
1335 1389 1420 1461 hanc
1445 1386 1656 1477 Ecclesiam,
1687 1396 1721 1460 et

349 1525 452 1601 snper
477 1504 542 1577 hoc
575 1503 699 1597 altare,
735 1517 769 1579 et
796 1529 897 1602 super
929 1511 1038 1579 omnia
1072 1508 1143 1599 ejus
1175 1509 1400 1578 instrumenta.
1453 1503 1630 1576 Sanctifica
1664 1528 1718 1593 ea,
1785 1553 1789 1566 -

349 1633 385 1694 ut
414 1619 606 1717 perficiatur
636 1643 739 1717 super
773 1644 815 1695 ea
848 1625 1043 1719 mysterium
1078 1633 1166 1694 tuum
1203 1620 1395 1714 gloriosum.
1448 1619 1492 1692 Et
1523 1642 1611 1693 nuuc
1649 1621 1717 1693 be-

349 1738 457 1827 nedic,
484 1736 655 1812 sanctifica
683 1749 716 1810 et
741 1739 863 1812 minida
888 1761 952 1813 uos
978 1738 1021 1811 ab
1053 1737 1205 1810 omnihus
1233 1736 1387 1811 sordibus
1414 1747 1447 1809 ct
1473 1736 1610 1810 maculis
1637 1759 1720 1810 car-

350 1851 497 1926 uahhns:
532 1855 630 1926 etiam
662 1877 729 1927 non
761 1864 933 1928 remaneat
965 1854 1123 1951 deinceps
1157 1854 1333 1950 quidquam
1360 1852 1546 1926 immundae
1577 1865 1721 1949 aposta-

352 1971 440 2041 siae:
476 1969 536 2043 sed
572 1968 627 2042 iac
660 1969 757 2044 nohis
790 1970 876 2042 hanc
910 1970 1097 2043 Ecclesiam
1129 1982 1164 2044 et
1197 1970 1263 2043 hoc
1298 1970 1402 2042 altare
1428 1991 1492 2043 vas
1519 1970 1661 2042 electum
1687 1982 1722 2042 et

352 2088 554 2181 pretiosum,
587 2087 681 2159 velut
712 2097 886 2179 argentum
916 2097 1093 2185 purgatum
1128 2098 1161 2159 et
1193 2086 1365 2158 mundum:
1394 2096 1531 2182 praesta
1557 2091 1656 2158 etiam
1682 2095 1717 2158 ut

351 2202 541 2296 perficiatur
572 2184 770 2298 superea,
807 2202 1035 2276 Eucharistiae
1072 2204 1215 2292 oblatio,
1246 2205 1363 2290 Pater,
1397 2203 1478 2290 Fili,
1511 2212 1544 2274 et
1576 2201 1718 2296 Spiritus

352 2329 477 2407 sancte,
505 2327 652 2390 nuncet
678 2339 824 2415 semper,
851 2323 944 2392 etin
971 2317 1108 2393 saecula
1133 2320 1353 2394 saeculorum.
1405 2319 1525 2392 Amen.

386 2610 507 2682 Oratio
534 2617 716 2706 unthnrnn
735 2619 875 2684 muctar
894 2611 1024 2706 ultore,
1052 2617 1087 2685 ct
1105 2612 1314 2684 collocentur
1339 2615 1375 2682 in
1394 2633 1434 2682 eo
1457 2634 1543 2682 noso
1563 2617 1693 2683 sancto.

454 2812 598 2886 Domine
623 2813 716 2887 Deus
744 2815 799 2910 qui
824 2817 947 2888 novisti
973 2815 1076 2889 corda
1104 2817 1259 2905 omnium,
1291 2823 1426 2887 sanetus
1454 2818 1567 2910 quiin
1596 2816 1721 2887 sanctis

351 2931 550 3024 requiescis,
586 2932 642 3025 qui
668 2929 761 3026 solus
786 2941 885 3027 potes
918 2929 998 3003 dare
1033 2934 1266 3006 remissionem
1298 2941 1521 3026 peccatorum.
1574 2929 1626 3001 l'u
1653 2932 1720 3002 scis

351 3044 510 3135 Domine,
542 3068 596 3116 me
632 3067 710 3118 esse
744 3045 913 3139 indignum
929 3063 931 3070 ·
945 3051 1127 3120 ministerio
1160 3050 1225 3120 isto
1258 3057 1374 3120 sancto
1402 3057 1476 3119 tuo:
1509 3068 1619 3141 neque
1645 3045 1722 3117 mihi

351 3161 426 3235 talis
460 3161 654 3234 confidentia
688 3171 740 3234 est
773 3172 809 3233 ut
841 3163 1016 3252 accedam,
1056 3173 1091 3235 et
1125 3167 1274 3259 aperiam
1309 3161 1430 3234 faciem
1464 3185 1570 3234 meam
1607 3185 1721 3235 coram
1774 3170 1778 3177 '

351 3281 460 3370 gratia
492 3288 548 3349 tua
583 3287 708 3350 sanctu.
762 3275 814 3348 'lu
846 3281 946 3370 igitur
981 3300 1043 3374 per
1076 3277 1311 3350 multitudinem
1349 3276 1598 3350 misericordiae
1632 3289 1719 3364 tuae,

351 3415 454 3489 parce
480 3391 557 3464 mihi
583 3395 767 3488 peccatori,
794 3401 829 3464 et
853 3415 1010 3489 nequam:
1038 3394 1080 3467 da
1106 3393 1184 3465 mihi
1209 3403 1245 3465 ut
1264 3397 1433 3467 inveniam
1459 3393 1720 3468 misericordiam

351 3512 384 3581 iu
410 3509 473 3582 hac
499 3508 598 3581 hora:
626 3519 660 3581 et
685 3510 776 3580 mitte
801 3508 878 3581 mihi
903 3513 1059 3584 virtutem
1084 3521 1174 3582 tuam
1202 3509 1358 3606 desuper,
1390 3521 1426 3583 ut
1451 3510 1570 3603 dignus
1599 3511 1722 3584 alliciar

352 3627 541 3722 perficiendi
567 3628 781 3700 ministerium
807 3635 898 3698 tuum
924 3637 1072 3700 sanctum
1106 3627 1288 3700 secundum
1313 3626 1519 3701 voluntatem
1545 3639 1652 3715 mam,
1687 3637 1721 3700 et

353 3746 395 3816 sit
420 3743 461 3816 ad
487 3740 728 3838 beneplacitum
755 3743 866 3817 cordis
901 3746 947 3816 tui
978 3747 1150 3816 incensum
1184 3743 1270 3818 istud
1301 3747 1336 3816 in
1371 3745 1508 3818 odorem
1536 3747 1721 3817 suavitatis

354 3859 405 3933 Tu
431 3863 530 3933 etiam
555 3860 698 3932 Domine
723 3858 806 3932 lesu
833 3858 976 3950 Christe,
1004 3872 1078 3934 esto
1105 3858 1290 3951 nobiscum,
1318 3869 1351 3932 et
1372 3859 1514 3932 benedic
1540 3880 1615 3948 nos,
1643 3862 1719 3954 quia

350 3987 386 4050 tu
412 3997 450 4049 es
477 3976 636 4048 remissor
661 3985 876 4070 peccatorum
906 3987 1111 4050 nostrorum:
1143 3975 1268 4072 luxque
1302 3979 1482 4049 animarum
1518 3987 1720 4066 nostrarum,

350 4096 420 4166 vita
446 4101 574 4181 nostra,
600 4092 705 4162 virtus
731 4101 860 4179 nostra,
887 4104 920 4166 et
945 4099 1122 4188 reparator
1147 4101 1280 4183 noster,
1307 4102 1342 4165 et
1367 4092 1425 4166 tihi
1443 4097 1608 4166 mittemus
1636 4115 1717 4166 sur-

351 4229 424 4282 sum
448 4207 578 4281 laudem
604 4209 638 4279 in
664 4206 800 4282 saecula
826 4207 1046 4283 saeculorum.
1098 4209 1218 4284 Amen.

808 4485 930 4558 Oratio
949 4508 1060 4579 ⁴suuper
1085 4484 1263 4558 Putenom.

454 4691 598 4764 Domine
631 4691 724 4764 Dens
758 4701 875 4764 noster
904 4691 987 4764 lesu
1013 4691 1167 4784 Christe,
1199 4696 1254 4788 qui
1287 4715 1387 4788 super
1420 4694 1546 4786 lignum
1579 4702 1717 4766 sanetae
1853 4691 1857 4702 '

352 4808 460 4881 crucis
487 4829 604 4880 manus
630 4817 704 4880 tuas
731 4808 922 4897 extendisti,
950 4809 1095 4882 extende
1120 4809 1207 4882 nuuc
1234 4831 1364 4882 manum
1391 4819 1479 4882 tumn
1507 4833 1607 4907 snper
1633 4809 1720 4883 hanc

349 4934 525 5018 patenum,
557 4921 719 5008 benedic,
753 4923 923 4998 sanctifica
959 4936 993 4998 et
1024 4925 1160 5023 purifica
1194 4925 1294 5035 illam,
1328 4936 1364 4997 ιιι
1397 4929 1431 4998 in
1465 4949 1506 4999 ea
1532 4926 1720 5023 perficiatur

350 5061 472 5136 corpus
499 5050 587 5112 tuum
619 5045 790 5129 sanctum,
823 5040 857 5114 in
890 5040 953 5117 hac
986 5053 1101 5116 sanctu
1131 5041 1285 5116 Ecclesia
1320 5043 1529 5141 Apostolica,
1566 5046 1720 5140 quoniam
