4670 6046
1200 560 1518 667 norun*

900 858 990 928 Nom
1018 882 1061 929 eo
1087 865 1189 930 nocte
1215 863 1251 932 in
1278 885 1346 954 pou
1373 863 1467 934 tradi
1491 864 1639 953 coluisti,
1668 872 1731 936 ete.

709 1065 800 1142 'l'ora
834 1077 909 1140 baec
935 1096 1007 1158 pars
1036 1079 1124 1142 officii
1145 1080 1345 1144 Eucharistici
1375 1083 1518 1144 convenit
1549 1101 1616 1148 cum
1645 1085 1765 1148 Graeco
1793 1086 1927 1168 ejusdem
1949 1088 2003 1152 Li·
2065 1093 2069 1106 '

626 1181 745 1261 turgiae
769 1178 903 1257 codicc,
922 1187 955 1242 ut
978 1181 1066 1243 etiam
1095 1199 1163 1243 cum
1196 1181 1262 1245 aliis
1293 1183 1430 1246 omnibus
1458 1185 1538 1248 circa
1568 1187 1777 1250 recitationem
1806 1189 1959 1253 institutae
1985 1210 2003 1254 a

628 1280 749 1344 Christo
772 1279 993 1360 Eucharistiae,
1017 1289 1048 1343 et
1071 1282 1234 1344 verborum
1257 1283 1347 1360 illius,
1371 1283 1409 1346 dc
1433 1302 1492 1365 qua
1514 1284 1586 1348 nibil
1609 1291 1656 1348 cst
1679 1286 1873 1369 singulariter
1892 1289 2002 1351 obser-

626 1382 772 1460 vandum,
804 1387 927 1461 praeter
956 1398 994 1441 ea
1024 1399 1102 1460 quae
1130 1381 1209 1443 dicta
1240 1390 1310 1444 sunt
1343 1381 1380 1444 ad
1411 1382 1547 1446 eumdem
1578 1383 1677 1447 locum
1707 1385 1873 1492 Liturgiae
1889 1386 2001 1450 Basilii

625 1466 721 1557 Κλαῖι
722 1499 804 1542 teror
826 1475 881 1540 καὶ
904 1466 1147 1557 διαδιδόμεναν,
1171 1481 1210 1542 de
1233 1479 1344 1543 Christi
1368 1498 1522 1562 corpore,
1545 1489 1577 1544 ut
1599 1469 1811 1576 ἐκχυνόμενον
1834 1484 1872 1548 de
1892 1484 2002 1550 Christi

625 1580 790 1663 sanguine,
822 1596 878 1657 per
901 1596 1047 1658 praesens
1071 1587 1102 1640 ct
1124 1578 1254 1642 futurum
1283 1588 1400 1660 tempus
1428 1579 1555 1663 intelligi
1584 1573 1705 1663 potest,
1735 1582 1900 1648 secundum
1927 1603 2002 1647 acr-

625 1679 730 1742 siones
753 1676 911 1739 Arabicas.
956 1675 989 1738 ln
1013 1675 1139 1758 Coptica
1162 1679 1303 1741 versione
1326 1680 1507 1758 Froegiae,
1537 1687 1567 1743 et
1590 1681 1723 1744 dubitor.
1767 1681 1889 1745 Utrovis
1912 1684 2000 1746 modo

625 1777 732 1840 eadem
756 1776 935 1857 significatio
958 1784 1022 1840 est:
1047 1777 1115 1858 Syri
1139 1780 1291 1858 praesenti
1315 1785 1452 1859 tempore
1479 1779 1572 1862 vulgo
1602 1788 1832 1861 expresserunt.
1882 1782 2001 1846 lllistio-
2055 1795 2059 1806 ·

626 1894 694 1938 nem
718 1893 815 1955 aquae
838 1892 904 1936 oum
927 1875 1016 1954 vino,
1045 1894 1131 1955 quam
1154 1877 1312 1939 Ecclesiae
1337 1895 1443 1940 omnes
1466 1885 1607 1952 servant,
1636 1886 1741 1941 contra
1773 1898 1863 1960 quam
1892 1881 2000 1942 existi-

624 1983 706 2036 mant
728 1975 952 2052 Protcstantes,
976 1974 1024 2036 bic
1048 1975 1133 2037 locus
1157 1976 1331 2054 oonlirmat,
1360 1984 1392 2038 ut
1422 1978 1513 2039 etiam
1543 1978 1680 2058 reliquae
1709 1996 1813 2042 omnes
1835 1978 1999 2061 liturgiae.

624 2074 796 2136 Nestoriani
819 2073 920 2136 edisse
943 2080 973 2134 et
995 2073 1110 2136 bibisse
1134 2073 1283 2137 Christum
1306 2093 1345 2138 ex
1369 2093 1446 2155 pane
1477 2084 1509 2139 et
1538 2077 1633 2139 calice
1662 2078 1849 2140 consecratis
1881 2078 1998 2141 dicunt:

624 2172 673 2235 bic
697 2172 837 2254 Coptitae
860 2171 898 2233 de
921 2172 989 2235 solo
1013 2173 1126 2250 calice,
1151 2171 1233 2252 quod
1257 2175 1407 2236 tamenin
1431 2172 1549 2238 Graeco
1573 2175 1687 2239 Codice
1711 2194 1771 2238 non
1794 2175 1916 2258 legitur.

654 2434 703 2504 To
724 2433 871 2504 Domine
898 2454 982 2503 ooce
1010 2439 1070 2502 tuo
1088 2432 1165 2503 colo
1183 2439 1348 2504 commoto
1367 2434 1456 2504 hoec
1475 2456 1564 2528 pone
1591 2441 1668 2506 aaut
1688 2438 1882 2529 proposito,
1910 2443 1973 2506 etc.

685 2642 832 2720 dismas
856 2670 982 2732 prorsus
1005 2653 1080 2714 haec
1104 2653 1199 2715 oratio
1223 2654 1356 2715 continet
1384 2653 1453 2716 lidci
1477 2653 1664 2736 Coptitarum
1695 2655 1732 2718 dc
1761 2673 1834 2732 vcra
1848 2662 1896 2718 .et
1925 2655 1999 2718 reali

624 2758 839 2820 elementorum
862 2757 1109 2818 transmutatione
1133 2756 1347 2818 testimonium:
1378 2757 1457 2838 quod
1488 2759 1519 2819 in
1542 2758 1659 2820 Graeco
1684 2757 1797 2820 Codice
1819 2775 1879 2820 non
1903 2760 1998 2821 minus

626 2856 750 2939 legitur,
774 2873 861 2934 quam
885 2856 915 2918 in
938 2855 1082 2936 Copticis.
1128 2855 1234 2916 Petunt
1256 2854 1382 2935 scilicet,
1406 2863 1439 2918 ut
1460 2857 1544 2919 Deus
1567 2863 1745 2920 transmutet
1775 2856 1851 2919 dona
1880 2873 2000 2938 propo·

624 2957 692 3034 sita,
715 2973 794 3017 voce
816 2973 871 3017 sua
894 2954 971 3034 sola,
994 2953 1053 3016 boc
1076 2961 1123 3017 est
1145 2954 1272 3034 imperio
1295 2973 1351 3018 suo
1375 2955 1495 3033 divino,
1530 2957 1611 3036 quod
1633 2955 1713 3018 idem
1736 2963 1782 3017 est
1806 2973 1841 3017 ac
1864 2955 1890 3018 si
1912 2947 1998 3016 dicess

624 3064 703 3134 rent,
727 3062 833 3136 petere
857 3073 892 3116 se
914 3053 944 3116 id
968 3055 1049 3134 quod
1072 3055 1166 3117 solius
1190 3056 1424 3135 omnipotentiae
1448 3053 1567 3117 divinae
1591 3073 1668 3135 opus
1692 3061 1748 3116 est.
1799 3055 1899 3116 Verba
1922 3070 1998 3132 quae

624 3155 904 3216 transmutationem
928 3153 1107 3235 significant,
1130 3152 1257 3230 Graece,
1280 3154 1471 3235 Aegyptiace
1502 3160 1532 3216 et
1553 3153 1685 3215 Arabice
1708 3153 1828 3234 plenam
1855 3152 1945 3230 illam,
1969 3160 1998 3214 et

625 3254 774 3333 integram
804 3252 850 3314 rei
881 3252 910 3314 in
940 3271 1004 3316 rem
1035 3252 1328 3316 transformationem
1357 3251 1532 3335 designant:
1568 3251 1703 3329 Pioniai,
1736 3233 1791 3320 bun
1815 3258 1846 3313 ct
1869 3235 1942 3343 5Ριι
1965 3255 1998 3314 ut

625 3350 777 3414 Graecum
798 3345 1027 3435 μεταποίησον.

711 3449 860 3513 Christum
883 3451 969 3531 quasi
997 3459 1188 3531 praesentem
1220 3449 1423 3530 alloquuntur,
1447 3449 1538 3512 etad
1562 3467 1630 3511 eum
1658 3449 1825 3511 orationem
1855 3446 1996 3530 dirigunt,

623 3550 654 3612 in
676 3568 736 3630 quo
760 3549 944 3612 adorationis
968 3550 1066 3613 cultus
1089 3551 1269 3627 continetur,
1294 3556 1325 3611 et
1347 3549 1432 3612 simul
1462 3546 1613 3629 professio
1636 3546 1724 3625 fidei,
1755 3547 1793 3608 de
1817 3564 1890 3608 vera
1914 3546 1997 3627 ejus-

624 3647 691 3710 dem
713 3650 744 3710 in
765 3647 973 3710 Eucharistica
1000 3667 1103 3711 mensa
1134 3649 1314 3728 praesentia.
1346 3648 1428 3710 lllam
1450 3649 1523 3712 satis
1546 3645 1720 3729 significant
1742 3645 1838 3707 verba
1861 3644 1997 3708 Graecae

623 3746 786 3830 Liturgiae.
841 3735 955 3819 Αὐτὸς
982 3735 1096 3832 παρών
1124 3735 1182 3831 τὴν
1211 3736 1372 3832 μυστικήν
1402 3737 1526 3830 ταύτην
1553 3739 1756 3831 λειτουργίαν
1783 3735 1996 3829 κατάρτισονι

625 3864 702 3926 quae
726 3847 847 3926 quidem
870 3845 958 3908 aliter
981 3847 1077 3927 accipi
1100 3853 1236 3926 possent,
1259 3863 1368 3925 nempe
1397 3853 1429 3909 ut
1451 3851 1615 3928 rogaretur
1645 3844 1781 3907 Christus
1812 3842 1938 3922 adesse,
1968 3849 1998 3906 et

623 3949 769 4025 praesens
792 3944 851 4007 hoc
874 3945 1032 4025 mysticum
1047 3946 1243 4007 ministerium
1264 3945 1425 4025 perlicere,
1449 3942 1745 4006 undeProtestantes
1770 3942 1996 4022 concluderent,

622 4051 814 4124 praesentem
836 4060 896 4104 non
921 4062 991 4106 esse
1014 4043 1095 4105 illum
1123 4043 1209 4123 cujus
1240 4043 1412 4123 praesentia
1445 4042 1660 4124 postularetur.
1706 4040 1766 4105 Sed
1797 4039 1997 4104 dillicultatem

622 4158 739 4204 omnem
762 4141 884 4204 solvunt
906 4144 1063 4204 versiones
1087 4140 1234 4222 Copticac
1257 4150 1288 4205 ct
1309 4142 1469 4220 Arabicae,
1494 4141 1561 4204 dum
1584 4141 1657 4203 illud
1680 4129 1793 4225 neptia
1822 4141 1861 4201 ita
1890 4140 1997 4220 expri-

623 4247 715 4311 munt,
741 4247 772 4301 tu
795 4259 900 4302 coram
921 4241 1011 4302 nobis
1029 4242 1159 4320 positus,
1183 4238 1445 4322 quodexprimunt
1460 4240 1644 4320 interpretes
1660 4237 1815 4318 Copticus,
1840 4237 1996 4302 etArabs:

625 4337 682 4401 alia
706 4337 797 4401 lectio
820 4341 873 4418 poi
889 4357 1040 4417 procrees
1062 4357 1105 4417 es,
1129 4347 1159 4400 et
1179 4341 1258 4401 inter
1277 4358 1342 4401 uos.

711 4438 871 4518 Sequitur:
894 4437 978 4499 dlitte
1000 4456 1092 4516 anper
1111 4457 1168 4500 nos
1188 4441 1320 4518 gratiam
1342 4437 1475 4517 Spiritus
1504 4439 1548 4498 tui
1573 4439 1688 4513 sancti,
1711 4435 1763 4516 pai
1783 4436 1949 4514 sanctificet
1969 4443 1998 4498 et

624 4537 794 4616 transferat
814 4537 891 4598 hacc
913 4537 995 4597 dono
1015 4539 1184 4616 proposito,
1207 4539 1239 4598 iu
1255 4555 1376 4615 empus,
1400 4537 1615 4615 etsanpuinem
1629 4536 1737 4596 ιαιαιὶι
1750 4543 1882 4598 nostroe.
1906 4533 1996 4597 Paulo

623 4635 711 4697 aliter
733 4633 868 4696 Graecus
893 4633 1008 4699 Codex.
1062 4622 1172 4708 Αὐτὸς
1199 4655 1238 4697 ιιι
1265 4622 1397 4712 πνεῦμά
1427 4650 1487 4696 ooo
1516 4621 1554 4696 τὰ
1580 4619 1738 4717 πανᾰγιον
1765 4623 1997 4714 κατάπεμψον·

622 4724 677 4795 ‘iac
700 4726 919 4818 ἐπιφοίινσαν
939 4733 980 4818 τῇ
1002 4724 1097 4816 ἅγια,
1109 4729 1165 4795 καὶ
1194 4721 1309 4817 αγαθῇ
1331 4729 1386 4795 καὶ
1408 4722 1528 4814 ἐνδόξῳ
1552 4720 1656 4794 αὐτοῦ
1676 4725 1852 4816 παρουσίᾳ,
1875 4717 1997 4816 αγιᾶσῃ

623 4827 678 4893 καὶ
700 4822 909 4916 μεταποιήσῃ
930 4820 973 4893 ιᾶ
994 4825 1191 4916 προκείμενα
1221 4827 1277 4894 καὶ
1300 4819 1379 4915 ἅγια
1401 4825 1492 4914 δῶρα
1514 4826 1620 4892 ταῦτα
1642 4823 1690 4902 εἰς
1713 4817 1811 4908 adad,
1840 4817 1878 4893 ιὸ
1899 4827 1997 4907 σῶμα

623 4927 680 4994 καὶ
706 4922 745 4994 cd
774 4921 857 5010 αἷμα
884 4929 944 5014 τῆς
974 4923 1134 5016 ἡμετέρας
1167 4920 1437 5016 απολυιρώσεως.
1495 4929 1667 4994 Sententiae
1700 4928 1782 4992 nulla
1821 4931 1996 4992 diversitas:

624 5031 744 5111 plenior
774 5037 805 5093 et
835 5030 958 5092 uberior
980 5037 1027 5092 est
1049 5029 1166 5093 Graeca
1195 5028 1339 5109 formula,
1369 5029 1425 5092 sed
1453 5027 1561 5094 eodem
1590 5027 1677 5091 redit.
1728 5030 1837 5092 Versio
1865 5027 1997 5091 Arabica
