4778 6034
419 572 469 648 DE
489 567 749 646 LITURGIARUM
764 566 1020 644 ORlENTALlUll
1038 563 1189 642 ORIGINE
1203 567 1252 641 El
1267 565 1518 644 AUTORITATE.
1550 565 1679 638 XLVII

298 755 505 830 Haereticoa
532 752 685 828 absolute
710 752 898 840 vocaverit,
926 747 1131 822 Orthodoxis
1151 753 1337 844 oppositos,
1363 755 1432 823 rari
1446 751 1551 825 liuere.
1587 753 1676 839 Qui-

299 893 375 944 nam
410 873 499 942 euim
533 877 568 940 et
602 871 730 958 cujates
766 875 842 938 sunt
877 862 1065 937 Orthodoxi
1099 864 1146 936 illi
1180 868 1236 959 qui
1269 886 1386 940 omnes
1420 867 1677 942 Protestantium

299 995 410 1061 sectas
437 981 727 1080 complectuntur?
753 980 831 1053 Non
859 1001 940 1052 sane
967 979 1166 1074 Anglicana‚
1193 983 1227 1050 in
1254 1003 1318 1074 qua
1343 980 1483 1054 vivebat
1507 981 1676 1075 Ecclesia,

300 1124 384 1196 quae
411 1103 511 1172 etiam
537 1099 711 1172 Ueserium
735 1094 954 1169 Calvinistsm
982 1097 1092 1189 potius
1118 1095 1271 1187 rigidum,
1299 1096 1579 1190 quamdoctrinae
1595 1122 1677 1174 suae

299 1220 516 1312 interpretem
551 1223 586 1285 et
618 1211 831 1284 defensorem
865 1219 1005 1304 experta
1040 1219 1101 1284 est.
1155 1209 1225 1283 Sed
1258 1209 1343 1281 haec
1369 1209 1548 1284 sufficiunt:
1576 1237 1677 1286 unum

301 1332 493 1424 adjiciemus
521 1351 586 1424 quo
614 1327 687 1402 solo
715 1327 915 1419 intelligetur
942 1334 1097 1420 quantum
1130 1323 1208 1396 fidei
1235 1325 1370 1398 eruditis
1398 1323 1462 1398 illis
1489 1325 1676 1401 hahendam

300 1451 352 1520 sit
410 1443 597 1518 Ecclesiam
632 1443 818 1515 Romanam
851 1441 1026 1533 jugulasse
1065 1438 1127 1512 sibi
1161 1440 1335 1530 videntur,
1372 1463 1447 1512 cum
1484 1453 1678 1514 enumerant

299 1560 511 1652 orientales,
545 1563 600 1654 qui
632 1580 694 1632 sua
724 1558 838 1649 lingua
872 1555 1044 1628 celebrant
1069 1555 1331 1628 Sacramentalia
1367 1555 1485 1628 officia.
1538 1557 1588 1629 lta
1615 1561 1676 1633 sit:
1757 1599 1761 1604 ·

300 1685 335 1748 at
360 1681 395 1748 in
420 1679 494 1770 ipsa
528 1671 612 1746 urbe
643 1672 753 1744 Roma
780 1671 903 1745 editum
930 1681 982 1744 est
1007 1671 1148 1744 Missale
1173 1669 1421 1765 Aethiopicum,
1449 1672 1573 1767 Syrum
1599 1676 1678 1745 item

299 1801 333 1864 et
358 1792 562 1864 Armcnum:
589 1788 678 1860 edita
705 1797 781 1861 sunt
806 1786 992 1879 Evangelia
1017 1786 1187 1878 Arabice,
1214 1787 1429 1860 Psalterium:
1455 1790 1520 1860 imo
1547 1791 1678 1882 integra

297 1909 413 1980 versio
449 1908 633 2000 scripturae
668 1901 818 1974 Arabica
855 1912 932 1974 ante
967 1923 1095 1997 paucos
1130 1923 1245 1976 annos.
1306 1901 1433 1975 Psalmi
1467 1902 1611 1996 Syrisce
1645 1914 1679 1978 ct

296 2019 447 2094 Arabico
473 2022 508 2089 in
534 2019 648 2090 Monte
683 2014 823 2089 Libano.
877 2018 915 2090 Si
948 2017 1032 2090 haec
1064 2021 1272 2111 nescierunt,
1306 2040 1366 2089 cur
1400 2017 1442 2090 de
1476 2017 1578 2092 rebus
1614 2018 1678 2093 sibi

297 2137 513 2229 incompertis
547 2130 720 2206 scribunt?
754 2135 783 2206 si
817 2132 1127 2224 dissimulaverunt,
1168 2131 1224 2204 ubi
1259 2141 1313 2204 est
1345 2131 1434 2204 bona
1468 2127 1576 2207 lidos?
1613 2133 1677 2218 Qui

297 2251 430 2342 linguas
458 2247 577 2344 quibus
605 2267 703 2320 sacra
728 2247 809 2318 liunt
835 2271 855 2319 a
881 2250 991 2322 mulus
1019 2248 1162 2323 saeculis
1189 2247 1280 2344 plebi
1306 2251 1438 2340 ignotas
1458 2270 1535 2323 esse
1554 2253 1675 2341 nescit,

297 2364 372 2461 plus
401 2368 502 2436 eliam
529 2387 625 2458 quam
653 2367 739 2436 inter
764 2384 827 2436 nos
842 2363 963 2436 Latina
983 2363 1105 2456 lingua,
1135 2363 1368 2459 discipulorum
1388 2365 1475 2434 inter
1501 2362 1675 2440 cathedras

298 2479 433 2575 plorare
456 2477 623 2571 jubendas
650 2487 712 2552 est.

829 2881 997 2964 salut
1030 2880 1100 2963 v11.

701 3105 754 3177 Dc
787 3108 1021 3202 Litai-piorem
1055 3109 1265 3179 Aatoac‘tote.

388 3346 451 3462 Si
478 3378 651 3473 quidquam
679 3381 714 3449 in
739 3381 779 3450 iis
807 3377 1053 3472 quaestionibus
1073 3400 1160 3473 quae
1177 3377 1276 3450 fidem
1298 3387 1333 3450 et
1359 3377 1564 3474 disciplinam
1591 3401 1678 3474 spe-

302 3505 390 3566 ctant
406 3492 623 3582 elucidandis,
650 3495 884 3586 gravissimam
911 3496 1120 3566 autoritatem
1146 3491 1259 3585 habet,
1285 3497 1506 3568 testimoninm
1533 3496 1679 3566 omnium

301 3609 529 3684 Ecclesiamm
565 3617 635 3697 est,
675 3611 894 3703 perscriptum
929 3609 1126 3700 antiquitus,
1167 3617 1201 3680 et
1240 3618 1425 3704 temporum
1461 3612 1678 3684 successione

303 3729 524 3798 continuatum
560 3734 594 3795 et
625 3732 833 3795 renovatum.
887 3723 1047 3814 Magnum
1079 3722 1143 3794 hoc
1174 3726 1209 3792 in
1242 3745 1371 3815 genere
1402 3725 1532 3818 pondus
1558 3723 1681 3796 habent

303 3849 434 3913 vetusta
461 3838 630 3929 Traditio,
665 3847 700 3909 et
724 3839 999 3912 consentientium
1034 3836 1077 3908 de
1102 3840 1290 3950 praecipuis
1317 3835 1394 3910 fidei
1421 3838 1681 3934 disciplinaeque

303 3955 466 4051 capitibus
501 3962 692 4026 sanctorum
724 3952 860 4026 Patrum
888 3956 1030 4048 scripta,
1064 3952 1211 4025 Decreta
1240 3949 1464 4026 conciliorum
1490 3955 1679 4048 etreliqua

303 4069 541 4142 Ecclesiastico
568 4078 787 4141 monumenta.
841 4067 910 4142 Sed
944 4071 1030 4141 inter
1062 4069 1117 4140 illa
1151 4071 1332 4142 maximam
1369 4069 1561 4163 dignitatem
1587 4068 1681 4142 ohti-

303 4193 383 4257 nent
407 4207 469 4274 ea,
505 4205 591 4278 quae
626 4186 725 4254 totius
759 4184 1004 4279 quodammodo
1036 4183 1212 4258 Ecclesiae
1244 4206 1365 4258 vocem
1400 4195 1434 4258 ct
1460 4187 1681 4260 testimonium

305 4297 473 4390 exhibent,
500 4300 576 4393 quia
602 4297 725 4391 ubique
752 4303 887 4392 cognita
914 4310 948 4371 et
973 4298 1112 4395 probata
1140 4308 1226 4392 sunt,
1254 4310 1288 4373 et
1313 4303 1347 4372 in
1367 4299 1431 4375 illis
1449 4324 1516 4374 non
1529 4300 1680 4398 Episco-

305 4435 422 4506 porum
455 4411 575 4503 modo,
607 4411 668 4486 sed
701 4413 810 4509 plebis
843 4418 942 4486 ctiam
975 4413 1133 4506 suffragia
1166 4417 1383 4488 continentur.
1443 4417 1544 4490 l'ales
1576 4438 1680 4512 porro

305 4535 378 4598 sunt
402 4525 590 4618 Liturgiae,
618 4527 660 4598 de
688 4528 806 4622 quibus
832 4529 896 4601 huc
915 4550 1022 4624 usque
1039 4529 1195 4622 diximus,
1221 4541 1256 4604 et
1282 4554 1417 4626 quarum
1436 4532 1680 4606 commendatio

303 4643 482 4736 praecipua
522 4662 589 4712 non
625 4650 693 4712 tam
726 4644 957 4718 anominihus
994 4667 1109 4718 eorum
1144 4644 1261 4740 quibus
1297 4645 1496 4736 tribuuntur,
1536 4670 1680 4742 quamn

305 4757 470 4826 communi
496 4777 559 4828 usu
575 4754 816 4850 Ecclesiaraun,
844 4783 929 4856 quae
956 4785 976 4834 a
1002 4760 1110 4834 mullis
1138 4761 1282 4834 saeculis
1310 4763 1352 4834 ad
1378 4763 1494 4836 altaria
1509 4767 1550 4836 iis
1576 4775 1681 4836 utun-

307 4877 368 4971 tur,
394 4870 628 4965 petendaest.
681 4873 769 4946 Nihil
795 4898 863 4948 nou
889 4878 993 4949 moliti
1020 4885 1096 4952 sunt
1109 4877 1352 4969 Protestantes,
1378 4889 1415 4951 ut
1441 4903 1499 4956 eas
1525 4890 1681 4975 tanquam

307 4989 531 5080 supposititias
558 4990 746 5082 rejicerent,
773 4991 862 5086 quod
888 4993 1016 5068 scilicet
1042 4991 1184 5065 saeculis
1210 4991 1328 5088 quibas
1347 4996 1492 5089 scriptae
1520 4995 1682 5084 dicunnu,

1717 3381 1893 3452 Litai-giorum
1912 3397 2004 3450 magna

1691 3483 1718 3518 ru
1733 3467 1924 3535 quaestionibus
1943 3467 2015 3519 fidei*

1694 3559 1733 3604 aet
1745 3553 1875 3608 autoritas.
