4686 6060
381 2831 437 2884 Nou
448 2832 538 2888 lavore
552 2835 651 2904 priuci-

344 2935 411 2988 pum.

672 553 747 628 382
1056 557 1656 639 unrnuuttnottl

671 741 807 832 dueum,
835 746 889 838 qui
916 745 978 838 ipsi
1005 747 1184 834 successit,
1219 746 1375 820 diuinitus
1411 750 1629 840 cognovisset
1664 751 1705 823 ad
1738 774 1812 824 earn
1844 753 2036 848 dignitatem

669 870 925 979 perventurum,
953 883 1028 931 eum
1056 861 1097 934 ad
1125 860 1278 936 diversos
1303 863 1524 961 Episcopatus
1537 867 1748 961 postulatum,
1777 868 1933 943 ordinare
1946 869 2036 969 Epi-

671 999 807 1073 scopum
833 974 992 1064 uoluerit,
1021 1000 1063 1049 ne
1090 980 1179 1050 viam
1206 977 1252 1049 illi
1279 978 1321 1051 ad
1347 981 1608 1055 Patriarchatum
1642 985 1883 1079 praecluderet.
1935 988 2035 1061 Plura

669 1093 825 1185 leguntur
848 1095 882 1165 iu
907 1097 977 1165 vita
1005 1091 1129 1165 Chailis
1156 1093 1275 1166 XLVI.
1303 1098 1375 1190 qui,
1402 1119 1476 1169 cum
1502 1097 1720 1188 electionem,
1752 1101 1808 1172 vel
1834 1106 1944 1199 potius
1977 1108 2035 1177 iu-

667 1215 849 1283 trusionem
875 1210 982 1281 isaaci
1009 1209 1168 1304 Episcopi
1195 1210 1416 1284 Harraueusis
1450 1216 1484 1284 iu
1519 1214 1632 1285 sedern
1659 1215 1901 1292 Antiochenam
1934 1241 2035 1292 corn-

668 1324 815 1422 prohare
837 1326 1010 1419 juberetur
1036 1323 1078 1396 ab
1099 1325 1242 1398 Abdalla
1260 1324 1464 1417 Abbassida,
1491 1332 1546 1422 qui
1564 1330 1795 1426 Metropolitas
1822 1335 1918 1423 duos,
1946 1333 2037 1429 quod

667 1444 807 1532 lsaaco,
834 1444 888 1514 cui
913 1440 1068 1529 favebat,
1095 1445 1216 1514 acriter
1240 1464 1304 1537 pro
1330 1443 1451 1516 hreuda
1478 1443 1651 1542 disciplina
1687 1455 1899 1539 resisterent,
1934 1453 2034 1522 occi-

668 1558 777 1651 derat,
803 1581 968 1653 nunquam
1001 1557 1117 1630 adduci
1148 1560 1270 1653 potuit,
1300 1569 1336 1632 ut
1371 1582 1445 1632 eam
1477 1570 1582 1634 ratam
1612 1561 1768 1641 baberet:
1802 1588 1959 1640 asserens
1994 1588 2034 1637 se

667 1676 841 1750 anathema
867 1674 1047 1747 secuudum
1075 1672 1231 1747 Capones
1257 1679 1497 1770 pronunciasse
1531 1678 1694 1756 adversus
1729 1703 1789 1756 eos
1825 1685 1880 1778 qui
1911 1681 2034 1756 lavoro

666 1795 849 1891 principum
876 1791 1131 1864 Ecclesiasticus
1165 1791 1342 1883 dignitates
1364 1791 1555 1884 ambirent,
1588 1805 1654 1868 tum
1688 1802 1743 1893 qui
1776 1822 1821 1873 ex
1853 1795 2032 1894 Episcopis

665 1908 878 1982 Patriarchae
904 1906 976 1978 lieri
1002 1916 1209 1980 conarentur.
1248 1907 1429 1981 Laudanda
1456 1931 1538 1983 sane
1564 1913 1597 1982 in
1623 1923 1690 1986 tam
1716 1927 1831 1987 sancta
1859 1913 2031 2008 disciplina

666 2024 899 2101 conservanda
933 2022 1138 2119 Coptitamm
1170 2023 1308 2118 religio,
1343 2048 1417 2096 cum
1448 2027 1482 2096 in
1518 2015 1668 2100 omuibus
1702 2027 1775 2101 aliis
1809 2031 1908 2103 sectis
1941 2027 2032 2101 nulla

664 2164 802 2238 prorsus
829 2145 913 2214 ratio
940 2138 1025 2212 illius
1051 2139 1163 2213 hahita
1188 2140 1296 2212 luerit.
1332 2139 1417 2212 Nam
1444 2151 1579 2237 praeter
1605 2165 1812 2218 communem
1838 2144 1924 2240 apud
1950 2143 2028 2216 Ne-

665 2262 832 2332 storianos
853 2257 1100 2330 translationem
1118 2255 1361 2352 Episcoporum
1387 2257 1428 2328 ad
1449 2258 1705 2332 Patriarchalem
1726 2261 1932 2353 dignitatem,
1951 2259 2030 2332 nihil

663 2377 696 2446 in
731 2374 860 2448 illorum
895 2371 1031 2446 historia
1063 2372 1286 2467 frequentius,
1320 2395 1417 2467 quam
1449 2374 1680 2448 translationes
1706 2375 1950 2472 Episcoporum
1986 2376 2029 2448 ad

664 2490 880 2588 Metropoles.
908 2491 956 2563 lta
982 2488 1103 2560 lactum
1130 2485 1216 2584 apud
1242 2488 1350 2584 Syros
1378 2488 1548 2562 Jacohitas
1576 2490 1715 2564 Graecis
1741 2496 1889 2584 vicium,
1916 2497 1970 2588 qui
1995 2496 2028 2565 iu

663 2611 726 2678 ista
753 2610 932 2678 mutatione
959 2605 1083 2678 sedium
1111 2603 1242 2676 modum
1269 2627 1288 2674 a
1320 2604 1428 2677 multis
1465 2607 1608 2681 saeculis
1639 2606 1760 2680 nullum
1794 2619 1921 2696 teuent,
1954 2630 2027 2680 cum

664 2722 819 2795 Ecclesia
844 2723 1017 2809 Romana,
1045 2742 1150 2815 usque
1176 2720 1217 2790 ad
1243 2720 1441 2794 Formosum
1467 2745 1509 2795 ea
1536 2723 1795 2819 reprehensione
1822 2727 1975 2798 caruerit.

766 2838 883 2910 LXlll.
908 2836 1114 2910 Duodecimn
1141 2837 1307 2926 conditio,
1333 2859 1376 2909 ne
1403 2841 1476 2933 quis
1502 2837 1622 2912 lavore
1647 2841 1828 2938 principum
1855 2850 1911 2914 aut
1943 2864 2027 2913 sae-

664 2954 840 3045 cularium,
866 2953 1125 3026 Patriarchatum
1153 2950 1308 3044 ambiret,
1332 2956 1387 3049 qui
1412 2953 1553 3028 ambitus
1583 2977 1651 3027 non
1682 2960 1801 3032 minori
1834 2960 2027 3048 severitate,

666 3081 819 3167 quantum
837 3071 878 3142 ud
898 3071 1042 3166 reliquas
1061 3069 1237 3162 dignitates
1252 3069 1523 3159 Ecclesiasticus,
1552 3072 1723 3144 damnatus
1741 3083 1801 3145 est.
1828 3072 1898 3146 Vix
1915 3084 2026 3146 tamen

664 3187 838 3284 quidquam
866 3198 918 3260 est
943 3192 978 3258 in
1003 3210 1068 3281 quo
1094 3186 1231 3259 liberius
1258 3196 1292 3258 et
1316 3186 1535 3282 impudentius
1553 3187 1745 3260 alacohitis
1762 3199 1795 3260 et
1811 3189 1883 3261 aliis
1898 3187 2025 3262 Orien-

662 3303 781 3376 talibus
809 3303 959 3376 omnihus
985 3312 1158 3399 peccatum
1185 3303 1301 3392 luerit,
1328 3314 1362 3375 et
1386 3295 1544 3398 peccetur
1570 3303 1723 3398 quotidie.
1757 3303 1938 3378 Ambitioui
1965 3309 2026 3379 vi-

660 3443 773 3493 rorum
807 3423 980 3516 impiorum
1012 3419 1205 3492 latissimam
1238 3423 1327 3490 mam
1364 3422 1491 3515 apennit
1523 3419 1838 3494 bluhamadauorum
1871 3425 2027 3510 avaritia,

661 3559 747 3633 quae
772 3540 916 3608 nuatum
943 3535 1107 3632 quoddam
1134 3534 1220 3630 apud
1247 3556 1363 3608 omues
1389 3517 1506 3608 uitium
1530 3535 1608 3608 luit:
1635 3536 1719 3608 adeo
1744 3547 1781 3608 ιιι
1805 3539 1936 3609 nonnisi
1963 3535 2026 3610 sub

661 3656 791 3750 optimis
818 3651 1038 3749 principibus,
1071 3651 1186 3747 quales
1220 3651 1307 3748 apud
1333 3673 1394 3725 eos
1428 3653 1619 3747 paucissimi
1652 3655 1846 3740 extiterunt,
1883 3652 2026 3746 aliquam

660 3766 836 3841 Christiani
869 3772 901 3840 iu
942 3768 1103 3861 eligendis
1136 3767 1336 3840 Patriarchis
1377 3771 1446 3841 suis
1478 3755 1667 3840 libertatem
1706 3771 1926 3841 servaverint.
1986 3768 2026 3840 ln

658 3886 840 3980 Aegypto,
867 3909 914 3956 ex
938 3885 1115 3981 privilegio
1143 3884 1233 3979 quod
1258 3907 1278 3954 a
1304 3887 1417 3981 primis
1435 3882 1548 3958 Calihs
1569 3882 1791 3971 obtinuerant,
1818 3882 1941 3956 licebat
1957 3883 2024 3956 illis

658 3999 837 4072 secundum
864 3999 959 4094 leges
987 4009 1020 4072 et
1045 4003 1189 4074 instituta
1216 4022 1276 4072 sua
1303 4003 1433 4073 vivere.
1459 4001 1506 4073 At
1531 4001 1618 4096 apud
1643 3998 1823 4087 barbaros,
1852 4004 1906 4096 qui
1924 3998 2022 4071 arhi-

657 4113 828 4190 trahautru
854 4117 1049 4213 obsequium
1074 4139 1112 4189 se
1138 4127 1311 4213 praestare
1338 4117 1431 4206 Deo,
1458 4119 1487 4189 si
1513 4114 1720 4200 Christianos
1746 4116 1920 4189 durissima
1940 4138 2021 4190 ser-

656 4238 759 4308 vitute
787 4231 990 4327 ailligereut,
1019 4245 1052 4307 et
1079 4237 1225 4329 quinon
1252 4231 1485 4325 aliamlcgem
1512 4255 1610 4327 quam
1642 4232 1731 4328 quod
1762 4233 1907 4328 Principi
1939 4233 2021 4329 pla-

657 4363 784 4444 cuerat,
811 4348 1052 4447 sequebantur,
1070 4371 1218 4442 magnas
1251 4370 1355 4443 saepe
1381 4347 1495 4420 turbas
1521 4350 1728 4443 privatorum
1755 4347 1889 4420 ambitio
1916 4351 2020 4420 exci-

655 4471 750 4558 tavit,
777 4479 814 4540 ut
838 4471 872 4539 iu
898 4466 1045 4539 Historia
1081 4475 1193 4538 nostra
1225 4465 1335 4537 multis
1369 4464 1533 4560 exemplis
1566 4463 1788 4536 confirmatu.
1839 4462 1885 4534 Et
1910 4473 2021 4536 mmeu

656 4584 825 4680 plerisque
852 4583 991 4657 ambitus
1027 4605 1106 4655 suus
1137 4580 1264 4653 fraudis
1298 4579 1376 4652 hut:
1412 4601 1485 4652 eum
1525 4583 1611 4652 iuter
1645 4581 1852 4676 septuaginta
1878 4589 2021 4674 quatuor

594 4699 600 4714 '
655 4698 886 4789 Patriarchas,
923 4722 1062 4795 quorum
1091 4703 1112 4770 'a
1138 4698 1179 4774 Ι).
1206 4697 1323 4769 Marco
1356 4695 1399 4767 ad
1426 4692 1588 4792 Cyrillum
1621 4718 1677 4769 res
1704 4705 1819 4789 gestas
1845 4694 2019 4785 habemus,

656 4839 699 4887 ue
726 4839 809 4888 uuus
837 4816 965 4912 quidem
994 4824 1148 4889 occurrat
1181 4813 1335 4885 mandato
1362 4810 1572 4884 Sultauorum
1605 4813 1650 4882 ita
1677 4810 1862 4901 ordinatus,
1888 4822 1924 4882 ut
1949 4832 2019 4882 uou

656 4933 834 5023 majorem,
861 4942 917 5004 aut
943 4930 1083 5027 aliquam
1116 4931 1233 5003 saltem
1267 4950 1335 5001 nou
1367 4927 1639 5000 contemnendam
1673 4925 1902 5019 suffragiorum
1927 4948 2017 5022 par-

656 5056 723 5119 tem
749 5047 868 5120 tulerit.
921 5046 1018 5138 Nam,
1044 5057 1080 5118 ut
1106 5049 1255 5142 superius
1282 5043 1496 5120 observatum
1523 5053 1586 5136 est,
1614 5067 1687 5115 cum
1714 5064 1782 5116 nou
1807 5039 1921 5112 haberi
1949 5063 2018 5113 co-
