4760 6038
624 527 788 614 ‘LXXXII
1154 543 1545 622 DISSERTATIO

628 741 664 804 et
682 753 780 806 sacra
798 730 984 814 Christiana
999 728 1210 804 celebrasse:
1236 726 1327 828 Syra
1341 741 1451 804 antem
1468 731 1599 824 lingua,
1627 753 1724 828 quam
1741 731 1850 806 eidem
1864 733 1993 808 llioro-

627 850 852 946 solymitonae
877 845 1019 920 dialecto
1040 849 1223 946 ,conjuncta
1250 850 1310 938 sit,
1336 869 1436 920 nemo
1463 851 1607 940 ignorat
1650 847 1736 922 Hinc
1752 859 1801 922 tot
1816 851 1993 948 Syrorum,

629 968 695 1039 imo
718 964 998 1055 Christianorum,
1025 965 1081 1058 qui
1105 963 1163 1035 vel
1179 961 1313 1036 Novum
1333 963 1581 1036 Testamentum
1597 963 1774 1060 Syriacum
1792 967 1850 1040 vel
1866 966 1993 1040 Gram-

628 1084 766 1153 maticos
793 1079 985 1170 ediderrmt,
1014 1077 1209 1152 fastidiosae
1234 1075 1469 1178 παραβάσεις
1494 1080 1537 1152 de
1571 1078 1689 1152 eadem
1721 1081 1835 1174 lingua
1859 1083 1992 1158 Christo

626 1196 826 1287 vernacula,
853 1196 895 1268 de
921 1195 1081 1268 Matthaei
1106 1194 1295 1288 Evangelio
1322 1195 1509 1286 Hebraico,
1543 1218 1626 1291 quas
1654 1196 1820 1270 discutere
1846 1221 1915 1272 non
1941 1211 1995 1272 est

627 1311 722 1406 hujus
757 1312 834 1386 loci.
893 1311 1020 1384 Verum
1053 1315 1256 1404 argumentis
1290 1334 1376 1407 quae
1408 1335 1429 1386 a
1460 1311 1633 1386 verisimili
1666 1318 1735 1410 peti
1767 1326 1926 1424 possunt,
1958 1326 1995 1388 ιιι

627 1428 683 1502 illa
711 1451 796 1524 quae
823 1431 1011 1522 tetigimus,
1037 1439 1202 1524 repugnat
1228 1428 1322 1510 color
1347 1431 1421 1524 ipse
1448 1427 1629 1520 Orationis,
1655 1431 1742 1526 quae
1756 1430 1994 1504 Hellenismrun

626 1549 660 1618 in
686 1543 795 1618 multis
821 1548 866 1617 ita
893 1542 1015 1632 refert,
1041 1553 1078 1615 nt
1102 1541 1277 1616 manifesto
1290 1543 1454 1616 Graecam
1474 1546 1639 1638 originem
1665 1545 1845 1638 significet,
1871 1569 1994 1642 quarn·-

626 1665 681 1734 vis
712 1683 833 1756 preces
865 1681 970 1757 prope
1005 1680 1122 1732 omnes
1154 1659 1269 1734 verbis
1307 1670 1341 1731 ει
1379 1663 1549 1733 sententiis
1583 1663 1754 1756 utriusque
1788 1662 1994 1738 Testamenti

627 1788 828 1868 contextae,
853 1797 920 1848 non
945 1785 1072 1848 certum
1097 1774 1241 1850 habeant
1267 1797 1314 1848 ex
1344 1775 1518 1849 idiotismis
1544 1774 1760 1850 Orientalium
1795 1776 1993 1872 linguarum,

627 1898 683 1990 qui
709 1897 744 1966 in
770 1891 935 1965 Graecam
960 1895 1214 1984 migraverunt,
1239 1895 1439 1987 peregrinae
1464 1892 1599 1986 linguae
1625 1891 1788 1967 indicium.
1828 1893 1898 1967 Sed
1922 1917 1994 1967 no-

626 2014 750 2085 minum
776 2011 1034 2108 compositorum
1063 2007 1180 2103 quihus
1207 2006 1285 2081 illae
1317 2007 1451 2100 linguae
1480 2021 1614 2101 carent,
1646 2010 1894 2106 verborumque
1925 2011 1993 2083 ali-

627 2125 759 2221 quando
785 2147 853 2199 non
879 2135 972 2198 recta
999 2127 1246 2219 interpretatio,
1280 2121 1433 2198 Graecos
1463 2123 1575 2199 fontes
1608 2129 1654 2198 ita
1687 2129 1863 2224 perspicue
1897 2127 1993 2202 desi-

627 2251 732 2336 gnat,
759 2249 797 2313 ut
820 2240 885 2313 allo
913 2261 1034 2337 preces
1061 2261 1177 2313 omnes
1203 2238 1281 2312 illae
1306 2239 1427 2312 referri
1451 2263 1519 2314 non
1544 2246 1682 2338 possint

358 2385 466 2438 veteres
483 2384 614 2454 taragna
730 2359 819 2431 Xlll.
851 2356 1006 2453 Nempe,
1042 2355 1132 2451 quod
1166 2355 1244 2427 alihi
1278 2361 1464 2430 accuratius
1490 2369 1665 2431 tractatum
1693 2369 1762 2449 est,
1786 2381 1864 2432 non·
1879 2362 1993 2455 primis

304 2467 427 2570 ΕΜ,
444 2473 533 2538 primia
554 2487 614 2524 ¹³⁰·
626 2474 802 2548 Ecclesiae
838 2474 981 2547 saeculis
1017 2495 1137 2546 sacrae
1169 2476 1354 2565 orationes,
1389 2473 1579 2566 Liturgicae
1614 2477 1828 2570 praesertim,
1868 2479 1993 2572 scripto

304 2558 614 2698 :pappscapaeaonne-
628 2590 787 2681 traditae,
813 2588 874 2664 sed
900 2592 1099 2680 memoriae,
1125 2611 1193 2661 non
1220 2591 1325 2661 minus
1353 2613 1451 2684 guam
1477 2589 1592 2662 Oratio
1627 2589 1790 2662 dominica
1825 2600 1859 2661 ct
1885 2591 1993 2688 Sym·-

627 2707 753 2798 holum,
779 2695 956 2779 mandata‘e
983 2715 1066 2780 sunt.
1092 2706 1137 2777 Et
1162 2710 1248 2777 inter
1275 2707 1338 2778 alia
1364 2705 1463 2778 multa
1491 2727 1578 2802 quae
1603 2705 1792 2797 traditione,
1820 2729 1886 2778 non
1912 2707 1993 2780 lite·

306 2817 344 2870 ⁰⁶
356 2819 398 2888 δι·
411 2827 505 2872 '‘tm-
520 2835 542 2868 ⁶·
552 2819 587 2868 2⁷
589 2858 595 2871 ·
630 2827 677 2895 ris
705 2823 747 2894 ad
774 2845 836 2896 nos
863 2832 1107 2920 pervenerunt,
1132 2832 1284 2895 numerat
1309 2824 1351 2895 l).
1376 2821 1519 2895 Basilius
1552 2823 1659 2894 cerdo
1689 2845 1814 2894 coerce
1840 2825 1992 2896 lacoco-

627 2943 730 3012 tionis
754 2944 791 3012 ia
819 2943 1077 3012 consecratione
1098 2944 1203 3034 pcata
1228 2946 1263 3010 et
1286 2942 1367 3011 cici.
1393 2938 1520 3013 Verum
1535 2949 1604 3028 ast,
1631 2938 1727 3012 aliter
1741 2938 1994 3035 acceptaluisse

544 3051 549 3062 ’
626 3061 730 3133 sancti
767 3058 924 3130 Doctoris
954 3054 1061 3128 verha
1099 3079 1118 3127 a
1154 3055 1254 3129 Card.
1280 3055 1499 3145 Bellarmino,
1539 3055 1597 3128 sed
1639 3066 1673 3127 et
1703 3055 1745 3128 ab
1780 3054 1851 3129 aliis
1878 3067 1993 3130 nostra

627 3181 737 3245 aetate
763 3170 966 3265 Theologis,
993 3175 1048 3267 qui
1075 3190 1116 3243 ea
1143 3171 1185 3244 ad
1210 3171 1438 3245 Eucharistiae
1465 3175 1688 3245 ostensionem
1716 3183 1750 3244 et
1765 3173 1992 3245 adorationem

626 3286 777 3381 trahunt,
812 3288 872 3360 sed
902 3307 1042 3383 prorsus
1074 3286 1238 3359 inutiliter.
1299 3287 1383 3360 Nam
1421 3286 1462 3358 ad
1495 3285 1722 3359 Eucharistiae
1755 3287 1991 3378 elevationem,

627 3428 725 3500 qnam
751 3406 953 3477 ostensionis
978 3425 1067 3475 voce
1098 3403 1266 3496 designari
1299 3425 1362 3500 per
1395 3403 1511 3475 inlidas
1539 3407 1715 3476 versiones
1748 3403 1878 3500 decepti
1912 3407 1992 3475 exi-

626 3525 861 3608 stimaverrmt,
888 3517 976 3590 nulla
1002 3531 1077 3592 sunt
1109 3541 1229 3593 sacrae
1253 3516 1477 3617 Ἐπικλήσεως
1510 3541 1570 3592 seu
1605 3521 1838 3592 lacocctioca'a
1869 3519 1992 3592 verha:

626 3660 745 3710 verum
772 3637 814 3710 ah
842 3636 896 3708 illa
923 3639 1075 3710 oratione
1102 3660 1188 3731 quae
1213 3659 1341 3710 sacram
1370 3639 1533 3708 actionem
1568 3639 1735 3724 terminat,
1770 3646 1805 3708 ει
1840 3633 1994 3728 designat

628 3763 908 3844 consummatam,
936 3756 1221 3826 consecrationem
1249 3756 1322 3825 sive
1342 3749 1565 3852 Ἱερευργίαν,
1588 3751 1675 3847 apud
1699 3761 1834 3824 veteres
1862 3762 1995 3824 autores

627 3869 806 3963 significari
833 3869 911 3943 alibi
938 3879 991 3941 est
1017 3869 1282 3942 demonstratum.

324 4022 491 4091 c„,„„„,
512 4021 614 4076 θηρῶ,
729 3987 821 4058 XIV.
849 3984 1124 4079 Quandoquidem
1149 4007 1233 4057 vero
1261 3986 1369 4058 multis
1389 3983 1573 4057 rationibus
1593 3983 1746 4086 efficitur,
1772 3984 1869 4053 etiam
1886 3985 1991 4077 ipsas,

305 4109 447 4194 derivatae.
628 4123 764 4195 quarum
800 4103 974 4197 antiquitas
1011 4105 1191 4197 praecipua
1226 4112 1298 4191 est,
1340 4099 1526 4175 Orientales
1558 4099 1726 4191 Litorgias
1758 4119 1913 4169 manasse
1948 4121 1994 4170 ex

628 4215 768 4291 Graecis
795 4216 958 4308 iontihns,
984 4216 1083 4312 idqnc
1110 4239 1178 4289 non
1204 4221 1310 4289 minus
1337 4217 1379 4289 de
1406 4216 1557 4314 Syriacis
1573 4215 1849 4287 Nestorianorum
1868 4235 1993 4286 summe

627 4337 788 4426 vetustis,
822 4357 918 4432 qnam
953 4333 995 4404 de
1028 4331 1149 4407 Jacohi
1180 4333 1288 4430 Syra,
1324 4357 1410 4429 quac
1442 4332 1647 4406 Orthodoxis
1679 4340 1714 4402 ct
1747 4328 1992 4425 Menophysitis
2051 4331 2055 4338 ’

629 4455 811 4524 communis
839 4460 908 4541 est,
936 4451 1043 4546 (quod
1070 4455 1152 4524 satis
1179 4451 1398 4542 demonstrat,
1425 4448 1573 4543 ejusdem
1600 4456 1676 4520 ante
1698 4443 1874 4518 schismata
1897 4469 1992 4518 usum

629 4567 715 4663 apud
748 4567 856 4664 Syros
887 4569 1038 4660 viguisse
1046 4567 1076 4659 ,l
1110 4564 1196 4638 idem
1231 4570 1353 4664 potiori
1384 4570 1459 4660 jnrc
1493 4565 1535 4636 de
1571 4562 1719 4658 Copticis
1753 4563 1850 4636 statui
1883 4560 1991 4634 dehet

628 4683 763 4756 Marcus
783 4683 1012 4756 Alexandriae
1037 4682 1258 4777 Evangelium
1284 4680 1508 4780 praedicavit,
1533 4691 1570 4752 nt
1596 4680 1694 4752 etiam
1721 4701 1782 4774 per
1798 4678 1992 4772 Aegyptam

628 4809 750 4872 totam:
769 4799 1059 4872 Sacramentorum
1075 4802 1174 4891 igitur
1196 4798 1469 4873 celebrandorum
1490 4796 1615 4870 formas
1641 4797 1837 4893 praesertim
1853 4791 1992 4865 Eucha-

627 4919 743 4989 ristiae
769 4915 921 5005 tradidit,
947 4913 1008 4988 sed
1035 4914 1124 5009 quod
1149 4913 1221 4988 illas
1249 4921 1372 5012 scripto
1398 4912 1584 5004 tradiderit,
1610 4934 1678 4984 non
1704 4919 1843 4986 constat.
1871 4909 1992 4995 Quan-

628 5031 670 5104 do
691 5032 774 5106 haec
793 5032 897 5105 ollicia
923 5035 956 5104 in
974 5031 1089 5102 literas
1112 5035 1213 5105 missa
1237 5044 1329 5127 sunt,
1355 5030 1505 5125 vulgaris
1525 5040 1596 5103 erat
1613 5027 1841 5101 Alexandriae
1861 5027 1994 5099 Graeca
