4736 6064
657 545 912 622 nummum
943 543 1211 622 Jrooonrauu
1236 521 1509 618 rlrutnoms.
1692 539 1766 614 ml

395 735 555 806 scientiae
580 734 645 806 Dei
671 731 852 806 secundum
879 753 982 828 opera
1017 733 1090 823 ejus
1117 727 1341 802 inscrutabilia
1354 727 1500 813 Domini,
1529 728 1673 798 omnium
1700 747 1770 796 no-

396 859 499 922 strum
526 847 650 922 Christi
681 850 758 920 veri
783 846 863 918 Dei:
900 849 956 942 qui
988 849 1084 918 novit
1116 848 1227 918 omnia
1261 852 1451 938 antequam·
1464 839 1556 914 fiant:
1584 844 1640 936 qui
1667 865 1770 916 scru-

394 971 482 1036 tatur
508 965 611 1038 corda
638 974 673 1036 et
698 984 797 1034 renes
824 961 1007 1036 hominum:
1043 963 1098 1055 qui
1129 983 1296 1055 nunquam
1323 969 1436 1032 cessat
1470 982 1491 1030 a
1525 957 1666 1030 consilio
1694 981 1769 1029 cum

394 1081 494 1152 Patre
521 1088 554 1151 et
579 1078 705 1175 Spiritu
731 1087 861 1166 sancto,
884 1077 1038 1169 judicans
1073 1076 1254 1149 secundum
1285 1077 1458 1147 veritatem
1493 1085 1526 1146 et
1553 1075 1768 1168 aequitatem:

395 1193 483 1289 apud
509 1216 606 1288 quem
632 1193 795 1266 reconditi
822 1203 897 1266 sunt
922 1194 1036 1284 magni
1063 1194 1247 1287 sapientiae
1273 1190 1429 1264 thesauri.
1461 1187 1519 1260 Ille
1547 1190 1647 1280 igitur
1663 1209 1770 1282 nuper

396 1319 552 1404 tanquam
578 1309 741 1382 Dominus
765 1329 870 1381 verus
897 1310 1045 1401 suscepit
1079 1307 1121 1378 ad
1157 1330 1195 1382 se
1228 1307 1364 1379 divitem
1390 1303 1542 1378 omnibus
1569 1301 1667 1375 bonis
1693 1303 1793 1374 Pa·-
1863 1346 1866 1354 ·

398 1436 481 1496 trem
509 1435 660 1498 nostrum
687 1423 915 1498 Patriarcham
945 1421 1047 1496 Abba
1078 1423 1121 1495 N.
1154 1427 1209 1518 qui
1236 1423 1375 1496 obtinuit
1406 1430 1532 1494 sortem
1568 1429 1769 1492 sauctorum.

397 1538 513 1612 Visum
541 1549 594 1612 est
620 1542 719 1631 igitur
743 1539 841 1612 nobis
867 1547 964 1634 prout
989 1542 1175 1612 necessitas
1202 1536 1380 1631 exigebat,
1412 1540 1616 1630 congregari
1642 1557 1771 1608 secun-

397 1653 473 1727 dum
508 1652 665 1729 Canones
697 1657 917 1751 Apostolicos
949 1657 1093 1726 unanimi
1124 1675 1310 1744 consensu,
1349 1675 1412 1728 nos
1449 1653 1578 1726 scilicet
1607 1651 1770 1747 Episcopi

396 1773 546 1862 regionis
572 1771 736 1866 Aegypti,
764 1770 926 1866 simulque
941 1769 1061 1844 Clerus
1089 1780 1122 1842 et
1148 1770 1290 1866 populus
1318 1791 1462 1862 magnae
1487 1768 1580 1841 urbis
1606 1769 1768 1841 Alexan-

397 1885 502 1975 driae,
529 1909 602 1958 curn
630 1884 793 1980 aliquibus
820 1909 866 1957 ax
892 1889 1056 1980 primariis
1081 1888 1243 1982 Aegypti.
1270 1884 1459 1979 llahitoque
1486 1889 1572 1957 inter
1597 1905 1660 1957 nos
1679 1905 1769 1956 con-

397 2002 471 2074 silio
497 2002 606 2074 Deum
634 2000 887 2075 obsecravimus
913 2012 950 2073 ut
974 2001 1072 2076 nobis
1100 2002 1189 2097 quod
1225 2006 1382 2097 optimum
1415 1999 1504 2074 iactu
1539 2009 1632 2072 esset
1656 2001 1771 2072 mani-

396 2116 547 2206 lestarct,
575 2121 848 2213 suscepimusque
875 2121 938 2190 iter
965 2118 1007 2190 ad
1035 2117 1168 2189 deserta
1195 2127 1325 2190 remota
1352 2117 1481 2206 Sectis,
1513 2125 1546 2188 et
1574 2115 1615 2187 ad
1643 2114 1771 2186 Nitriae

396 2242 555 2323 montem,
582 2254 771 2326 magnoque
799 2233 906 2306 studio
934 2237 1176 2328 quaesivimus,
1212 2236 1342 2328 quinam
1376 2232 1495 2324 dignus
1528 2230 1618 2304 foret
1649 2253 1771 2322 magua

397 2346 452 2419 ille
479 2345 662 2420 Pontificali
690 2347 869 2439 dignitate:
897 2352 952 2443 qui
978 2358 1135 2445 pasceret
1161 2370 1223 2422 nos
1249 2352 1284 2420 in
1307 2352 1363 2420 vla
1379 2350 1524 2436 Domini,
1552 2359 1586 2419 ct
1612 2348 1773 2440 dirigeret

397 2483 460 2536 nos
487 2464 530 2535 ad
556 2473 687 2558 portum
714 2463 901 2536 Ecclesiae.
1751 2543 1758 2555 ,

360 2611 363 2617 ·
502 2577 652 2673 Cumque
678 2588 876 2674 perspectus
901 2578 999 2652 nobis
1028 2589 1120 2653 esset
1146 2583 1284 2652 amantis
1311 2579 1477 2654 Christum
1503 2578 1594 2651 urbis
1612 2579 1772 2654 Alexan-

397 2692 489 2765 driae
522 2716 617 2767 amor
643 2715 726 2786 erga
753 2706 867 2790 patres
905 2717 1005 2786 suos,
1033 2698 1251 2790 sincerasque
1278 2696 1389 2768 cordis
1417 2695 1553 2768 allectus
1581 2717 1664 2789 erga
1691 2713 1772 2767 suos

396 2808 592 2904 praesules,
625 2812 787 2882 sciremus
823 2813 920 2883 etiam
953 2810 1044 2883 nolle
1071 2833 1131 2885 eos
1160 2812 1278 2885 diutius
1306 2811 1475 2907 orphanos
1502 2833 1687 2900 remanere,
1714 2809 1773 2880 id-

396 2927 487 2996 eirco
514 2925 622 2996 visum
650 2935 703 2996 est
727 2925 826 2999 nobis
853 2925 1017 3021 perlicere
1043 2947 1128 3022 opus
1147 2927 1224 3016 Dei,
1250 2925 1433 3001 bonitatem
1450 2930 1523 3021 ejus
1540 2927 1773 3021 deprecantes,

397 3049 599 3135 orantesque
627 3041 870 3132 ardentissime,
895 3039 1077 3132 vigilantes
1102 3065 1165 3138 per
1190 3053 1308 3115 noctes
1335 3048 1368 3115 in
1396 3046 1563 3129 oratione,
1597 3051 1633 3113 ut
1659 3044 1772 3114 mani-

395 3153 535 3228 festaret
561 3156 658 3228 nohis
686 3158 758 3249 quis
785 3153 874 3227 soret
900 3156 1041 3230 idoneus
1068 3157 1175 3230 officio
1210 3158 1422 3244 mediatoris,
1458 3169 1493 3230 ut
1526 3179 1601 3229 eum
1627 3179 1773 3254 promo-

398 3292 557 3343 veremus
593 3269 636 3342 ad
670 3269 810 3362 gradum
846 3269 936 3342 illum
970 3271 1104 3344 Ordinis
1130 3271 1342 3346 Pontificalis.
1395 3272 1447 3344 Ea
1478 3283 1617 3368 propter
1642 3284 1773 3345 matura
1902 3303 1906 3308 ·

397 3385 637 3459 deliberatione
669 3383 800 3476 habita,
834 3390 995 3459 convenit
1026 3391 1113 3464 inter
1144 3410 1208 3460 nos
1235 3398 1270 3460 ut
1295 3391 1539 3483 respiceremus
1567 3386 1608 3457 ad
1636 3409 1773 3460 servum

396 3502 473 3592 Dei,
500 3500 742 3596 Presbyterum
768 3511 803 3574 et
833 3505 1016 3598 piissimum
1043 3501 1262 3592 Monachum,
1296 3502 1499 3576 habitantem
1530 3507 1564 3575 in
1597 3504 1773 3598 praeclara

397 3616 508 3690 Laura
535 3619 640 3690 sancti
666 3617 775 3691 Patris
808 3623 913 3692 nostri
945 3617 1090 3691 Abbatis
1123 3619 1164 3690 N.
1193 3630 1360 3709 ascetam,
1394 3623 1449 3715 qui
1479 3624 1513 3691 in
1540 3620 1656 3692 eadem
1684 3620 1773 3692 edu-

397 3745 493 3806 catus
520 3741 584 3822 est,
612 3755 631 3802 a
657 3735 762 3828 pn'ma
789 3756 849 3808 sua
877 3743 987 3806 aetate
1015 3735 1076 3808 sub
1098 3734 1238 3830 pedibus
1265 3725 1603 3808 Patrumnostrcrum
1630 3746 1773 3809 sancto-

396 3869 488 3920 rum:
515 3851 731 3943 percepitque
758 3853 900 3942 gratiam
927 3852 1087 3944 ipsorum,
1115 3853 1200 3922 sicut
1225 3850 1379 3924 Elisaeus
1407 3875 1481 3923 cum
1509 3850 1584 3924 Elia
1601 3850 1774 3943 Thesbite,

398 3984 461 4058 per
495 3961 639 4035 habitum
672 3963 890 4056 Angelicum:
924 3977 959 4038 ut
1002 3969 1159 4061 scriptum
1195 3976 1246 4038 est
1286 3969 1319 4039 in
1354 3967 1553 4062 Apostolico
1599 3989 1773 4040 sermone:

397 4081 521 4152 scimus
548 4081 704 4174 quoniam
731 4079 943 4173 diligentibus
970 4083 1091 4172 Deum,
1118 4082 1256 4174 adjuvat
1281 4084 1355 4177 ipsc
1380 4080 1455 4154 illos
1492 4082 1535 4154 ad
1562 4102 1660 4155 omne
1686 4104 1771 4178 opus

395 4191 533 4284 bonum,
560 4196 600 4267 iis
628 4198 683 4289 qui
707 4199 823 4270 vocati
849 4207 926 4270 suut
952 4197 1133 4270 secundum
1159 4202 1365 4293 propositum
1397 4199 1577 4270 voluntatis
1612 4219 1709 4270 suae:
1737 4205 1771 4267 et

397 4329 482 4402 quos
515 4312 715 4404 praescivit,
746 4310 809 4384 hos
843 4322 877 4383 et
909 4313 1187 4408 praedestinavit:
1224 4325 1257 4386 et
1291 4335 1375 4409 quos
1402 4313 1682 4408 praedestinavit,
1708 4311 1771 4386 hos

395 4427 551 4496 vocavit:
587 4447 671 4520 quos
705 4429 852 4514 vocavit,
878 4426 942 4501 hos
970 4439 1004 4501 et
1025 4429 1235 4521 justificavit:
1270 4441 1304 4502 et
1336 4451 1421 4524 quos
1450 4428 1662 4522 Justihcavit,
1695 4428 1772 4500 illos

396 4538 607 4630 glorifieavit.
660 4540 704 4612 Et
729 4543 847 4613 iterum
880 4546 926 4615 ait
956 4545 1160 4640 Apostolus:
1195 4566 1295 4619 nemo
1331 4545 1423 4618 solus
1456 4548 1578 4640 accipit
1611 4544 1773 4616 honorem

396 4675 443 4724 ex
469 4675 509 4728 se
535 4659 622 4751 ipso,
650 4656 711 4728 sed
739 4659 794 4750 qui
820 4670 961 4732 vocatus
989 4671 1042 4734 est
1069 4685 1089 4734 a
1114 4662 1190 4734 Deo
1222 4669 1379 4756 tanquam
1404 4660 1542 4733 Aaron:
1576 4663 1621 4731 ita
1657 4679 1773 4732 omnes

397 4772 451 4862 qui
477 4780 555 4867 post
581 4792 654 4843 eum
682 4781 849 4843 venerumt
874 4776 1055 4849 secundum
1082 4789 1234 4872 tempora
1262 4786 1297 4848 et
1307 4779 1558 4871 generationes,
1584 4775 1648 4848 huc
1668 4797 1775 4871 usque

395 4894 429 4954 et
454 4907 559 4980 usque
586 4885 628 4957 ad
654 4892 976 4964 consummationem
1002 4890 1098 4984 hujus
1126 4889 1261 4964 saeculi.

1484 5007 1568 5082 74*
