4778 6034
514 566 564 641 DE
580 562 836 640 LllURGlAllUll
854 561 1109 638 ORlEllTALlUM
1126 561 1276 639 ORIGINE
1292 559 1603 639 sulmontinus.
1672 559 1753 632 LXI

376 769 497 846 parem
522 746 786 820 Eucharistioum
813 745 979 836 dividunt,
1013 745 1153 818 dicendo
1185 745 1298 834 simul,
1337 769 1423 818 anus
1454 747 1593 818 militem
1627 747 1751 818 larteso

376 865 465 937 lotae
491 871 564 957 1111
590 868 746 958 operuit:
775 885 893 958 aquam
920 861 1061 934 calidam
1090 861 1185 934 calici
1211 865 1385 932 immittant
1409 861 1511 956 paulo
1544 873 1621 934 ante
1648 884 1750 934 com-

377 983 575 1053 munionem.
628 979 723 1052 llaec
742 989 792 1051 ·et
825 977 943 1052 similia
976 975 1085 1050 Latini
1117 979 1239 1066 nostri,
1271 985 1305 1048 et
1335 979 1399 1072 ipsi
1425 977 1506 1072 Syri
1532 987 1566 1048 et
1594 976 1749 1072 Coptitae

377 1094 552 1168 Jacobitae
584 1093 760 1189 aliquando
796 1097 1074 1186 exagitavemnt,
1111 1094 1186 1186 quia
1220 1114 1283 1164 usu
1317 1091 1404 1186 apud
1440 1112 1478 1163 se
1511 1103 1648 1187 recepta
1680 1115 1750 1165 non

378 1219 492 1302 erant,
526 1220 563 1283 ut
597 1211 696 1281 etiam
724 1207 812 1304 quod
851 1231 937 1304 pane
971 1217 1048 1279 ento
1079 1206 1206 1301 aliquot
1238 1206 1308 1279 dies
1342 1215 1540 1302 praeparato
1565 1217 1749 1298 uterentur,

379 1326 467 1421 quod
493 1325 621 1397 Latinis
648 1326 747 1395 etiam
774 1321 950 1415 objiciunt:
977 1331 1012 1393 et
1038 1321 1127 1417 quod
1152 1321 1336 1413 Litargiam
1364 1321 1491 1415 absque
1503 1321 1655 1394 Diacono
1684 1345 1751 1396 11-

377 1439 555 1514 lebrarent.
608 1439 686 1512 Non
712 1439 831 1510 eadem
857 1459 961 1534 porro
988 1441 1126 1510 istorum
1152 1441 1271 1508 rituum
1298 1438 1383 1507 ratio
1411 1447 1481 1525 est,
1508 1447 1542 1508 11
1560 1437 1697 1508 aliorum
1716 1440 1752 1508 in

380 1558 496 1651 quibus
511 1577 637 1628 summa
655 1555 828 1646 religionis
844 1555 1051 1642 continetur,
1077 1562 1113 1624 ut
1139 1550 1291 1624 adoratio
1306 1550 1556 1641 Eucharistiae,
1583 1561 1617 1623 et
1636 1561 1751 1623 atten-

378 1676 505 1744 tissima
531 1672 735 1741 minimamm
762 1669 997 1764 particularum
1025 1690 1125 1759 cura,
1151 1690 1195 1738 ne
1222 1666 1394 1756 decidant,
1421 1689 1465 1737 ne
1479 1676 1683 1758 mucescant,
1707 1690 1751 1738 ne

380 1784 468 1858 calix
494 1784 692 1874 cllumdatur,
720 1792 753 1855 et
779 1787 808 1856 si
835 1805 921 1877 quae
948 1792 1023 1856 sunt
1049 1783 1122 1853 alia.
1156 1783 1215 1855 llla
1242 1785 1394 1876 quamvis
1428 1781 1471 1853 ad
1492 1781 1665 1874 Liturgiae
1695 1783 1752 1854 di·

381 1900 552 1995 soiplinam
587 1897 795 1986 referantur,
830 1919 909 1968 raro
942 1907 1051 1969 tamen
1087 1901 1121 1970 in
1149 1897 1330 1972 Codioibus
1356 1896 1537 1990 Liturgiois
1565 1900 1752 1994 perscripta

381 2024 471 2103 sune
499 2012 560 2086 sed
586 2012 686 2110 alibi,
712 2023 748 2083 ut
776 2012 861 2108 apud
889 2035 973 2100 nos,
1000 2016 1145 2084 maxime
1171 2010 1753 2085 11Ρ11111111111111111101111111

382 2127 650 2203 collectionibus.
679 2126 763 2199 Cum
788 2150 873 2199 vero
900 2128 1000 2200 multa
1029 2128 1071 2199 de
1097 2129 1152 2200 illa
1179 2126 1351 2222 disciplina
1370 2125 1469 2197 dicia
1491 2126 1752 2201 Protestantibus

380 2245 526 2334 soleant,
553 2253 588 2314 11
614 2241 977 2316 doctrinamEcclesiae
1003 2242 1224 2332 labefactent,
1261 2243 1377 2337 paucis
1405 2241 1446 2312 de
1468 2239 1554 2314 illius
1575 2246 1753 2316 autoritate

379 2357 585 2432 tractandum
612 2368 672 2430 est
725 2357 822 2430 Prius
849 2368 960 2429 tamen
987 2358 1186 2454 explicanda
1213 2367 1266 2430 est
1298 2354 1444 2449 obJeotio
1472 2379 1557 2451 quae
1584 2380 1658 2429 cum
1685 2357 1753 2428 ali-

381 2499 445 2570 quo
472 2473 589 2546 colore
616 2475 741 2568 opponi
767 2483 885 2568 posset
909 2477 1062 2569 superius
1090 2465 1266 2568 expositae
1293 2471 1336 2542 de
1362 2471 1586 2562 Liturgiamm
1620 2476 1753 2544 autori-

380 2598 447 2660 tate
474 2587 663 2661 doctrinae:
689 2611 756 2660 non
785 2587 874 2683 quod
899 2587 1005 2663 simile
1033 2587 1209 2684 quidquam
1222 2586 1489 2660 Protestantibus
1513 2591 1569 2682 qui
1590 2589 1663 2660 illas
1684 2593 1754 2660 im-

380 2715 631 2800 pugnavemnt,
659 2707 693 2773 11
719 2713 862 2775 mentem
890 2707 1038 2794 venerit,
1065 2703 1127 2778 sed
1153 2706 1229 2799 quia
1255 2708 1290 2774 in
1316 2702 1379 2776 illis
1407 2702 1570 2799 capitibus
1598 2726 1684 2799 quae
1711 2703 1754 2776 ad

380 2817 579 2909 religionem
604 2823 786 2914 pertinent,
813 2816 902 2891 bona
929 2818 993 2891 lide
1020 2820 1186 2912 agendum
1212 2829 1275 2891 est.

483 2933 605 3006 Dicent
630 2938 751 3027 igitur,
776 2939 924 3009 rationes
952 2935 1069 3031 quibus
1104 2933 1329 3027 Liturgiamm
1361 2937 1571 3006 autoritatem
1606 2931 1753 3006 stabilire
1802 2950 1919 3019 objectio
1935 2970 2002 3025 quaa
2020 2954 2077 3010 narr

381 3055 490 3122 conati
517 3049 655 3139 immas,
683 3073 725 3121 eo
751 3053 834 3123 vitio
862 3050 1031 3142 laborare,
1059 3050 1159 3147 quod,
1186 3061 1223 3122 11
1248 3053 1282 3121 11
1299 3048 1430 3122 Scholia
1444 3049 1635 3121 Dialecticis
1652 3051 1753 3138 aiunt,
1767 3039 1983 3140 ppraararvemps
1995 3057 2078 3112 81111·

381 3164 458 3236 nihil
483 3163 647 3260 Pl⁰b0¹¹ls
675 3168 750 3258 (11118
778 3168 875 3238 nimis
901 3163 1054 3261 probant.
1108 3166 1145 3239 Si
1180 3168 1266 3236 enim
1301 3165 1343 3238 ad
1374 3165 1450 3236 lidei
1485 3164 1752 3258 explicationem,
1766 3142 1820 3177 ‘¹¹¹⁵
1836 3126 1910 3181 Μ·

383 3291 442 3352 111·
470 3281 774 3372 confirmationem,
814 3291 906 3354 tanta
946 3281 1075 3354 illamm
1109 3290 1161 3354 est
1194 3284 1246 3353 vis
1279 3290 1313 3353 et
1343 3283 1522 3370 autoritas,
1557 3287 1754 3372 sequeretur

382 3396 457 3466 inde
483 3417 606 3485 magna
632 3399 667 3466 11
692 3393 794 3470 rebus
820 3395 1038 3489 Theologicis
1065 3395 1229 3468 confusio.
1282 3395 1327 3468 Ut
1361 3397 1448 3467 enim
1475 3417 1521 3466 ex
1549 3392 1754 3489 Coptitarum

381 3509 542 3601 Litargiis
561 3531 624 3582 nos
640 3507 803 3583 Catholici
818 3515 1028 3584 verissimam
1048 3521 1084 3584 11
1105 3509 1355 3586 substantialem
1376 3510 1614 3581 elementorum
1637 3517 1754 3578 trans-

381 3627 594 3696 mutationem
629 3622 829 3719 probamus,
863 3629 908 3698 ita
945 3649 991 3698 ex
1025 3627 1089 3698 illis
1125 3628 1207 3721 ipsis
1233 3624 1544 3720 Monopbysitarum
1572 3624 1753 3699 doctrinam

383 3739 555 3811 admittere
582 3761 760 3830 cogemur:
787 3751 822 3812 et
847 3741 1081 3813 Nestorianam
1108 3739 1281 3827 haeresin,
1316 3741 1344 3810 si
1371 3739 1594 3830 Liturgiarum
1621 3736 1753 3808 Nesto-

381 3857 546 3926 rianarum
575 3857 762 3927 testimonio
790 3856 978 3930 deferimus.
1032 3856 1102 3930 Sed
1128 3853 1234 3926 facilis
1261 3856 1439 3949 responsio
1466 3862 1528 3927 est.
1575 3851 1753 3942 Liturgia-

381 3992 451 4041 mm
473 3992 609 4063 quarum
626 3969 839 4062 dignitatem,
856 3971 1053 4045 Sanctorum
1071 3973 1205 4046 Patrum
1229 3972 1385 4069 exemplo
1406 3975 1542 4044 maximi
1565 3971 1751 4043 taciendam

382 4085 628 4175 contendimus,
656 4088 815 4158 autoritas
842 4091 876 4157 in
903 4110 945 4159 eo
967 4091 1076 4183 posita
1096 4099 1148 4160 est
1166 4087 1254 4182 quod
1270 4086 1446 4160 Ecclesiae
1465 4109 1588 4160 vocem
1605 4108 1752 4181 reprae-

381 4205 531 4290 sentant,
567 4222 655 4302 qaae
684 4200 828 4294 loquitur
861 4207 1003 4274 omnium
1035 4207 1181 4295 gentium
1212 4205 1355 4296 linguis,
1388 4214 1424 4275 11
1455 4204 1662 4293 Augustinus
1694 4204 1752 4291 ait,

381 4319 457 4409 quia
484 4318 668 4387 inanitate
696 4325 747 4389 est
774 4319 916 4388 omnium
942 4324 1099 4410 gentium.-
1145 4319 1262 4392 Unitas
1290 4339 1392 4415 porro
1420 4319 1476 4391 illa
1503 4317 1579 4391 lidei
1608 4325 1752 4388 11111-

377 4431 449 4520 jus,
485 4428 730 4524 ut'antiquitus
765 4431 807 4503 ab
834 4432 1008 4528 Apostolis
1043 4435 1184 4507 traditae
1218 4444 1251 4507 et
1284 4435 1327 4508 ab
1355 4457 1471 4528 eomm
1498 4429 1752 4506 successoribus

380 4547 616 4634 transmissae,
631 4544 817 4641 depositum
836 4560 1059 4621 servavomnt
1075 4549 1264 4642 singulares
1276 4550 1474 4637 Ecclesiae,
1495 4572 1632 4644 quarum
1646 4567 1752 4619 voees

381 4658 566 4730 audiendae
593 4669 688 4750 sunt,
715 4683 790 4732 eum
818 4683 859 4735 ea
886 4663 1062 4759 loquuntur
1089 4689 1175 4760 quae
1192 4688 1326 4760 semper
1340 4676 1374 4738 et
1390 4664 1512 4760 ubique
1527 4664 1651 4737 credita
1667 4669 1754 4733 1111.

380 4769 474 4842 'lonc
500 4793 567 4845 non
595 4783 662 4846 tam
688 4775 766 4848 illae
794 4778 985 4869 audiuntur,
1014 4803 1111 4875 quam
1137 4781 1259 4853 Pastor
1271 4780 1402 4874 bonus,
1430 4786 1484 4876 qui
1507 4781 1619 4854 1111111,
1633 4803 1671 4853 11
1693 4790 1754 4850 11-

379 4894 484 4959 status
511 4898 581 4978 est,
609 4889 651 4963 ab
679 4893 743 4964 illis
771 4898 826 4987 qui
854 4896 926 4986 ejus
954 4893 1134 4991 discipulos
1162 4896 1341 4968 audierint:
1369 4897 1490 4971 ovibus
1518 4897 1646 4969 scilicet
1672 4895 1752 4980 suis,

380 5023 467 5096 quae
493 5026 562 5076 non
587 5019 753 5081 noverunt
780 5031 901 5083 vocem
929 5012 1120 5084 alienorum.
1147 5012 1197 5084 lta
1225 5034 1299 5082 cum
1325 5032 1392 5083 non
1408 5011 1625 5086 Ortbodoxos
1640 5009 1753 5098 modo,
