4670 6046
682 554 759 628 333
1079 635 1081 640 ,
1156 554 1588 660 331111111113

682 737 840 800 concedat.
884 737 991 818 Neque
1015 737 1044 800 id
1073 738 1253 800 3133113111
1276 739 1464 802 solummodo
1492 740 1523 802 in
1545 741 1712 804 Ritualibus
1735 741 1877 823 Graecis,
1911 743 1996 826 Syris
2024 756 2053 810 31

685 835 830 916 Copticis,
855 838 1069 919 cujuscumque
1092 845 1208 916 sectae,
1231 838 1286 900 sed
1309 840 1338 900 in
1353 837 1467 900 Latinis
1491 840 1579 902 etiam
1603 842 1741 922 antiquis.
1765 842 1807 906 At
1829 860 1916 905 nemo
1941 843 2054 907 dubitat

682 936 753 1015 quin
784 935 922 997 remissio
952 943 1163 1015 pcccatorum,
1187 954 1244 1016 per
1272 938 1536 1019 regenerationem
1573 940 1602 1001 iu
1638 939 1802 1020 baptismo,
1837 940 2051 1021 plenitudinem

681 1034 809 1115 gratiae,
834 1042 864 1096 et
886 1034 1013 1114 Spiritus
1037 1035 1133 1096 sancti
1156 1033 1326 1097 contulerit.
1370 1033 1414 1099 lta
1445 1037 1475 1097 in
1498 1035 1601 1100 Olllcio
1625 1037 1819 1116 Chrismatis,
1842 1041 1907 1101 sive
1931 1039 2052 1104 133111-

680 1133 836 1210 mationis,
861 1134 949 1194 etiam
979 1141 1049 1213 post
1078 1135 1263 1214 orationem,
1295 1151 1372 1214 quae
1398 1151 1473 1215 prae
1496 1138 1625 1199 caeteris
1649 1135 1763 1199 formae
1782 1137 1928 1200 rationem
1951 1139 2050 1220 13131,

680 1248 788 1310 nempe
810 1231 1003 1310 seponendum
1025 1233 1100 1295 doni
1119 1231 1252 1310 Spiritus
1273 1231 1389 1309 Sancti,
1412 1241 1516 1295 oratur
1538 1235 1575 1296 ad
1599 1251 1668 1296 eum
1690 1234 1894 1300 obtinendum.
1931 1236 1967 1298 ln
1989 1237 2051 1300 Or-

679 1330 831 1392 dinatione
854 1331 1006 1393 similiter:
1030 1339 1060 1393 31
1082 1329 1155 1393 licet
1176 1348 1237 1393 nou
1259 1349 1318 1393 una
1341 1332 1380 1394 sit
1392 1332 1630 1396 doctissimorum
1645 1333 1870 1416 theologorum
1894 1333 1931 1397 de
1954 1336 2048 1400 lorma

679 1429 804 1510 proprie
827 1428 907 1490 dicta
929 1429 1017 1510 hujus
1041 1426 1228 1491 sacramenti
1251 1433 1410 1510 sententia,
1435 1431 1574 1494 adfinem
1596 1450 1693 1514 usque
1711 1432 1817 1510 0111311,
1842 1433 1922 1513 quod
1945 1450 2048 1497 omnes

678 1527 833 1589 orationes
856 1527 1059 1607 lonnrdasque
1072 1528 1302 1608 complectitur,
1326 1547 1437 1609 preces
1461 1530 1498 1593 ad
1520 1531 1615 1594 Deum
1639 1531 1730 1610 11111,
1753 1540 1786 1594 11
1808 1530 1965 1612 Ordinato,
1988 1551 2048 1595 nou

677 1625 766 1688 modo
789 1628 916 1709 gratiam
938 1627 1105 1688 sanctitatis
1127 1627 1292 1690 ministerio
1316 1646 1372 1690 suo
1396 1630 1613 1704 convenientis,
1643 1628 1698 1692 sed
1721 1637 1903 1712 potestatem
1931 1633 2049 1694 autori-

679 1732 831 1805 tutamque
853 1725 983 1804 tribuat,
1014 1743 1100 1805 quam
1130 1742 1187 1806 per
1217 1725 1437 1806 impositionem
1466 1745 1620 1806 manuum,
1651 1736 1682 1790 et
1704 1727 1797 1791 verbu
1820 1728 2046 1791 sacramentalia

675 1825 737 1906 jam
760 1832 941 1888 consecutus
965 1830 1020 1886 est.
1045 1824 1268 1900 Poeuitentiae,
1292 1825 1647 1904 Extremae-Unctionis,
1680 1836 1709 1889 et
1737 1826 1918 1891 Matrimonii
1942 1827 2043 1890 011313

679 1923 823 2004 precibus
846 1929 875 1984 31
897 1921 1157 1985 benedictionibus
1185 1931 1340 2000 constant,
1369 1922 1450 2004 quod
1479 1943 1544 1986 cum
1567 1925 1680 1987 Latinis
1704 1925 1833 2005 antiquis
1861 1935 1891 1989 et
1921 1925 2044 1990 Graecis

677 2020 844 2084 Ritualibus
868 2039 1024 2084 commune
1047 2021 1106 2084 illis
1129 2030 1184 2085 est:

765 2121 870 2183 Nullus
904 2121 963 2182 huc
992 2139 1089 2201 usque
1117 2122 1196 2184 inter
1233 2123 1397 2185 acerrimos
1433 2121 1551 2185 Rituum
1581 2121 1775 2186 Orientalium
1808 2124 2044 2207 impugnatores,

678 2219 746 2281 illos
769 2218 977 2282 condemnavit
1004 2221 1203 2296 eonomine,
1233 2219 1312 2300 quod
1341 2222 1606 2285 sacramentalibus
1638 2221 1675 2284 ad
1705 2220 1887 2304 Baptismum
1918 2224 2045 2287 dandum

677 2319 780 2380 verbis
803 2320 939 2400 injuriam
962 2318 1109 2394 lacerent,
1133 2337 1200 2380 cum
1222 2321 1365 2380 invocant
1396 2321 1538 2402 Spiritum
1561 2328 1717 2398 sanctum,
1738 2329 1771 2382 ut
1794 2319 1933 2384 illabatur
1954 2341 2046 2404 super

678 2434 784 2496 aquam
808 2418 1027 2500 regenerandis
1050 2417 1217 2480 1311111113
1240 2426 1462 2499 praeparatam,
1485 2428 1515 2482 et
1538 2437 1631 2499 super
1652 2418 1863 2498 baptisandos,
1886 2427 2045 2501 antequam

677 2517 919 2599 regenerationis
942 2517 1067 2597 gratiam
1091 2517 1247 2579 consecuti
1277 2517 1353 2595 sint,
1384 2524 1434 2579 aut
1457 2517 1646 2600 signaculum
1675 2517 1773 2579 sancti
1797 2515 1925 2598 Spiritus
1953 2539 2045 2582 acce-

678 2617 786 2696 perint.
811 2613 884 2677 Cum
908 2614 973 2694 ejus
996 2615 1171 2678 inhabitatio
1196 2633 1252 2695 per
1274 2611 1367 2677 lrdem¹
1384 2617 1414 2677 in
1445 2616 1587 2679 cordibus
1609 2615 1837 2696 Neophytorum
1860 2618 1922 2698 jam
1944 2617 2044 2701 hapti-

677 2723 810 2777 satorum
827 2714 1012 2796 postulatur,
1035 2713 1107 2775 nihil
1131 2713 1307 2796 designatur
1330 2713 1420 2790 aliud,
1444 2733 1531 2796 quam
1554 2715 1624 2777 doni
1646 2733 1717 2777 mox
1740 2733 1796 2794 per
1819 2733 1926 2796 aquam
1948 2718 2041 2779 sacris

676 2813 779 2876 verbis
809 2811 1023 2875 accedentibus
1051 2812 1283 2874 administratam
1311 2812 1489 2895 postulatio,
1523 2821 1573 2875 aut
1598 2815 1660 2895 jam
1696 2815 1815 2894 accepti
1848 2815 2043 2878 confirmatio.

675 2911 718 2975 lta
742 2913 771 2974 in
796 2912 1041 2986 Confirmatione,
1064 2912 1094 2972 in
1116 2910 1333 2973 Poenitentium
1349 2913 1607 2992 reconciliatione,
1629 2914 1661 2974 in
1675 2911 1886 2976 Ordinatione:
1910 2921 1941 2976 et
1963 2913 2043 2976 aliis:

674 3013 707 3075 ln
730 3011 839 3072 Rituali
862 3011 979 3075 Severi.
1004 3011 1046 3072 lb
1066 3011 1194 3072 Domine
1216 3011 1271 3072 133
1293 3031 1400 3072 amoos
1422 3021 1499 3087 1133,
1523 3014 1575 3093 qui
1594 3031 1673 3073 nnnc
1695 3011 1841 3090 baptisati
1865 3021 1935 3074 sant
1954 3032 2043 3092 repe-

673 3112 842 3176 neratr'onis
864 3111 1002 3186 lavacro,
1025 3111 1183 3188 sanctifico
1205 3113 1236 3170 in
1259 3113 1385 3171 veritate
1408 3120 1472 3185 113,
1495 3112 1583 3189 imple
1604 3109 1925 3190 33391311381111113
1946 3111 2045 3173 suncti

675 3214 720 3273 111
724 3257 735 3288 ,
766 3209 901 3290 quudin
924 3209 990 3271 31113
1020 3227 1139 3290 quoque
1168 3208 1278 3271 0113113
1302 3209 1422 3292 legitur.
1467 3207 1531 3270 Hae
1561 3226 1653 3290 porro
1686 3207 1859 3287 similesque
1889 3211 2042 3272 orationes

676 3328 736 3371 nou
758 3308 857 3392 rigide
881 3308 1074 3389 accipiendae
1098 3316 1177 3383 sunt,
1201 3308 1285 3388 quasi
1310 3306 1358 3368 131
1381 3305 1532 3370 dubitetur
1554 3307 1592 3368 de
1615 3305 1793 3368 certitudine
1812 3309 2041 3385 promissionum

676 3407 797 3485 Christi,
820 3408 869 3470 vel
894 3407 932 3470 de
956 3409 1065 3470 virtute
1088 3407 1249 3469 verborum
1273 3405 1538 3468 sacramentalium
1573 3403 1665 3467 Unica
1688 3405 1777 3482 enim,
1801 3413 1831 3466 et
1853 3408 1941 3485 quasi
1963 3406 2042 3469 iudi-

672 3508 737 3569 visa
761 3508 858 3569 animo
881 3508 1051 3587 concipitur
1079 3497 1142 3568 tota
1170 3506 1277 3584 Actio,
1310 3522 1388 3585 quae
1420 3503 1668 3567 celebrandorum
1692 3511 1948 3567 sacramentorum
1975 3506 2042 3568 131-

673 3625 766 3686 mam,
798 3607 1013 3686 orationesque
1047 3606 1274 3687 complectitur:
1306 3603 1411 3666 verbis
1440 3611 1540 3665 tamen
1568 3610 1598 3666 31
1629 3603 1735 3664 ritibus
1765 3603 1893 3682 exprimi
1925 3605 2042 3667 nonnisi

672 3708 847 3768 successive
870 3713 981 3786 potest.
1027 3704 1188 3767 Orationes
1217 3712 1247 3765 et
1275 3704 1485 3765 caeremoniae
1515 3709 1645 3764 mutuam
1675 3708 1705 3762 et
1737 3701 1941 3763 necessariam
1965 3721 2041 3766 oon-

668 3804 853 3882 juuctionem
877 3803 1004 3881 hahent,
1036 3804 1076 3864 ita
1103 3810 1135 3864 ut
1164 3821 1263 3884 neque
1291 3803 1356 3863 sine
1379 3802 1578 3864 caeremoniis
1606 3808 1636 3862 et
1659 3801 1781 3861 materia
1805 3801 1959 3862 orationes
1983 3802 2041 3864 Sa-

673 3911 858 3964 cramentum
881 3902 1019 3977 efficiant,
1043 3919 1142 3982 neque
1166 3903 1374 3963 caeremoniae
1397 3909 1427 3963 et
1449 3903 1593 3979 materia,
1616 3902 1682 3962 3113
1706 3901 1862 3980 conceptis
1886 3901 1988 3962 verbis
2011 3907 2040 3962 et

671 4001 869 4064 orationibus.
900 4001 969 4062 lllas
983 4001 1162 4083 conjunctim
1176 4001 1327 4079 accipiunt
1341 3999 1511 4062 Orientales
1527 3998 1705 4073 Christiani,
1726 3997 1875 4078 utilesque
1890 4005 1922 4060 ct
1937 3998 2039 4061 311133-

671 4117 724 4160 333
737 4101 889 4163 313113133
904 4101 1085 4176 existimant,
1101 4100 1235 4179 quamvis
1249 4097 1386 4161 absolute
1399 4097 1544 4180 quaedam
1556 4115 1616 4158 non
1629 4097 1689 4159 sint
1697 4097 1900 4159 necessariae.
1919 4097 2037 4179 Quippe

670 4199 700 4258 in
715 4197 857 4279 baptismi
869 4199 984 4276 0111313,
1001 4200 1053 4278 qui
1070 4197 1242 4276 infantibus,
1262 4205 1312 4258 aut
1330 4198 1395 4260 aliis
1415 4197 1589 4278 periculose
1607 4193 1785 4258 habentibus
1807 4195 2039 4274 administratur,

669 4296 950 4372 multaeorationes
966 4305 996 4359 et
1013 4299 1223 4360 caeremoniae
1239 4298 1415 4358 omittuntur
1435 4315 1509 4376 quas
1529 4295 1616 4357 aliter
1632 4295 1771 4355 omittere
1784 4294 1934 4375 piaculum
1949 4294 2039 4358 13131.

670 4395 781 4476 Siquis
797 4415 904 4477 aquam
915 4395 1006 4458 lontis
1019 4395 1219 4476 baptismalis,
1237 4396 1431 4458 lnvocatione
1444 4395 1540 4456 sancti
1550 4395 1688 4474 Spiritus,
1705 4402 1735 4454 et
1748 4393 1839 4453 variis
1853 4393 2040 4456 orationibus

669 4503 879 4558 consecratam
896 4494 1000 4557 1113111
1013 4494 1192 4574 affunderet,
1208 4496 1265 4556 nisi
1273 4496 1488 4576 pronunciaret
1502 4494 1595 4558 verba
1612 4491 1849 4570 sacramentalia,
1863 4480 1934 4554 nihil
1947 4509 2040 4575 agere

667 4603 856 4673 censeretur,
886 4613 926 4657 ex
957 4593 1156 4657 Orientalium
1178 4596 1337 4658 sententia.
1384 4593 1414 4656 Si
1438 4595 1656 4656 invocationem
1681 4591 1809 4671 Spiritus
1840 4590 1933 4653 solam
1956 4591 2040 4652 reci-

667 4701 745 4754 taret
773 4712 867 4776 super
897 4695 976 4758 dona
1004 4693 1179 4776 proposita,
1211 4696 1329 4756 omissis
1352 4693 1452 4756 verbis
1482 4693 1660 4769 Dominicis,
1691 4688 1907 4752 Eucharistiam
1931 4689 2038 4750 iactam

666 4808 736 4852 esse
759 4810 819 4853 non
843 4792 1011 4855 crederent.
1035 4793 1179 4854 invocant
1202 4794 1344 4874 Spiritum
1367 4799 1501 4856 sanctum
1525 4793 1607 4853 initio
1631 4791 1801 4872 Liturgiac,
1826 4796 1855 4850 ct
1878 4795 1942 4850 toto
1966 4805 2040 4850 ora-

668 4889 780 4951 tionum
806 4891 938 4953 decursu
958 4891 1054 4954 Deum
1078 4891 1287 4972 interpellant,
1315 4901 1347 4954 ut
1375 4890 1538 4954 secundum
1568 4889 1619 4952 salii
1649 4889 1695 4950 sui
1724 4888 1799 4950 lesu
1823 4887 1934 4950 Christi
1962 4903 2040 4967 pro-

666 4988 758 5049 missa
782 4997 812 5050 et
835 4990 1059 5068 institutionem,
1082 4989 1159 5052 idem
1183 4991 1292 5053 efficiat
1314 4992 1343 5052 in
1366 4990 1453 5052 donis
1476 4989 1658 5071 propositis,
1689 4985 1769 5067 quod
1800 4987 1865 5068 ipsc
1889 4985 2040 5048 institutor
