4686 6060
685 612 1221 704 ALEXANDRINO.
1565 615 1640 689 367

265 802 358 893 bant,
385 802 504 898 quibus
532 801 574 873 de
600 799 685 874 illius
713 812 820 874 morte
847 799 1089 892 significarent:
1112 803 1235 895 jusque
1270 797 1345 872 illos
1381 797 1423 870 ad
1459 801 1541 873 novi
1566 802 1641 873 Pa-

264 918 431 991 triarcbae
457 918 655 990 electionem
682 916 912 1005 convocandi,
945 937 1051 1012 penes
1077 915 1327 988 Alexandrinos
1360 925 1452 1007 erat,
1484 919 1578 1010 quia,
1606 927 1642 988 ιιι

266 1037 420 1129 superius
453 1033 731 1124 observavimus,
770 1032 812 1104 ad
854 1031 939 1104 illius
978 1029 1155 1104 Ecclesiae
1196 1029 1351 1120 Clarum,
1388 1054 1434 1102 ex
1474 1036 1642 1104 communi

258 1153 409 1221 ¹omnium
437 1149 698 1221 Christianorum
725 1146 963 1220 consuetudine
989 1144 1175 1241 spectabat,
1201 1157 1237 1218 ιιι
1263 1146 1324 1219 sibi
1339 1145 1545 1240 Episcopum
1572 1143 1641 1217 eli-

266 1277 396 1357 gerent.
423 1263 598 1359 Nunquam
625 1276 736 1336 tamen
763 1287 781 1334 a
808 1263 904 1336 nobis
932 1262 1149 1336 observatum
1176 1273 1228 1334 est
1253 1265 1287 1333 in
1314 1263 1536 1332 recentiorum
1566 1259 1641 1333 Pa-

267 1379 484 1452 triarcbarum
510 1379 659 1469 historia,
686 1389 744 1451 aut
775 1382 809 1450 in
836 1378 908 1451 aliis
936 1381 1165 1464 monumentis,
1194 1377 1235 1448 ad
1263 1398 1359 1473 quern
1387 1378 1641 1449 convocationis

266 1496 352 1568 illius
386 1517 466 1566 cura
502 1506 686 1591 spectaret,
723 1505 779 1568 aut
818 1497 891 1589 quis
932 1505 1024 1567 esset
1059 1492 1157 1566 Sedis
1197 1495 1349 1564 vacantis
1383 1491 1641 1582 administrator,

268 1610 543 1705 quemadmodum
570 1610 656 1705 apud
684 1609 905 1682 Nestorianos
931 1611 1077 1705 proximi
1109 1607 1273 1703 Episcopi
1309 1601 1527 1680 Cascarcnsis
1560 1629 1641 1681 eura

267 1725 351 1798 haec
377 1737 462 1816 erat,
489 1736 524 1798 et
549 1729 798 1821 praerogativa.
825 1724 956 1797 Dudum
982 1725 1119 1797 invaluit
1152 1727 1325 1821 tyrannica
1358 1724 1458 1819 plane
1489 1746 1641 1798 consue·

268 1841 346 1913 tudo
375 1840 461 1937 apud
487 1839 621 1915 Arabos
649 1849 683 1912 et
708 1841 838 1911 Turcas
864 1841 1015 1935 Aegypti
1042 1839 1207 1929 dominos,
1234 1842 1406 1911 utstatim
1441 1851 1541 1934 atque
1566 1839 1641 1912 Pa-

267 1955 412 2028 triarcba
438 1967 587 2028 mortuns
615 1967 678 2045 est,
706 1953 812 2044 Cella,
831 1959 907 2029 sive
925 1955 1042 2028 domus
1059 1953 1293 2027 Patriarcbalis
1321 1953 1362 2026 ab
1378 1956 1511 2027 Aerarii
1528 1955 1642 2027 Prac-

265 2071 365 2144 fecto'
383 2072 593 2164 obsignatur:
628 2083 727 2165 atquc
753 2087 857 2166 saepe
883 2069 946 2142 bac
972 2073 1153 2142 occasione
1184 2071 1245 2142 sub
1279 2071 1399 2144 talibus
1435 2068 1641 2162 custodibus,

267 2185 421 2281 quidquid
449 2185 663 2281 supellectilis
692 2195 747 2258 aut
772 2187 935 2281 pecuniae
962 2183 1210 2282 reperiebatur,
1238 2190 1311 2282 ipsa
1339 2189 1438 2258 ctiam
1473 2185 1641 2276 alimenta,

267 2306 339 2395 eJos
367 2301 558 2374 domesticis
586 2299 870 2376 subtrahebantur.
898 2299 1071 2372 Neminem
1097 2303 1197 2393 igitur
1210 2298 1444 2393 observamus,
1471 2304 1524 2373 cui
1550 2323 1640 2374 con-

267 2417 497 2490 vocandorum
522 2417 767 2512 Episcoporum
800 2426 834 2488 et
861 2413 952 2487 Cleri
987 2439 1067 2489 cura
1095 2427 1320 2513 competeret3
1356 2418 1418 2490 sed
1448 2416 1527 2489 illud
1559 2427 1641 2489 tan-

258 2531 453 2622 'tummodo,
489 2532 576 2626 quod
612 2555 653 2605 ea
686 2535 867 2606 occasione
895 2535 1004 2604 statim
1037 2530 1175 2604 illisram
1209 2536 1429 2606 convenerint
1466 2530 1641 2629 Episcopi,

152 2663 156 2671 '
264 2649 329 2722 nisi
356 2645 514 2736 fortasse,
542 2658 598 2720 aut
624 2647 794 2739 Sullanus,
822 2657 879 2720 aut
904 2646 1073 2720 Praefecti
1097 2648 1324 2744 provinciales
1351 2646 1576 2745 prohiberent.

369 2764 557 2837 xxxvilt
585 2762 669 2837 Cum
694 2785 797 2860 porro
823 2766 910 2835 inter
934 2762 1124 2859 Episcopus
1150 2765 1303 2861 Aegypti
1328 2765 1417 2836 nulla
1437 2763 1514 2853 aba,
1542 2784 1641 2857 quam
1694 2781 1862 2838 rnostueuu
1879 2786 1967 2842 aanor

268 2881 404 2967 aetatis,
435 2883 674 2975 praerogativa
705 2891 815 2969 esset,
850 2878 948 2968 (nulli
982 2882 1068 2950 enim
1101 2891 1196 2952 erant
1223 2880 1499 2977 »Arobiepisoopi,
1531 2865 1808 2974 nequessl’f'oel'l'·
1886 2963 1887 2974 χ

266 2993 480 3089 Metropolita
505 2994 591 3067 ullus
617 2998 702 3066 inter
727 2993 899 3068 Jacobitas
927 2993 1112 3090 appellatus
1140 3006 1203 3084 est,
1229 2999 1293 3070 nisi
1319 2996 1556 3084 Dumiatensis,
1582 2995 1643 3066 id-

268 3133 332 3205 que
366 3109 561 3181 duodecimo
596 3109 751 3201 saeculo,
786 3119 822 3182 ut
854 3113 888 3182 in
923 3109 1061 3182 historia
1101 3122 1216 3184 nostra
1252 3113 1469 3200 monuimus)
1514 3111 1641 3184 idcirco

267 3228 357 3297 inter
393 3247 454 3296 eos
487 3227 627 3320 primum
655 3224 765 3297 locum
792 3223 937 3297 babebat
963 3229 991 3297 is
1018 3224 1226 3321 EpiscopuS,
1260 3228 1315 3322 qui
1349 3229 1463 3298 senior
1499 3227 1642 3298 ordina-

266 3343 357 3412 tione
383 3350 468 3428 erat,
496 3363 659 3434 quemquo
685 3344 857 3434 majorem,
885 3350 940 3411 aut
967 3339 1157 3434 praesidem
1190 3339 1413 3414 nominabant.
1441 3341 1529 3415 Nulli
1556 3365 1641 3414 vero

268 3456 341 3530 sedi
355 3455 524 3547 alligatam
550 3454 655 3528 baisse
682 3454 768 3527 banc
795 3453 932 3528 bonoris
957 3459 1232 3550 praerogativam
1260 3461 1396 3549 scimus,
1424 3461 1499 3551 quia
1520 3458 1641 3529 diver-

268 3595 378 3646 sarum
405 3569 633 3644 Ecclesiarum
658 3569 818 3666 Episcopi
851 3581 1086 3660 recensentur,
1122 3575 1177 3667 qui
1207 3595 1284 3644 eam
1316 3569 1509 3646 babuerunt.
1562 3573 1642 3648 Alia

266 3686 328 3758 fuit
355 3685 415 3761 sub
434 3686 649 3776 Ortbodoxis,
677 3685 940 3777 siveMelchitis,
959 3686 1142 3782 disciplina,
1169 3699 1203 3760 et
1215 3686 1462 3761 Alexandrinus
1484 3691 1640 3762 Patriar-

268 3801 329 3874 cba
363 3801 515 3874 diversas
555 3801 761 3896 lllotropoles
795 3799 918 3890 babuit,
955 3801 996 3874 de
1030 3802 1148 3897 quibus
1182 3802 1308 3876 dicetur
1346 3823 1408 3875 suo
1444 3804 1538 3878 loco:
1579 3806 1641 3878 sed

269 3917 356 4012 apud
382 3916 553 3990 dacobitas
586 3929 722 4013 praeter
754 3919 1024 4008 Damiateosem,
1058 3917 1166 3989 nullus
1202 3921 1236 3988 in
1268 3920 1430 4015 Aegypto
1458 3919 1639 4018 llletropo-

267 4032 325 4106 lita
351 4032 419 4104 luit.

371 4148 529 4222 XXXIX.
556 4147 823 4222 Advenientibus
851 4150 951 4240 igitur
975 4147 1166 4245 Episcopis,
1194 4159 1369 4243 antequam
1398 4149 1639 4224 deliberaretur
1657 4164 1965 4232 Precesproeteeuone:

269 4263 312 4334 de
339 4261 494 4356 eligendo
521 4263 723 4352 Patriarcba,
750 4285 870 4360 preces
897 4262 1051 4359 publicae
1078 4264 1121 4336 ad
1156 4262 1300 4358 aliquam
1325 4263 1513 4338 Ecclesiam
1546 4266 1639 4338 indi-
1652 4251 1757 4303 ’Μ
1775 4267 1790 4302 ⁸
1809 4251 1923 4304 ⁵⁰¹⁸⁸¹¹⁰·

269 4377 448 4468 cobantur,
472 4384 615 4473 jejunia,
644 4378 801 4453 solennes
827 4379 1016 4471 Liturgiae,
1044 4389 1161 4475 atque,
1188 4391 1223 4452 ut
1250 4380 1435 4476 plurimum,
1463 4391 1641 4477 antequam

268 4493 406 4566 ulterius
433 4495 693 4590 procederetur,
719 4493 947 4590 postulabatur
981 4494 1115 4566 licentia
1150 4518 1169 4566 a
1196 4494 1447 4568 blobamedanis
1474 4500 1640 4593 principi-

267 4605 343 4695 bus,
369 4631 412 4680 ne
438 4607 573 4683 libertus
600 4609 731 4705 publica
759 4607 957 4699 turbaretur,
983 4629 1072 4682 neve
1100 4609 1197 4682 alicui
1223 4624 1440 4707 praeceptum
1465 4611 1640 4686 concede-

268 4733 370 4811 retur,
398 4747 464 4818 quo
491 4724 597 4797 aditus
613 4727 677 4820 ipsi
691 4733 808 4796 contra
835 4723 1040 4819 disciplinam
1056 4725 1151 4798 fieret
1178 4725 1221 4797 ad
1237 4725 1497 4799 Patriarcbolem
1523 4726 1640 4819 digni-

267 4847 380 4910 tatem.
407 4839 583 4934 Nunquam
609 4842 696 4911 enim
723 4839 869 4931 majores
898 4838 1104 4914 calamitates
1139 4840 1317 4915 Orientalis
1349 4840 1505 4914 Ecclesia
1532 4847 1640 4914 susti-

267 4956 348 5040 nuit,
377 4977 473 5047 quam
501 4954 543 5026 ab
572 4952 754 5026 ambitiosis
780 4951 985 5039 bominibus,
1022 4958 1077 5050 qui
1109 4955 1185 5026 talia
1212 4968 1394 5053 praecepta
1419 4955 1641 5045 licitabantur,

267 5079 303 5140 et
329 5079 455 5140 armata
481 5093 581 5143 manu
608 5068 650 5142 ad
675 5070 822 5144 honores
849 5073 998 5161 grassari
1026 5070 1188 5144 solebant.
1229 5071 1395 5168 Exempla
1420 5076 1547 5168 passim
1574 5097 1641 5148 oo·-
