4670 6046
711 645 763 721 lu
785 641 1081 722 emulationis
1102 643 1283 722 VASOllUli
1300 640 1511 722 sictonam.
1722 645 1797 718 309

424 830 524 895 bendo
548 830 607 894 illis
630 829 732 893 vinum
755 836 979 892 consecratum:
1001 827 1117 908 Laicis,
1140 823 1317 907 particulam
1340 827 1488 907 sanguine
1505 827 1718 891 madefactam:
1742 847 1799 892 so-

424 930 462 992 lis
484 931 597 1010 quippe
620 926 849 1006 Sacerdotibus,
872 926 966 1010 vulgo
990 926 1069 988 calix
1091 924 1254 1003 bibendus,
1277 926 1419 1006 praeberi
1442 925 1529 990 solet.
1565 925 1649 998 Quae
1663 929 1702 991 sit
1717 929 1799 991 sacri
1845 931 1949 985 metat
1965 951 1992 1004 p.
2013 933 2073 986 152.

408 1029 595 1096 cochlearis
618 1025 696 1108 apud
720 1025 853 1092 Graecos
876 1025 972 1090 forma
995 1031 1136 1088 accurate
1160 1025 1302 1104 exposuit
1324 1024 1463 1104 adjuncta
1492 1025 1571 1087 illius
1595 1025 1796 1090 delineatione

423 1127 557 1192 lacobus
580 1125 717 1190 Goarius.
762 1120 903 1206 Λαβίδα
925 1130 1047 1204 vocant,
1076 1123 1175 1185 idest
1201 1120 1368 1203 forcipem,
1391 1123 1612 1204 significatione
1643 1124 1731 1188 ducta
1760 1125 1797 1188 ab

425 1226 476 1290 illa
495 1227 618 1312 visione
639 1225 736 1288 Isaiae
759 1226 789 1288 in
812 1243 871 1306 qua
896 1223 1014 1305 Serapb
1035 1222 1197 1285 carbonem
1220 1223 1320 1283 vivum
1350 1220 1466 1304 forcipe
1495 1223 1600 1286 eduxit
1627 1223 1663 1286 ab
1694 1224 1798 1300 altari;

424 1325 586 1409 tetigitque
606 1324 776 1405 Prophetae
798 1324 894 1402 labia,
918 1341 1015 1404 eaque
1039 1321 1201 1384 mundarit.
1247 1319 1385 1385 Christus
1408 1330 1507 1384 autem
1536 1322 1703 1386 secundum
1729 1343 1799 1404 my-

424 1425 531 1489 sticam
554 1423 694 1486 Germani
716 1422 905 1488 Patriarcbae
928 1419 1222 1501 interpretationem,
1247 1419 1384 1482 omnibus
1398 1419 1600 1484 Orientalibus
1613 1421 1798 1500 familiarem,

425 1524 545 1587 divinus
568 1531 598 1586 et
620 1522 785 1603 spiritualis
809 1521 901 1586 carbo
925 1529 989 1600 est,
1021 1519 1162 1601 indignos
1193 1527 1223 1582 et
1253 1528 1369 1582 temore
1396 1520 1576 1583 accedentes
1607 1521 1797 1584 comburens

425 1622 469 1686 lta
492 1621 601 1686 Graeci
623 1623 745 1704 passim.
789 1623 904 1684 Vocem
926 1637 1048 1701 quoque
1062 1618 1207 1680 Graecam
1224 1617 1342 1682 Arabes
1360 1627 1578 1700 susceperunt,
1600 1620 1799 1698 Lahidanpue

424 1729 551 1786 vocant:
580 1722 668 1785 aliter
688 1719 849 1784 Mahalcen
895 1719 1034 1802 Coptitae
1047 1704 1245 1804 xonircn'prar,
1268 1726 1300 1780 et
1323 1717 1380 1779 alia
1403 1735 1481 1780 voce
1497 1702 1651 1782 in'liituali
1667 1717 1798 1780 Gabrie-

425 1821 462 1886 lis
491 1837 656 1906 τμυστηρ,
686 1818 842 1882 aGraeca
870 1803 1029 1903 μύστρον,
1059 1835 1136 1897 quae
1168 1835 1229 1879 non
1245 1815 1394 1879 'eamdem
1423 1818 1513 1897 plane
1548 1817 1797 1900 significationem
1844 1825 1875 1878 P.
1893 1827 1955 1898 aaa.

424 1920 525 1984 babet.
569 1921 603 1982 ln
626 1918 780 1982 Glossario
804 1915 1099 1998 Coptica-Arabica
1122 1914 1328 2003 araxitapror
1350 1923 1381 1978 et
1401 1932 1567 2000 μιστουρι.

509 2018 544 2082 ln
566 2017 675 2082 Rituali
702 2017 849 2081 Gabrielis
879 2015 985 2078 eadem
1015 2014 1187 2076 benedictio
1218 2013 1348 2095 legitur,
1380 2032 1446 2076 cum
1476 2016 1588 2096 exigua
1618 2013 1798 2077 differentia.
1884 2023 1889 2030 '

421 2118 551 2182 Domine
571 2117 656 2180 Deras
676 2118 729 2198 qui
755 2133 875 2179 emaum
903 2122 984 2176 taum
1015 2113 1130 2178 isaiam
1162 2111 1361 2193 Prophetam,
1395 2115 1519 2193 dianam
1545 2112 1650 2191 fecisti
1677 2113 1801 2176 ridendi

424 2219 602 2298 Seraphim:
623 2217 655 2277 in
677 2214 808 2278 Arabica
831 2215 973 2276 versione
997 2211 1174 2288 Cherubim,
1197 2214 1229 2274 in
1251 2214 1336 2291 capra
1363 2231 1455 2274 mann
1474 2212 1599 2291 forceps
1627 2219 1710 2290 erat,
1740 2231 1799 2292 prro

423 2320 543 2397 accepit
564 2316 725 2378 carbonem
755 2316 794 2376 de
816 2332 907 2392 nrper
929 2313 1024 2374 altari
1044 2319 1074 2373 et
1102 2313 1134 2372 in
1157 2331 1193 2374 aa
1222 2314 1287 2390 mur
1313 2311 1396 2372 iham
1422 2312 1540 2390 irpeoii:
1570 2309 1659 2372 Nunc
1691 2311 1800 2386 etiam,

423 2415 507 2478 Denta
527 2415 623 2477 Pater
643 2415 846 2491 omnipotens,
869 2412 997 2473 extende
1022 2429 1143 2472 amatum
1167 2418 1251 2471 tuam
1278 2428 1369 2489 arrper
1397 2409 1455 2470 hoc
1485 2409 1643 2484 cochlear,
1674 2431 1715 2472 ea
1742 2429 1801 2490 qao

424 2515 474 2578 vel
496 2516 529 2576 in
550 2532 624 2594 pua,
647 2511 858 2591 mreipiendae
879 2516 948 2570 armi
968 2509 1115 2588 reliquiae
1136 2516 1262 2570 sanctae
1277 2495 1524 2592 (ἦιλουμψανον
1537 2508 1673 2587 rivuli.)
1717 2507 1801 2570 Ara-

425 2615 493 2677 biae
515 2613 666 2687 membru,
689 2612 829 2690 corporis
853 2608 1003 2688 Unipeniii
1027 2608 1085 2687 filii
1112 2609 1173 2684 tui,
1201 2605 1325 2670 Domini
1352 2606 1412 2668 Dei
1443 2613 1473 2667 et
1501 2605 1676 2669 Saloutaria
1702 2608 1802 2670 nostri

425 2711 500 2774 dean
523 2708 646 2773 Christi.
691 2708 724 2770 ln
747 2709 878 2771 Arabica
901 2707 1060 2781 versione,
1084 2709 1225 2786 corporis
1247 2708 1354 2769 sancti.
1402 2703 1536 2766 eredic
1563 2707 1652 2782 iliud,
1681 2708 1801 2768 sancti-

422 2813 485 2892 fica
505 2809 597 2871 ihad:
619 2810 662 2871 da
682 2801 886 2871 ilii'virtntem
908 2816 938 2870 et
956 2807 1088 2885 pluriam
1107 2805 1252 2886 smaiprb,
1281 2807 1333 2885 pai
1361 2812 1407 2866 eat
1428 2806 1460 2865 in
1489 2804 1599 2865 maim
1629 2805 1800 2886 Seraphim,

425 2917 481 2973 etc.
527 2908 570 2970 lto
594 2925 668 2970 sane
690 2907 803 2971 rectius
825 2907 902 2969 verti
926 2904 1035 2984 debet,
1065 2923 1153 2986 quam
1181 2905 1433 2985 interpretatione
1456 2909 1560 2965 nostra
1578 2907 1799 2986 expressimus:

423 3007 504 3071 illam
527 3007 605 3070 enim
629 3005 738 3070 dudum
761 3025 801 3068 ex
824 3005 883 3068 alio
905 3002 1072 3085 exemplari
1103 3003 1229 3082 iactam,
1261 3021 1327 3064 cum
1353 3002 1463 3067 Rituali
1495 3004 1643 3068 Gabrielis
1673 3020 1800 3084 compa-

425 3125 496 3170 rare
519 3105 604 3170 obliti
627 3106 788 3169 lueremus.
1804 3117 1805 3120 ¹

512 3207 622 3269 Versio
652 3206 740 3287 hujus
769 3202 987 3266 benedictionis
1016 3218 1095 3283 quae
1126 3209 1209 3264 extat
1239 3203 1269 3263 in
1300 3201 1469 3282 Symmictis
1499 3203 1673 3278 Allatiauis,
1701 3217 1800 3282 pauca

427 3304 612 3369 emendanda
634 3302 735 3368 hebet.
781 3301 842 3368 Sed
865 3319 930 3364 eam
954 3317 1015 3362 nau
1037 3318 1077 3362 ex
1100 3298 1227 3380 Coptica
1258 3301 1424 3382 exemplari
1457 3321 1577 3364 versam
1605 3319 1675 3363 esse
1703 3298 1801 3361 mani-

426 3404 535 3468 festum
559 3409 622 3482 est,
657 3418 718 3464 nou
748 3402 844 3484 magis
874 3417 962 3480 quam
996 3399 1140 3479 reliquas.
1184 3399 1334 3462 Perverse
1357 3409 1456 3463 tamen
1485 3408 1515 3464 et
1543 3408 1648 3463 contra
1677 3397 1801 3460 Arabici

427 3503 609 3584 exemplaris
632 3503 810 3564 sententiam
824 3499 945 3582 legitur.
989 3496 1072 3560 Dente
1083 3500 1135 3579 pari
1151 3500 1285 3578 pomisii
1297 3518 1417 3562 sernum
1430 3508 1511 3562 taum
1529 3500 1644 3561 isaiam
1661 3497 1802 3578 Prophe-

354 3685 357 3692 *
426 3611 505 3678 iam,
528 3603 669 3682 dipnnm,
698 3607 732 3662 nt
752 3601 871 3692 uideret
895 3597 1072 3678 Seraphim,
1103 3607 1133 3659 ct
1155 3597 1293 3678 forcipes
1320 3599 1352 3659 in
1381 3617 1472 3661 mann
1494 3601 1558 3678 ejrta
1586 3587 1744 3671 tenentem,
1775 3602 1805 3656 et

426 3701 609 3780 deserendam
630 3701 670 3761 iis
692 3699 839 3761 calcariam
861 3700 985 3778 madum
1007 3716 1099 3777 rarper
1121 3697 1234 3771 aliare,
1264 3704 1294 3757 et
1316 3698 1523 3760 admoventem
1551 3700 1600 3760 ari
1626 3715 1691 3758 ruo.
1735 3694 1802 3756 Po-

427 3801 517 3864 ntiati
537 3801 676 3880 dianam,
698 3797 902 3860 barbarismus
932 3803 993 3858 est:
1025 3795 1161 3875 forcipes
1186 3795 1295 3876 plurali
1325 3814 1450 3860 numero
1481 3798 1631 3876 interpres
1661 3793 1801 3870 reddidit,

428 3902 497 3982 quia
520 3917 630 3962 nomen
653 3897 744 3975 illud,
767 3904 799 3959 ut
822 3897 880 3959 alia
902 3895 1064 3973 nonnulla,
1086 3893 1166 3956 duali
1189 3911 1314 3957 numero
1338 3895 1417 3977 apud
1440 3895 1560 3958 Arabes
1574 3901 1747 3975 usurpatur,
1771 3899 1802 3952 at

426 4000 458 4062 in
480 3998 626 4082 singulari
648 3997 770 4079 legitur,
794 4003 854 4058 tum
870 3997 901 4057 in
924 3993 1090 4074 exemplari
1113 3992 1259 4074 Coptica,
1283 4003 1343 4057 tum
1366 3998 1397 4059 in
1419 4013 1506 4058 sacra
1519 3997 1678 4076 scriptura,
1702 4013 1719 4055 a
1743 4009 1800 4072 qua

428 4117 503 4162 sane
525 4096 630 4161 recedi
651 4113 713 4158 non
737 4096 913 4176 oportebat,
937 4101 1042 4157 contra
1065 4099 1166 4154 textus
1189 4111 1278 4173 quem
1301 4093 1331 4156 in
1354 4094 1490 4158 manibus
1512 4093 1656 4170 babebat,
1689 4091 1802 4152 lectio-

427 4215 505 4262 nem.
549 4195 657 4279 Neque
680 4196 759 4258 enim
783 4194 900 4277 Serapb
922 4193 1029 4257 detulit
1052 4191 1213 4254 carbonem
1236 4193 1362 4273 ignitum
1384 4211 1478 4274 super
1500 4192 1611 4269 altare,
1643 4197 1673 4252 et
1686 4184 1802 4251 ‘admo-

336 4329 341 4336 ·
426 4299 470 4360 vit
492 4297 538 4360 ari
561 4313 635 4375 suc,
660 4295 714 4358 sad
738 4314 778 4358 ex
806 4295 893 4358 altari
921 4293 1057 4375 accepit,
1087 4300 1117 4354 et
1147 4290 1277 4354 admovit
1307 4291 1393 4355 labiis
1421 4291 1600 4372 Prophetae.
1647 4287 1800 4368 Sequitur,

425 4396 566 4460 Enterrde
587 4415 710 4458 manum
732 4401 815 4458 ittam
836 4413 928 4476 rupea·
950 4391 1185 4482 haatcochieur,
1208 4411 1266 4472 qna
1288 4393 1417 4454 rumimr
1444 4409 1555 4471 carpus
1583 4395 1720 4450 sanctum
1746 4386 1804 4468 ptis·

426 4499 471 4560 tui
494 4496 648 4576 anipmiti.
695 4492 728 4556 ln
756 4493 882 4575 Coptica
916 4499 1001 4555 textu
1029 4491 1141 4572 legitur
1163 4487 1325 4577 λείψανον
1354 4507 1462 4571 nempe
1489 4491 1634 4570 reliquiae
1660 4486 1802 4568 corporis

427 4594 555 4673 Christi,
578 4611 668 4675 quam
694 4611 801 4656 vocem
824 4592 944 4655 Arabes
966 4597 1124 4653 verterunt
1147 4608 1204 4672 per
1226 4591 1359 4656 membra
1381 4590 1535 4671 corporis,
1559 4605 1636 4670 quae
1658 4604 1721 4649 vox
1743 4604 1802 4648 ex-

428 4695 563 4774 pressius
586 4693 700 4756 realem
721 4693 922 4774 praesentiam
945 4690 1105 4773 significat.
1151 4691 1255 4770 ltaque
1278 4708 1332 4753 cur
1355 4697 1492 4753 neutram
1515 4687 1682 4751 reddiderit
1703 4687 1802 4748 inter-

428 4811 500 4875 pres
523 4811 615 4856 causa
639 4793 722 4855 nulla
744 4801 825 4872 erat,
849 4793 907 4854 nisi
930 4789 1008 4853 lorte
1031 4788 1112 4870 quod
1142 4797 1279 4853 neutram
1309 4790 1474 4868 intellexit,
1504 4795 1555 4851 aut
1584 4787 1666 4869 quod
1696 4785 1802 4849 alienis

429 4892 524 4956 oculis
547 4890 684 4955 codicem
711 4911 797 4954 suum
819 4889 959 4972 inspexit.
1387 4899 1395 4908 ·

1518 4988 1595 5065 55*
