4736 6064
688 577 766 651 454
1079 544 1237 656 arros
1272 576 1669 659 onnrnnrronrs

601 791 606 801 ¹
636 845 640 850 ¹
687 768 847 861 puritate3
874 773 908 836 et
934 764 1023 856 elige
1049 786 1112 837 nos
1140 786 1215 836 cum
1241 787 1284 837 eo
1312 764 1355 836 ad
1380 764 1520 853 bonum,
1547 775 1584 838 ut
1598 755 1805 863 operemur,
1838 779 1873 843 et
1907 775 2059 868 accipia-

687 901 761 950 mus
789 879 944 951 talentum
971 901 1046 951 cum
1072 879 1183 968 lucro,
1210 891 1312 974 utque
1337 883 1550 974 recipiamus,
1576 903 1651 954 cum
1669 885 1823 958 omnibus
1840 889 1894 980 qui
1921 884 1963 958 ab
1991 887 2061 958 ini·-

685 999 731 1065 tio
758 993 908 1066 iecerunt
934 995 1139 1067 voluntatem
1165 1005 1266 1083 mam,
1294 994 1482 1088 mercedem
1509 1001 1687 1070 oeconomi
1711 999 1882 1094 prudentis
1909 1011 1943 1072 et
1972 1000 2062 1073 tide-

685 1107 744 1197 lis,
771 1111 805 1180 in
832 1109 978 1182 adventu
992 1111 1144 1197 Domini,
1171 1108 1237 1180 Dei
1264 1118 1298 1180 et
1311 1109 1500 1183 Salvatoris
1526 1115 1632 1184 nostri
1648 1113 1731 1185 Jesu
1745 1114 1877 1204 Christi,
1905 1120 1971 1210 qui,
1998 1126 2062 1190 etc.

796 1225 889 1296 Tunc
921 1228 1038 1296 senior
1068 1225 1262 1317 Episcopus
1295 1226 1478 1296 descendet
1512 1227 1555 1296 dc
1580 1226 1795 1319 symbrano,
1830 1237 1865 1300 ct
1895 1233 2062 1304 secundus

686 1339 731 1410 ob
759 1363 812 1428 eo,
841 1343 1111 1434 constituuntque
1136 1341 1291 1410 Electum
1317 1344 1353 1410 in
1379 1341 1490 1433 produ
1506 1341 1710 1433 Sqnthroni:
1737 1345 1961 1440 tenebuutquc
1981 1370 2061 1417 mu-

685 1478 748 1525 nuc
775 1459 865 1545 qus,
894 1461 929 1525 et
955 1457 1131 1548 antiquior
1157 1455 1250 1524 dicet
1274 1455 1364 1524 hunc
1391 1455 1683 1527 exclamet-ionem.

794 1569 1056 1643 lnthronisamus
1083 1580 1183 1665 caput
1207 1573 1325 1662 gregis
1350 1569 1393 1642 N.
1420 1570 1576 1642 divinitus
1603 1570 1743 1644 electum
1757 1570 1858 1646 Abba
1875 1573 1917 1646 N.
1925 1575 2064 1650 ¹Archi-

686 1688 879 1780 episcopum
906 1684 1175 1781 perPsephisma
1204 1684 1354 1772 sublime,
1382 1696 1417 1756 et
1442 1687 1774 1759 communicationem
1796 1710 1934 1782 opernm
1952 1693 2060 1764 mira-

684 1801 798 1873 bihum
825 1801 968 1895 Spiritus
995 1803 1121 1890 sancti,
1148 1823 1250 1896 super
1276 1800 1361 1871 hanc
1387 1799 1576 1872 cathedram
1603 1799 1699 1893 hujus
1725 1813 1863 1876 sanctae
1883 1803 2060 1878 Ecclesiae

686 1915 890 1988 Catholicae.
945 1913 1048 1987 Orate
1081 1937 1198 1988 omnes
1233 1918 1430 2010 quicumque
1464 1914 1518 1986 hic
1550 1921 1749 2009 congregati
1782 1920 1882 2006 estis,
1915 1929 1951 1990 ut
1982 1920 2059 1992 Do-

684 2034 793 2104 minus
827 2031 958 2123 gloriae
996 2041 1177 2102 conservet
1209 2029 1299 2103 illum
1332 2033 1427 2102 annis
1462 2030 1590 2121 multis,
1628 2029 1832 2127 temporibus
1866 2033 2059 2129 tranquillis,

686 2145 814 2242 absque
831 2144 1029 2235 turbatione,
1058 2146 1194 2218 tumultu
1221 2157 1254 2217 et
1280 2145 1449 2219 scandalo.
1502 2147 1693 2220 Praeserva
1706 2169 1782 2220 eum
1800 2148 1942 2220 Domine
1957 2149 2059 2222 illae-

685 2283 773 2352 sum,
800 2273 834 2333 et
860 2259 1144 2357 imperturbatum,
1170 2261 1396 2356 perficientem
1423 2261 1629 2334 voluntatem
1655 2274 1756 2352 mam,
1784 2263 1964 2336 secundum
1991 2264 2060 2338 bo-

684 2381 777 2450 noris
805 2376 1069 2472 amplitudinem,
1097 2399 1183 2470 quae
1216 2376 1314 2458 decet
1348 2398 1471 2448 nomen
1505 2385 1595 2449 tuum
1630 2386 1797 2466 sanctum,
1831 2379 1873 2450 ad
1906 2380 2059 2472 salutem,

683 2503 717 2565 et
743 2491 884 2585 gloriam
914 2497 1053 2565 amantis
1080 2491 1246 2570 Christum
1271 2491 1394 2587 populi.

788 2608 1077 2679 Archidiuconus.
1117 2605 1277 2680 Dicamus
1305 2629 1422 2679 omnes
1449 2611 1574 2678 hrtente
1600 2616 1745 2679 orantes.
1787 2607 1892 2705 ltprie
1920 2611 2057 2684 eleison.

788 2722 917 2793 Senior
942 2725 1135 2815 Episcopum
1161 2722 1233 2791 (dtu
1258 2744 1344 2793 uoce
1370 2722 1471 2794 dicet.

669 2931 673 2934 .
788 2838 827 2909 ln
853 2840 987 2909 nomine
1014 2839 1243 2911 sanctissimae
1270 2837 1439 2911 Trinitatis
1467 2836 1757 2912 consubstantialis
1784 2846 1819 2908 et
1844 2838 2056 2926 vivificantis,

684 2957 813 3043 Patris,
841 2965 874 3025 et
900 2954 993 3044 Filii,
1020 2965 1054 3025 et
1080 2952 1222 3049 Spiritus
1249 2957 1374 3025 sancti:
1400 2955 1478 3026 loco
1510 2952 1601 3026 beati
1634 2953 1890 3048 Archiepiscopi
1921 2953 1964 3025 N.
2000 2957 2056 3024 in-

682 3071 905 3144 thronisamus
933 3091 1033 3164 super
1059 3071 1156 3140 istam
1182 3066 1299 3140 urbem
1329 3067 1452 3142 Christi
1486 3080 1651 3142 amantem
1680 3068 1929 3156 Alexandriam,
1956 3067 2057 3142 Abba

663 3186 724 3262 N.
751 3196 908 3259 vocatum
935 3186 1091 3257 divinitus
1117 3205 1180 3279 per
1206 3183 1398 3275 suffragium
1422 3195 1584 3273 sanctum,
1610 3187 1750 3278 primum
1762 3183 2057 3281 Presbyteromm,

684 3314 717 3374 et
743 3300 1058 3397 Archiepiscopum:
1086 3299 1126 3370 ad
1154 3298 1284 3370 laudem
1302 3309 1337 3369 et
1351 3299 1493 3391 gloriam
1507 3300 1675 3373 Trinitatis
1689 3299 1869 3372 indivisae:
1898 3300 1939 3371 ad
1959 3299 2057 3370 aedi-

681 3419 889 3507 ficationem,
917 3415 1180 3510 tranquillitatem
1208 3424 1242 3484 et
1266 3403 1452 3485 firmitatem
1478 3415 1571 3487 fidei:
1599 3414 1642 3486 ad
1667 3437 1785 3509 pacem
1813 3422 1846 3486 et
1872 3413 2056 3496 confirma-

681 3537 806 3605 tionem
832 3531 929 3624 hujus
956 3529 1136 3603 cathedrae
1161 3551 1265 3624 purae
1299 3540 1332 3601 et
1364 3530 1571 3625 splendidae:
1604 3541 1638 3603 et
1671 3531 1713 3602 ad
1740 3531 1954 3605 serenitatem
1988 3529 2056 3598 im-

681 3646 908 3742 perturbatam
933 3643 1137 3717 venerabilis
1164 3644 1341 3720 Ecclesiae
1366 3646 1440 3717 Dei.

785 3749 938 3841 Populus
965 3748 1098 3819 clontot.
1150 3748 1293 3841 Dignus.
1320 3748 1460 3840 Dignus.
1483 3749 1628 3840 Dignus.

789 3865 883 3935 Tunc
915 3863 1086 3934 collocant
1120 3885 1195 3933 eum
1228 3885 1332 3956 super
1365 3863 1537 3950 thronum,
1577 3870 1611 3933 et
1643 3868 1697 3933 ter
1730 3883 1873 3954 surpere
1904 3863 2056 3953 faniau:

679 3979 938 4073 Episcopusque
962 3983 1080 4051 senior
1101 3978 1195 4048 dicit.

787 4093 1000 4167 Collocamus
1031 4091 1133 4166 Abba
1160 4092 1201 4164 N.
1234 4092 1532 4187 Archiepiscopum
1568 4113 1670 4187 super
1704 4089 1855 4165 thronum
1891 4101 2053 4181 sanctum,

679 4209 913 4305 Apostolicum
955 4219 989 4280 et
1022 4207 1266 4301 Evangelicum
1298 4208 1407 4280 Patris
1442 4209 1548 4280 nostri
1582 4210 1706 4296 sancti,
1742 4207 1854 4280 divina
1888 4207 2053 4301 loquentis

679 4323 802 4413 Marci,
829 4328 862 4395 in
889 4326 1022 4398 nomine
1047 4323 1167 4411 Patris,
1195 4333 1229 4394 et
1253 4322 1328 4394 Filii
1354 4334 1389 4394 et
1414 4322 1557 4417 Spiritus
1584 4327 1700 4396 sancti.
1752 4325 1872 4396 Amen.

784 4438 948 4532 Populus
1001 4439 1142 4530 Dignus.
1168 4439 1311 4530 Dignus.
1336 4436 1477 4530 Dignus.

674 4609 678 4616 .
783 4555 915 4625 Postea
941 4554 1112 4624 collocant
1138 4577 1213 4637 eum
1237 4557 1274 4623 in
1301 4553 1441 4640 throno,
1474 4555 1526 4623 itu
1558 4560 1689 4625 utnon
1723 4576 1762 4625 ec
1793 4559 1946 4624 moaeot:
1979 4573 2053 4642 po-

679 4677 828 4765 nuntque
854 4669 1077 4765 Euangelium
1101 4664 1283 4739 secundum
1308 4667 1464 4738 Murcum
1488 4671 1525 4738 in
1550 4671 1627 4739 mnu
1653 4673 1735 4758 apen,
1763 4674 1798 4738 et
1824 4689 1939 4739 omnes
1959 4666 2053 4758 Epi-

680 4789 778 4878 scopi
805 4785 1002 4856 oscutuntur
1029 4807 1117 4871 cum,
1144 4783 1362 4876 salutantque
1389 4782 1507 4854 Clarus
1534 4790 1569 4853 et
1594 4786 1701 4853 omnis
1722 4782 1879 4875 populus.

785 4912 922 4984 Deinde
939 4913 1093 4984 Diueoui
1119 4911 1236 4982 diccunt
1261 4910 1335 4981 ulto
1359 4933 1445 4982 uoce
1470 4933 1657 4983 ammonem
1674 4910 1984 4998 inthroniautiouta,
2007 4933 2054 4980 eu

683 5027 864 5099 Archene:
891 5034 926 5098 et
946 5033 1072 5120 posteo
1097 5026 1206 5114 Audi,
1233 5032 1315 5097 tono
1336 5026 1517 5118 producto.
1570 5026 1693 5100 Multos
1720 5047 1845 5100 annos:
1877 5032 1911 5097 et
1937 5025 2055 5096 laudea
