4736 6064
662 577 917 654 AIAEXANDRINI
948 576 1214 656 JAGOBITARUM
1239 578 1512 660 PATRIAROHAE.
1693 579 1769 654 443

459 763 504 840 Οἱ
519 759 589 838 ἀπὸ
606 769 667 858 τῆς
681 765 917 863 φιλοχρίστου
931 764 992 840 καί
1006 795 1075 861 με-
1161 766 1265 840 Cives
1300 790 1444 861 magnae
1485 767 1576 844 urbis
1613 769 1773 843 Alexan-

404 877 628 980 yuicrroiemc
653 877 898 979 Ἀλεξανδρίας
922 880 983 955 καί
1004 889 1070 956 τοῦ
1109 883 1202 955 driae
1230 880 1396 958 Christum
1423 889 1581 976 amantis,
1615 896 1648 960 et
1673 889 1772 978 ejus-

404 992 653 1092 νόμουαιίτῆς,
671 998 754 1072 λίαν
762 994 1069 1096 φιλοπάτορεςίίν-
1110 999 1184 1072 dem
1219 999 1337 1092 Nomi,
1365 1026 1439 1074 cnm
1471 1002 1603 1075 Patrum
1638 1025 1774 1076 suorum

404 1140 475 1202 τες,
498 1111 558 1186 καί
579 1111 632 1209 μὴ
647 1110 844 1210 δυνάμενοι
858 1119 911 1208 τῷ
927 1119 987 1210 τῆς
1000 1111 1067 1212 ὀρ-
1108 1120 1323 1190 amantissimi
1359 1123 1443 1208 sint,
1479 1127 1513 1190 et
1553 1123 1588 1190 in
1623 1120 1774 1194 orbitatis

405 1228 534 1328 φανίας
543 1232 670 1306 πένθει
681 1234 857 1325 ἐμμεῖναι,
870 1227 961 1305 ἄλλοί
972 1258 1067 1327 προ-
1108 1230 1196 1340 luctu
1223 1233 1342 1306 diutius
1375 1257 1549 1307 remanere
1584 1257 1652 1307 non
1684 1258 1773 1332 pos-

403 1342 536 1440 θύμαις
561 1345 617 1421 ἐπί
641 1345 684 1421 τὸ
716 1345 807 1422 αὐτὸ
839 1344 1068 1444 συμβούλιον
1109 1359 1194 1437 sent,
1221 1349 1363 1422 libenter
1382 1361 1415 1422 ct
1430 1374 1476 1423 ex
1499 1355 1599 1424 animi
1616 1356 1667 1426 sui
1686 1341 1772 1426 sen-

403 1459 652 1559 ποιησάμενοι,
669 1469 736 1537 τοῦ
752 1465 916 1560 ἐξητῆσαι
934 1467 1070 1548 ἑαυτοῖς
1108 1469 1209 1538 tentia
1236 1467 1409 1541 consilium
1425 1471 1510 1540 inter
1526 1468 1773 1560 sanctuarum,

402 1583 537 1677 πατέρα
546 1581 729 1654 ίίτπευσαν.
737 1578 848 1656 Ὅθεν
857 1581 1068 1676 σαναχθεν-
1108 1592 1141 1653 et
1158 1593 1320 1677 expetere
1339 1583 1402 1658 sibi
1416 1595 1545 1680 patrem
1563 1585 1769 1658 festinanmt

403 1721 479 1770 των
503 1701 578 1770 τῶν
609 1692 818 1771 ὁσιωτάτων
849 1693 1066 1786 ἐπισκόπων,
1107 1697 1204 1770 Unde
1226 1705 1441 1792 congregatis
1460 1705 1677 1775 sanctissimis
1693 1700 1774 1798 Epi-

403 1809 464 1886 καί
484 1811 777 1908 θεοσεβεστοίτιον
799 1815 1068 1911 πρεσβυτέρων,
1110 1819 1234 1911 scopis,
1254 1827 1287 1888 et
1304 1799 1565 1910 religiosissimis
1583 1816 1773 1915 Presbyte-

404 1925 464 2001 καί
481 1925 774 2026 θεοφιλεστάτοιν
787 1925 983 2018 διακόνων,
991 1927 1068 2022 ἅμα
1109 1934 1167 2019 ria,
1185 1931 1346 2027 simulque
1359 1934 1423 2006 Dei
1441 1938 1673 2008 amantissimis
1685 1933 1774 2006 Dia-

403 2043 559 2119 καὶτῶν
586 2041 859 2141 εὐλαβεστοίταιν
882 2041 1068 2137 ’μοναζόν-
1109 2051 1219 2136 conis‚
1246 2051 1469 2146 piissimisque
1494 2048 1680 2139 Monachis,
1708 2073 1773 2122 ce-

403 2188 500 2251 των,
531 2157 748 2254 ὀνομάσταιν
781 2160 996 2260 νῇιουμίνων
1022 2189 1070 2250 τε,
1108 2160 1361 2260 leberrimisque
1392 2167 1623 2258 Hegumenis,
1660 2171 1773 2238 omni-

403 2275 463 2350 καί
484 2274 617 2360 παντὸς
635 2286 701 2350 τοῦ
724 2277 961 2375 φιλοχρίστοα
978 2283 1069 2352 λαοῦ
1109 2301 1173 2374 que
1182 2279 1347 2354 Christum
1356 2292 1487 2354 amante
1496 2282 1619 2378 populo
1630 2305 1773 2375 magnac

403 2399 463 2489 τῆς
486 2399 561 2468 τῶν
577 2390 840 2492 Ἀλεξανδρέων
860 2389 1069 2494 paparone-
1108 2394 1200 2467 urbis
1232 2396 1557 2487 Alexandrinorum,
1596 2383 1630 2470 et
1664 2403 1772 2471 omnis

402 2505 866 2605 λεως,καίποίσηςτῆςκοίτω
875 2506 1070 2610 Αἰγύπτου
1110 2515 1260 2604 regionis
1286 2514 1437 2612 Aegypti
1463 2514 1649 2606 inferioris,
1682 2505 1773 2586 una-2

399 2621 529 2724 χώρας.
557 2622 630 2698 Καί
649 2622 900 2720 ὁμοθτίμαδον
917 2625 1070 2726 γενόμι-
1108 2631 1187 2700 nimi
1214 2651 1392 2722 consensu,
1419 2653 1542 2724 magno
1570 2632 1677 2706 studio
1706 2631 1772 2702 ad-

403 2770 461 2818 νοι
475 2739 535 2815 καί
550 2738 714 2838 σποαιίῆν
728 2741 812 2841 παρ’
821 2740 940 2828 αὐτοῖς
950 2749 1071 2818 πᾶσαν
1108 2741 1221 2833 bibito,
1241 2769 1446 2842 quacumque
1459 2757 1646 2845 potuerunt,
1662 2771 1774 2842 quae-

402 2861 738 2958 uepercsre'yxcrrac,
757 2858 818 2934 καί
836 2857 1070 2954 πανταχόθεν
1104 2864 1259 2934 siverunt
1292 2885 1368 2935 eum
1401 2869 1553 2960 reperire
1585 2868 1639 2960 qui
1672 2865 1773 2958 digna

404 2976 551 3074 ἔρευναν
575 2971 835 3071 ποιησάμενοι,
860 2981 927 3049 τοῦ
956 2973 1071 3073 εὑρεῖν
1110 2976 1248 3050 deberet
1265 3001 1414 3076 pascere
1440 3004 1514 3070 nos,
1542 2992 1576 3054 et
1601 2991 1716 3053 tenere
1739 2983 1774 3050 in

402 3088 468 3166 τόν
494 3087 602 3175 ἀξίως
639 3089 833 3190 ὀφείλοντα
863 3091 1068 3186 ποιμαίνειν
1108 3091 1205 3168 bonis
1240 3100 1374 3192 pascuis
1411 3109 1444 3170 et
1483 3102 1517 3170 in
1551 3100 1628 3171 loco
1666 3097 1772 3170 uberi.

402 3205 576 3302 ἡμᾶς,καί
593 3215 768 3306 κρατῆσαι
784 3211 822 3284 ἐν
836 3213 932 3303 νομῇ
946 3204 1071 3308 ἀγαθῇ
1108 3209 1205 3282 Unde
1242 3235 1316 3284 cum
1356 3217 1479 3286 intente
1519 3217 1773 3288 invocassemus

403 3326 464 3401 καί
482 3331 520 3403 ἐν
545 3324 644 3422 τόπῳ
669 3326 778 3403 πίονι.
803 3326 915 3404 Ὅθεν
935 3326 996 3401 καί
1013 3331 1070 3401 ἐκ-
1109 3329 1219 3398 0mnia
1264 3332 1518 3425 perspicientem
1567 3332 1693 3418 Deum,
1738 3337 1774 3401 ut

403 3449 510 3528 τενῶς
535 3447 847 3540 ἐπικαλεσαμένων
872 3442 977 3540 ἡμῶν
1003 3441 1069 3530 τόν
1109 3440 1284 3516 exhiberet
1309 3443 1407 3519 nobis
1435 3470 1510 3520 enm
1535 3452 1591 3544 qui
1618 3447 1693 3519 huic
1718 3447 1774 3518 di-

403 3557 654 3656 παντεπόπτην
674 3557 783 3650 Θεόν,
800 3567 866 3635 τοῦ
880 3566 1069 3660 παραστῆ-
1108 3562 1224 3650 gnitati
1265 3573 1357 3636 esset
1391 3563 1550 3654 idoneus,
1584 3564 1774 3657 designavit
1822 3549 1827 3556 ’

402 3699 464 3752 σαι
493 3675 585 3772 ἡμᾶς
612 3675 678 3753 τὸν
704 3673 910 3772 ἀξιώματος
936 3674 1071 3752 τοίτου
1110 3674 1208 3748 nobis
1239 3688 1276 3748 ut
1312 3678 1429 3752 oculos
1465 3683 1707 3772 conjiceremus
1739 3683 1774 3749 in

404 3792 607 3892 ὀφείλοντα,
616 3791 798 3874 ὑπέδειξεν
809 3792 910 3889 ἡμῖν,
920 3791 1010 3869 ίιίεῖν
1024 3795 1070 3878 είς
1108 3789 1149 3860 Ν.
1177 3792 1464 3886 religiosissimum
1479 3796 1717 3894 Presbyterum
1740 3804 1774 3867 ct

403 3907 517 3986 τὸνΔ.
533 3907 598 3984 τόν
613 3905 1071 4008 θεοσεβελττατονπρεσβύ-
1109 3909 1292 4003 piissimum
1317 3911 1527 4000 Monachum,
1554 3912 1669 4010 inclyti
1690 3911 1773 3985 Μο-

404 4053 528 4122 τερον,
562 4024 623 4100 καὶ
654 4023 915 4124 εὐλαβελῐτατον
949 4026 1071 4121 μανά·
1109 4031 1246 4098 nasterii
1272 4027 1313 4100 N.
1346 4039 1446 4124 utque
1477 4051 1552 4102 eum
1584 4033 1774 4104 constitue-

405 4140 529 4233 ζοντα,
558 4153 625 4218 τοῦ
651 4140 798 4243 εὐαγοῦς
822 4142 1070 4243 μοναστηρίου
1111 4163 1222 4216 remus
1250 4167 1412 4217 sunnnum
1436 4146 1611 4219 Pastorem
1638 4157 1672 4218 et
1697 4147 1772 4218 Ar-

404 4267 444 4334 Δ.
461 4266 593 4335 τοῦτον
608 4254 675 4336 οὖν
687 4266 754 4334 τοῦ
766 4269 985 4358 καταστῆσαι
999 4258 1069 4334 αὐ-
1110 4257 1378 4356 chiepiscopum‚
1432 4265 1487 4357 qui
1533 4263 1667 4336 sederet
1712 4283 1773 4356 per

404 4374 469 4451 τὸν
486 4371 743 4474 ἀρχιποίμενα,
761 4375 820 4451 καί
837 4374 1069 4475 ἀρχιεπίσκο-
1110 4380 1359 4449 successionem
1377 4381 1410 4449 in
1426 4377 1544 4450 throno
1562 4377 1772 4469 Evangelico

404 4520 495 4582 πον,
527 4490 588 4566 καί
617 4495 902 4593 προκαθημενον
928 4492 984 4568 ε’πί
1009 4500 1070 4588 τῆς
1108 4490 1290 4564 admirandi
1316 4491 1439 4582 Marci,
1467 4494 1579 4566 divina
1604 4494 1716 4580 locuti,
1738 4501 1773 4563 et

405 4605 576 4704 διαδοχῆς
594 4615 661 4683 τοῦ
678 4607 909 4710 εὐαγγελικοῦ
927 4607 1070 4700 sance,
1107 4607 1281 4703 Apostoli,
1317 4609 1359 4681 ad
1394 4609 1696 4698 confirmationem,
1739 4618 1772 4680 et

404 4731 471 4800 τοῦ
487 4722 676 4802 δεοπεοίου
692 4723 855 4823 Μάρκου
872 4739 938 4800 τοῦ
955 4729 1067 4822 ‹isop-
1107 4723 1377 4800 reformationem
1404 4737 1591 4800 sanctarum
1611 4728 1676 4800 Dei
1696 4726 1771 4798 Ec-

404 4839 559 4939 ρήμονος
572 4838 1069 4933 καίἈποστόλου,εὶςούστα-
1109 4843 1302 4932 elesiarum,
1352 4843 1394 4919 de
1436 4866 1501 4939 quo
1549 4847 1771 4918 testimonium

405 4982 466 5034 σιν
483 4956 544 5033 καί
560 4955 767 5056 διόρθωσιν
778 4961 854 5029 τῶν
871 4959 987 5060 ἁγίων
1003 4967 1070 5036 τοῦ
1108 4957 1253 5032 habitum
1287 4969 1354 5050 est,
1388 4963 1422 5032 iu
1453 4958 1563 5033 locum
1595 4961 1696 5034 Abba
1725 4961 1770 5032 N.

406 5069 1066 5177 eemextmmmb‘ccaempzvmjeq,
1111 5079 1164 5171 qui
1205 5081 1239 5148 in
1276 5079 1400 5174 pietate
1435 5077 1611 5152 defunctus
1650 5078 1771 5152 bonam

427 5214 538 5260 romunt
1516 5197 1564 5271 72
