4736 6064
681 671 758 749 488
973 671 1765 752 LITURGIACOMMUNIS

681 849 761 930 fecti
792 858 910 955 procul
936 867 1029 949 suut,
1056 868 1090 931 et
1113 857 1216 929 reduc
1244 879 1305 930 eos
1332 857 1373 929 ad
1398 857 1585 931 habitacula
1611 880 1728 930 eorum
1754 864 1788 933 in
1813 881 1901 956 pace
1932 867 1969 930 et
1996 881 2058 933 sa-

681 975 798 1046 nitate:
824 972 967 1046 benedic
992 977 1104 1046 ventis
1132 971 1219 1044 coeli
1245 983 1280 1044 et
1306 973 1445 1069 pluviis,
1471 972 1698 1068 fructibusque
1725 985 1836 1046 terrae
1853 973 1953 1067 bujus
1970 975 2059 1064 anui,

682 1087 862 1162 secundum
889 1091 1031 1181 gratiam
1062 1097 1166 1161 tuam:
1199 1098 1337 1184 praesta
1369 1088 1525 1181 gaudium
1553 1098 1587 1160 ct
1618 1088 1778 1164 laetitiam
1811 1109 1913 1184 super
1938 1087 2060 1160 faciem

682 1212 814 1294 terrae,
840 1211 875 1276 et
900 1201 1060 1277 confirma
1086 1201 1184 1277 nobis
1210 1225 1330 1299 pacem
1357 1213 1456 1276 tuam.

788 1317 962 1392 Converte
988 1339 1049 1390 cor
1075 1318 1207 1410 Regum
1242 1321 1424 1416 potentium
1456 1320 1490 1388 in
1525 1318 1648 1391 bouum
1685 1339 1770 1411 erga
1804 1341 1883 1392 nos:
1911 1320 2062 1392 concede

682 1433 896 1506 Pontificibus
923 1431 1100 1507 Ecclesiae
1126 1443 1281 1523 sanctae,
1308 1444 1342 1506 et
1368 1433 1520 1505 omnibus
1548 1433 1729 1506 secundum
1746 1436 1908 1528 cujusque
1925 1456 2061 1526 nomen,

682 1552 825 1642 gratiam
852 1571 967 1622 coram
993 1547 1145 1642 Regibus
1178 1545 1385 1644 potentibus:
1425 1551 1659 1644 principesque
1695 1549 1750 1644 qui
1784 1547 1848 1620 illis
1884 1553 2062 1646 imperant,

683 1662 800 1736 faciles
827 1675 861 1735 et
886 1667 1036 1759 placatos
1063 1665 1127 1736 ibis
1154 1663 1258 1735 redde
1284 1664 1438 1735 Domine.

790 1779 943 1865 Quietem
971 1800 1103 1874 quoque
1118 1789 1254 1874 praesta
1281 1778 1430 1874 patribus
1458 1787 1492 1849 et
1518 1776 1675 1851 fratribus
1701 1781 1824 1854 nostris
1847 1781 1902 1874 qui
1930 1778 2061 1852 dormi-

684 1898 808 1966 tionem
839 1902 1057 1989 acceperunt,
1085 1905 1119 1966 et
1151 1892 1377 1966 decubuerunt
1407 1896 1441 1965 io
1473 1893 1539 1965 fide
1566 1892 1784 1967 Ortbodoxa:
1820 1892 1962 1966 benedic
1997 1895 2062 1970 illis

685 2013 741 2104 qui
767 2018 971 2105 occupantur
998 2012 1089 2081 circa
1121 2007 1212 2096 tbus,
1253 2030 1373 2103 panem
1405 2007 1600 2099 oblationis,
1635 2013 1767 2099 vinum,
1802 2008 1936 2098 oleum,
1971 2010 2063 2101 vela,

683 2123 789 2197 libros
816 2129 871 2220 qui
898 2128 931 2196 in
957 2123 1112 2196 Ecclesia
1139 2123 1312 2216 leguntur,
1340 2133 1373 2196 et
1398 2145 1485 2196 vasa
1517 2127 1712 2215 sanctuarii,
1739 2136 1775 2197 ut
1789 2123 1940 2199 Christus
1966 2126 2060 2198 Deus

683 2251 801 2312 noster
826 2239 969 2312 deducat
994 2261 1055 2312 eos
1082 2242 1116 2311 in
1141 2238 1329 2312 Jerusalem
1355 2239 1557 2328 coelestem,
1585 2249 1619 2311 et
1646 2262 1762 2314 omnes
1796 2243 1851 2335 qui
1885 2239 2061 2326 nobiscum

685 2359 883 2448 congregati
910 2365 1001 2442 suut,
1029 2363 1064 2426 et
1089 2365 1271 2450 expectant
1296 2352 1560 2426 misericordiam
1582 2351 1706 2427 Christi
1729 2359 1794 2428 Dei
1820 2359 1937 2430 nostri.
1989 2355 2061 2428 bli-

686 2491 803 2546 serere
829 2493 945 2542 eorum
972 2480 1007 2541 et
1033 2472 1177 2542 omnium
1203 2472 1257 2565 qui
1284 2469 1447 2541 dederumt
1471 2467 1569 2541 uobis
1597 2467 1835 2566 eleemosynas
1852 2493 1966 2544 coram
1994 2474 2058 2543 tri-

685 2583 797 2656 bunali
822 2594 879 2657 tuo
906 2585 1070 2672 timendo,
1096 2583 1229 2680 illisque
1254 2584 1420 2678 benignus
1447 2595 1532 2657 esto.
1587 2582 1712 2659 Omnes
1741 2590 1867 2658 animas
1885 2589 2063 2679 augustia-

686 2708 738 2772 tas
756 2709 790 2770 et
803 2699 950 2790 affictas,
977 2709 1170 2773 carceratos
1186 2721 1319 2795 quoque
1341 2711 1376 2772 et
1401 2703 1573 2795 captivos,
1600 2699 1719 2775 exules
1746 2712 1780 2772 et
1806 2704 1839 2772 in
1868 2705 2062 2774 servitutem

687 2813 869 2902 abductos,
896 2819 989 2886 etin
1017 2818 1139 2887 amaris
1165 2811 1337 2887 laboribus
1364 2815 1534 2903 detentos,
1560 2814 1654 2888 Deus
1681 2826 1797 2890 noster
1821 2838 1884 2913 per
1911 2814 2062 2888 multitu-

687 2928 796 3000 dinem
822 2930 1074 3004 misericordiae
1099 2939 1193 3020 tuae,
1221 2929 1317 3003 salva
1343 2929 1429 3002 illos.

790 3042 948 3118 Pontifex
973 3045 1057 3117 lesu
1085 3044 1217 3118 Christe
1243 3065 1360 3118 omnes
1387 3047 1442 3139 qui
1467 3056 1714 3143 praeceperunt
1738 3046 1852 3134 nobis,
1884 3057 1921 3117 ut
1946 3067 2061 3118 eorum

684 3161 972 3250 meminissemus,
999 3159 1132 3233 Christe
1158 3160 1252 3233 Deus
1278 3171 1395 3234 noster
1420 3173 1586 3236 memento
1614 3162 1744 3234 illorum
1770 3165 1804 3233 in
1837 3182 1946 3254 regno
1974 3183 2063 3233 coe-

686 3272 771 3347 lesti.
824 3276 967 3346 Domine
1009 3274 1139 3346 salvum
1180 3272 1235 3346 fac
1277 3275 1434 3370 populum
1468 3287 1576 3367 tuum,
1617 3284 1651 3348 et
1690 3276 1832 3349 benedic
1867 3274 2064 3349 haereditati

686 3399 778 3462 tuae:
814 3411 900 3481 rege
933 3409 993 3461 eos
1019 3399 1054 3462 et
1081 3389 1208 3462 extolle
1232 3389 1309 3463 illos
1335 3411 1441 3484 usque
1471 3393 1505 3461 in
1539 3401 1727 3464 aeternum:
1759 3389 1957 3485 custodique
1989 3391 2065 3464 illos

687 3508 721 3576 in
748 3503 812 3576 lide
832 3504 1029 3577 Ortbodoxa
1055 3516 1090 3577 et
1115 3507 1148 3576 in
1174 3504 1297 3598 gloria,
1325 3505 1477 3580 omuibus
1499 3505 1617 3580 diebus
1639 3510 1732 3579 vitae
1759 3528 1855 3580 suae:
1882 3503 1939 3577 fac
1966 3509 2066 3578 ctiam

688 3641 749 3693 eos
780 3620 899 3716 plenos
926 3623 1065 3693 caritate
1092 3644 1138 3692 ex
1164 3631 1234 3693 toto
1262 3621 1366 3694 corde
1382 3644 1518 3711 eorum,
1545 3621 1763 3716 omnibusque
1781 3623 1972 3717 superiore:
1998 3619 2066 3691 Per

686 3757 809 3830 preces
836 3745 870 3808 et
897 3734 1153 3831 deprecationes
1181 3759 1265 3832 qums
1291 3735 1393 3810 faciet
1417 3760 1480 3833 pro
1507 3736 1606 3811 nobis
1627 3739 1771 3808 Domina
1790 3738 1935 3808 omnium
1949 3745 2065 3808 sancta

688 3858 723 3920 et
753 3871 837 3945 pura
871 3850 997 3941 Maria,
1031 3850 1141 3922 Mater
1176 3852 1258 3924 Dei:
1298 3861 1332 3924 et
1361 3874 1426 3948 per
1458 3875 1580 3947 preces
1614 3873 1811 3945 magnorum
1846 3852 2065 3939 luminarium,

687 3963 849 4055 Michael,
876 3964 1034 4055 Gabriel,
1062 3966 1214 4062 Raphael
1240 3978 1274 4039 et
1300 3967 1427 4040 Suriel:
1454 3976 1663 4062 quatuorque
1689 3967 1878 4039 animalium
1901 3969 2066 4060 incorpo-

688 4103 837 4154 reorum:
865 4091 899 4154 et
924 4085 1042 4175 viginti
1070 4093 1212 4176 quatuor
1243 4081 1461 4155 Sacerdotum
1496 4082 1602 4155 coeli:
1635 4085 1742 4156 sancti
1773 4083 1912 4154 loannis
1944 4081 2065 4176 Bapti-

689 4208 786 4270 staez'
818 4195 952 4269 Patrem
991 4205 1180 4270 nostrorum
1223 4196 1505 4286 Patriarcbamm‚
1551 4197 1812 4292 Apostolorum,
1855 4197 2067 4290 septuaginta

690 4312 829 4385 duorum
867 4312 1119 4416 discipulorum,
1147 4319 1181 4384 et
1216 4315 1312 4384 trium
1346 4335 1539 4408 puerorum:
1573 4315 1680 4385 sancti
1715 4310 1888 4406 Stephani·
1909 4311 2066 4406 principis

689 4428 929 4520 Diaconorum,
956 4431 1062 4500 sancti
1090 4427 1247 4520 Georgii,
1274 4431 1380 4502 sancti
1406 4425 1593 4517 Theodori,
1621 4430 1730 4499 sancti
1756 4425 1932 4513 blercurii,
1959 4425 2068 4496 sancti

682 4541 850 4642 lllenuae,
892 4547 999 4616 sancti
1033 4541 1215 4633 Philotbei,
1256 4548 1363 4616 sancti
1393 4542 1568 4632 Basilidis,
1613 4546 1718 4615 sancti
1750 4543 1860 4613 Patris
1896 4538 1993 4629 Nob,
2033 4547 2067 4610 et

688 4660 832 4730 omnium
860 4667 1059 4754 martyrum:
1086 4661 1221 4731 Domini
1247 4681 1379 4755 quoque
1406 4670 1440 4730 et
1465 4661 1597 4750 magni,
1624 4661 1796 4753 sanctique
1820 4658 1929 4728 Patris
1958 4654 2066 4728 nostri

689 4771 789 4845 Abba
824 4775 978 4846 Antoni:
1014 4775 1217 4868 Patrumque
1249 4785 1438 4848 nostrorum
1473 4784 1664 4846 sanctorum
1696 4776 1794 4844 trium
1829 4769 2066 4857 blacariorum,

690 4887 866 4983 Patrisque
893 4893 1000 4962 nostri
1025 4888 1126 4962 Abba
1151 4887 1287 4978 Bicboi,
1315 4900 1350 4961 et
1373 4888 1474 4963 Abba
1500 4889 1651 4978 loannis,
1678 4884 1779 4964 Abba
1806 4885 1905 4984 Cyri,
1934 4894 1968 4958 et
1992 4886 2067 4958 Pa-

690 5005 750 5074 tris
783 5007 890 5078 nostri
922 5004 1023 5078 Abba
1057 5005 1258 5077 Barsomae:
1298 5007 1408 5078 Patris
1449 5007 1556 5077 nostri
1597 5002 1697 5077 Abba
1738 5001 1891 5090 Salama,
1926 5002 2066 5073 loannis

691 5116 803 5189 lfemi:
828 5121 975 5214 justique
1001 5120 1110 5192 Patris
1138 5123 1242 5192 nostri
1268 5120 1369 5193 Abba
1388 5119 1508 5211 Pauli,
1528 5129 1726 5215 patrumque
1746 5129 1936 5192 sanctorum
1951 5113 2067 5188 Grae-
