4760 6038
745 567 872 644 LXXII
1263 573 1648 652 olssurrlrro

744 761 946 852 inserantur,
973 759 1062 856 quod
1088 761 1208 856 ubique
1233 759 1269 832 lit
1293 782 1414 853 magna
1441 783 1515 833 cum
1541 764 1744 854 reverentia,
1768 762 1951 860 ritibusque
1975 761 2108 840 Graeco

745 878 926 954 simillimis.
980 877 1045 963 Qui
1071 900 1156 951 vero
1184 878 1347 950 elementa
1374 887 1548 973 antequam
1564 889 1762 952 consecrata
1776 882 1852 970 sint,
1869 887 1959 952 tanto
1980 880 2110 956 honore

743 1005 1004 1090 prosequuntur,
1029 992 1208 1066 11111111
1235 997 1289 1065 cui
1315 993 1477 1066 destinata
1505 1004 1580 1068 sunt
1606 993 1783 1086 dignitate,
1809 1017 1907 1068 nemo
1921 995 2021 1070 laoile
2047 1020 2110 1072 eos

639 1170 641 1180 .
743 1108 981 1182 Eucharistiam
1008 1131 1076 1182 non
1103 1108 1245 1180 adorare
1272 1107 1478 1182 existimabit.
1529 1107 1581 1181 Ila
1608 1132 1690 1183 sane
1716 1113 1749 1182 in
1775 1121 1870 1207 parte
1892 1133 1976 1206 quae
2000 1125 2109 1208 prac—
2224 1125 2232 1148 ¹

742 1229 909 1323 paratoria
935 1233 1057 1298 tantum
1085 1235 1156 1314 est,
1184 1224 1404 1298 Orientalibus
1431 1247 1472 1296 ca
1497 1225 1568 1298 laus
1596 1223 1753 1316 debetur,
1787 1227 1875 1322 quod
1902 1226 2107 1302 Occidenta-

741 1342 820 1414 lium
846 1341 1046 1433 diligentiam
1079 1341 1182 1434 longe
1209 1351 1374 1437 superant
1426 1339 1532 1414 Nefas
1565 1344 1652 1413 enim
1687 1342 1774 1438 apud
1809 1342 1883 1416 illos
1915 1341 2106 1438 haberetur,

742 1459 863 1530 offerre
889 1456 931 1528 ad
958 1458 1062 1530 altare
1088 1479 1227 1553 panem,
1253 1458 1308 1552 qui
1335 1480 1355 1528 1
1378 1457 1605 1530 sacerdotibus
1619 1459 1847 1532 velDiaconis
1860 1463 1893 1530 in
1912 1468 2105 1555 secretario,

742 1585 799 1647 aut
825 1583 921 1645 extm
947 1573 1133 1646 Ecclesiam
1161 1597 1180 1645 a
1206 1573 1359 1646 loeminis
1385 1573 1572 1666 religiosiS,
1599 1584 1654 1646 aut
1679 1574 1851 1671 Papadiis,
1885 1579 1958 1648 sive
1985 1599 2106 1652 sacer-

743 1689 853 1762 dotum
879 1688 1057 1777 uxoribus,
1082 1700 1217 1786 paratus
1244 1711 1312 1764 non
1336 1688 1470 1762 fuisset:
1497 1699 1553 1762 aut
1577 1693 1689 1762 vinum
1717 1714 1763 1762 ex
1784 1691 1960 1786 oenopolio
1982 1704 2107 1788 petere.

742 1805 845 1879 Multa
870 1809 994 1902 pariter
1021 1806 1063 1877 ad
1089 1805 1195 1879 solum
1223 1805 1380 1878 decorem
1410 1809 1609 1903 spectantia,
1641 1806 1738 1878 aliter
1768 1829 1789 1878 a
1824 1805 1981 1897 Graecis,
2015 1809 2109 1883 aliter

743 1923 784 1996 ab
812 1923 884 1994 aliis
911 1920 1140 1998 observantur.
1196 1929 1318 1998 Verum
1343 1925 1571 2018 pronunciatio
1598 1923 1756 2015 religiosa
1776 1922 1957 1995 verborum
1975 1922 2106 2020 Christi,

743 2038 934 2112 acclamatio
947 2043 1014 2112 τοῦ
1026 2041 1145 2128 Α111,
1173 2038 1213 2110 ad
1236 2039 1352 2112 eadem
1368 2037 1489 2111 verba:
1517 2023 1687 2112 invocatio
1700 2038 1840 2134 Spiritus
1856 2042 1973 2130 sancti,
1989 2038 2106 2112 frustm

743 2154 892 2244 oblatae,
919 2157 997 2227 unio
1025 2157 1148 2251 speciei
1174 2158 1359 2250 utriusque:
1387 2153 1529 2226 elevatio
1550 2153 1796 2246 Eucharistiae,
1823 2178 1895 2228 cum
1915 2155 2108 2227 inclamatur

741 2273 874 2344 Sancta
898 2271 1055 2343 Sanctia:
1083 2270 1254 2366 disciplina
1280 2269 1322 2341 ad
1336 2273 1597 2342 communionem
1616 2269 1882 2362 distribuendam,
1909 2273 1942 2342 in
1957 2270 2107 2344 omnibus

741 2387 902 2461 Ecclesiis
936 2385 1062 2482 absque
1095 2385 1162 2458 ullo
1196 2389 1317 2488 insigni
1352 2386 1538 2459 discrimine
1577 2385 1685 2460 solent
1722 2385 1906 2460 observari.
1966 2387 2004 2460 ln
2042 2386 2106 2458 illis

742 2525 843 2600 porro
869 2502 989 2575 ritibus.
1014 2511 1049 2574 et
1081 2505 1320 2594 caeremoniis,
1355 2504 1455 2574 ctiam
1483 2502 1545 2574 illis
1579 2525 1665 2598 quac
1698 2503 1741 2575 ad
1777 2503 1883 2576 solum
1914 2503 2107 2596 religiosum

744 2629 935 2716 apparatum
976 2617 1095 2690 referri
1133 2628 1290 2714 possunt,
1336 2619 1415 2691 nihil
1447 2621 1628 2714 reperitur,
1661 2619 1748 2714 quod
1779 2621 1968 2716 opinionem
2004 2617 2106 2692 realis

743 2737 979 2808 clementorum
1005 2737 1282 2808 transmutationis
1308 2738 1483 2831 perspicue
1509 2757 1575 2807 non
1602 2736 1773 2828 designet,
1812 2744 1867 2806 aut
1893 2735 1935 2807 ab
1963 2758 2005 2808 ea
2039 2757 2107 2809 111
2135 2751 2141 2760 ·

743 2850 841 2924 ducat
873 2854 1049 2944 originem:
1090 2850 1178 2923 uude
1214 2854 1269 2947 qui
1294 2874 1368 2923 eam
1393 2853 1598 2943 rejecerunt,
1623 2874 1731 2947 neque
1758 2851 1881 2923 similes
1908 2850 1993 2924 ullos
2022 2854 2105 2923 ritos

742 2969 972 3059 excogitasse,
1008 2989 1116 3063 neque
1150 2971 1300 3063 antiquos
1334 2969 1510 3042 retinuisse
1543 2968 1853 3040 animadvertuntur.
1911 2967 2003 3041 lllam
2033 2969 2105 3060 igi-

741 3091 794 3154 tur
820 3083 1022 3179 disciplinam
1053 3106 1140 3179 quac
1173 3105 1306 3179 semper
1332 3093 1365 3156 ct
1389 3082 1511 3179 ubique
1537 3086 1659 3176 viguit,
1694 3087 1848 3179 optimam
1881 3093 1916 3156 et
1950 3086 2104 3156 certissi-

742 3222 829 3272 mam
862 3221 940 3272 esse
972 3208 1101 3272 constat
1126 3199 1295 3272 doctrinae
1327 3203 1555 3296 interpretem,
1589 3209 1623 3272 et
1656 3223 1701 3273 ex
1727 3223 1768 3273 ea
1793 3199 2012 3274 firmissimum
2037 3198 2103 3270 ad-

742 3339 862 3390 versus
903 3326 1040 3390 nostrae
1069 3315 1145 3388 lidei
1175 3320 1421 3414 impugnatores
1455 3325 1681 3409 argumentum
1712 3315 1846 3408 baberi,
1879 3338 1946 3388 nou
1979 3324 2106 3388 111111

743 3432 950 3505 affirmamus.

464 3572 572 3635 ouium
601 3579 730 3630 cecanum
845 3549 929 3622 Sunt
954 3551 1050 3620 etiam
1076 3552 1156 3622 ritus
1183 3550 1308 3645 aliquot
1330 3549 1454 3621 diversi
1468 3546 1637 3639 cujusdam
1654 3551 1806 3643 generis,
1831 3558 1866 3620 ut
1885 3546 1971 3644 apud
1989 3544 2104 3619 Grae-

424 3659 579 3727 110111,
598 3679 646 3716 ¹¹0⁶
662 3664 729 3733 ⁸rud
742 3686 802 3737 cos
828 3664 946 3738 divisio
972 3667 1067 3761 panis
1093 3664 1327 3756 Eucharistici,
1353 3670 1448 3738 unius
1464 3666 1521 3738 vel
1538 3665 1678 3761 plurium
1693 3667 1727 3736 in
1743 3665 1895 3738 diversas
1915 3663 2106 3760 particulas,

423 3761 512 3798 omncs
528 3750 632 3816 recepti.

743 3803 828 3877 quae
854 3781 1038 3855 nominibus
1063 3781 1188 3854 Beatac
1215 3781 1361 3872 Mariae,
1388 3792 1422 3854 ct
1447 3791 1635 3856 sanctorum
1662 3782 1891 3874 designantur:
1918 3782 2103 3852 11111111-

745 3898 819 3970 ditis
852 3901 939 3970 notis
975 3897 1088 3970 Goarii
1130 3897 1173 3970 ad
1208 3896 1449 3991 Euohologium
1487 3907 1642 3970 accurate
1680 3899 1881 3993 explicatur:
1922 3900 1976 3992 qui
2010 3899 2103 3986 ritus,

744 4016 894 4109 quamvis
934 4037 1009 4086 cum
1048 4013 1157 4109 aliqua
1195 4017 1358 4086 nominum
1392 4014 1600 4104 diversitate,
1639 4017 1672 4085 in
1705 4018 1814 4086 veteri
1849 4012 2007 4103 Gothico,
2041 4035 2103 4086 seu

742 4129 955 4204 Mosarabico
983 4128 1192 4203 observatur.
1246 4131 1295 4202 lta
1322 4129 1442 4203 Graeci
1468 4156 1488 4202 a
1514 4130 1622 4204 multis
1640 4130 1783 4204 sacculis
1809 4131 1970 4202 ferventis
1997 4151 2102 4224 aquae

741 4257 851 4340 guttas
878 4245 1002 4342 aliquot
1028 4255 1103 4318 ante
1130 4249 1391 4318 communionem
1417 4247 1513 4319 calici
1538 4245 1719 4338 1111111111,
1745 4245 1833 4344 quod
1859 4246 1951 4343 Syri,
1978 4245 2100 4341 Copti-

741 4374 795 4434 tae
822 4373 855 4434 ct
881 4361 936 4434 alii
962 4383 1029 4434 non
1054 4360 1186 4433 iaciunt.
1240 4359 1425 4434 Cocblcare
1457 4363 1499 4434 ad
1536 4368 1797 4436 communionem
1829 4362 1923 4435 laicis
1959 4361 2099 4434 dandam

659 4491 662 4496 “
742 4479 864 4551 Graeci
896 4489 1074 4574 usrupant,
1107 4481 1281 4551 autoritate
1316 4489 1349 4550 ct
1380 4478 1553 4576 exemplo,
1588 4489 1623 4551 ut
1649 4484 1750 4566 aiunt,
1775 4480 1914 4552 loannis
1941 4476 2099 4574 Chryso-

743 4599 855 4683 stomi3
882 4605 915 4666 ct
939 4593 1024 4666 illius
1052 4615 1147 4666 usum
1173 4592 1381 4689 frequentant
1407 4594 1593 4668 Orientales
1621 4617 1751 4674 omncs:
1784 4594 1871 4666 unde
1896 4593 1981 4668 llius
2009 4596 2100 4666 auti-

743 4714 849 4804 quitas
884 4714 964 4784 satis
998 4709 1166 4807 probatur.
1227 4709 1313 4795 oud
1350 4709 1513 4814 adversus
1548 4710 1632 4783 11111
1667 4711 1936 4784 consuetudinem
1968 4731 2030 4806 per
2061 4731 2100 4782 se

743 4830 925 4914 innoxiam,
952 4830 1046 4921 quasi
1073 4827 1114 4898 dc
1141 4849 1266 4899 sunrma
1293 4825 1461 4922 republica
1488 4825 1672 4901 Christimm
1698 4838 1875 4920 ageretur,
1901 4825 2101 4898 Humbentus

743 4941 1073 5038 sylvae-candidae
1098 4947 1326 5016 conviciorum
1351 4965 1418 5016 111
1444 4941 1565 5036 effudit,
1590 4965 1658 5017 non
1683 4947 1789 5016 minus
1811 4967 1909 5040 quam
1927 4942 2099 5016 adversus

744 5057 927 5131 cochlearis
952 5079 1067 5150 usum,
1098 5068 1132 5131 et
1163 5063 1244 5133 ritrrs
1271 5059 1432 5155 quosdam
1458 5059 1540 5135 alios
1566 5059 1811 5134 indifferentes?
1842 5061 1890 5133 At
1922 5059 1968 5131 illi
1998 5063 2097 5132 ctiam
