4736 6064
460 477 767 557 oosuavlrtottus
786 481 838 556 lb
858 477 1037 555 OFFICIUM
1054 473 1321 553 onbnlnottts
1337 473 1444 549 Ptin.
1465 474 1573 551 ltux.
1638 477 1714 552 465

345 662 504 744 exemplis,
527 670 559 724 et
580 663 790 726 autoritatibus
813 661 1006 725 coniinnatae
1028 669 1108 727 sunt.
1130 659 1179 722 Ex
1200 657 1258 720 illis
1281 655 1469 719 manifestum
1491 666 1549 736 est,
1572 662 1716 743 majorem

344 779 471 844 prorsus
495 756 623 842 Coptitis
647 779 736 842 quam
758 760 882 826 Graecis
901 759 1076 840 disciplinae
1097 760 1128 820 in
1150 754 1292 838 eligendo
1306 754 1478 818 Patriaroba
1492 775 1595 820 curam
1610 758 1716 840 fuisse,

343 879 409 923 curn
433 860 483 922 isti
504 859 681 940 plerumque
708 877 768 922 nou
797 859 871 922 alios
906 876 995 940 quarn
1018 854 1278 936 Constantinopoli
1307 853 1416 917 missos
1438 855 1625 920 Patriarcbas
1654 859 1717 920 ba-

341 959 472 1035 buerint‚
494 957 575 1020 nulla
598 958 812 1042 suffragiorum
836 957 917 1021 Cleri
940 965 991 1019 aut
1012 956 1110 1037 plebis
1139 953 1239 1018 babita
1262 954 1390 1016 ratione.
1435 951 1562 1016 Accedit
1585 961 1616 1016 et
1637 973 1716 1036 pec·

342 1065 439 1120 catum
461 1055 534 1119 illud
559 1065 663 1119 contra
687 1057 838 1136 Canonea,
862 1055 986 1118 Graecis
1009 1053 1119 1117 dudum
1143 1051 1298 1129 familiare,
1322 1050 1477 1114 translatio
1500 1053 1617 1115 scilicet
1639 1053 1716 1135 Epi·

340 1171 518 1235 scaporum,
549 1155 626 1218 adeo
656 1164 689 1218 ut
711 1157 800 1237 pauci
822 1153 981 1218 admodum
1008 1153 1218 1234 reperiantur,
1249 1150 1300 1230 qui
1327 1151 1411 1230 prius
1441 1150 1529 1212 alteri
1557 1150 1715 1216 Ecclesiae

340 1254 455 1336 alligati
477 1271 538 1316 non
566 1252 686 1318 luerint.
739 1255 780 1316 Λι
809 1253 881 1316 nihil
911 1251 1007 1316 simile
1036 1251 1094 1313 buc
1124 1269 1220 1332 usque
1251 1249 1331 1330 apud
1358 1247 1492 1330 Coptitas
1522 1248 1715 1312 observatum

340 1361 397 1431 est,
421 1352 562 1416 laudabili
585 1370 659 1416 sane
682 1352 833 1433 exemplo,
858 1371 875 1414 a
898 1369 958 1434 quo
989 1351 1110 1435 longius
1137 1348 1293 1413 Jacobitae
1316 1347 1498 1412 Antiocheni
1528 1345 1637 1410 dudum
1659 1367 1715 1412 re·
1771 1373 1779 1382 ·

342 1459 511 1530 cesserunt,
536 1452 665 1514 omnium
687 1451 863 1532 longissime
886 1449 1070 1527 Nestorium,
1093 1457 1126 1510 ut
1149 1447 1219 1510 alibi
1241 1445 1336 1510 lusius
1359 1446 1565 1526 exposuimus.

428 1549 617 1612 Patriarcbas
640 1549 875 1627 Alexandrinos,
898 1550 1065 1629 scriptores
1094 1547 1232 1628 plerique
1260 1562 1382 1626 semper
1409 1562 1449 1605 ex
1477 1545 1582 1608 ordine
1605 1545 1716 1608 blena-

341 1650 418 1712 stico
442 1648 526 1732 eligi,
552 1656 611 1709 tam
633 1665 742 1710 secure
766 1648 920 1724 affirmant,
943 1654 974 1710 ut
997 1647 1133 1709 omuibus
1156 1645 1187 1707 id
1208 1662 1306 1726 prope
1329 1645 1549 1725 persuaserint.
1580 1644 1715 1707 Fuerunt

341 1755 441 1810 tamen
464 1748 502 1810 ad
526 1765 592 1808 eam
615 1745 790 1830 dignitatem
812 1747 943 1826 promoti
969 1745 1106 1809 nonnulli
1135 1763 1176 1807 ex
1199 1742 1301 1822 Clero,
1326 1743 1376 1824 qui
1398 1743 1595 1806 Monosticam
1624 1744 1715 1804 vitam

339 1845 471 1926 prolessi
493 1863 554 1908 non
577 1845 705 1908 lucrant.
751 1846 863 1906 Verum
886 1853 933 1908 est
956 1853 1065 1923 tamen,
1089 1842 1201 1906 nullum
1233 1841 1292 1904 nisi
1322 1843 1373 1922 qui
1400 1842 1594 1906 blouasticam
1624 1844 1715 1905 vitam

338 1943 496 2025 professus
519 1943 621 2019 luerit,
644 1943 779 2006 ordinari
801 1943 1019 2006 Patriarcbam:
1043 1940 1098 2012 sed
1121 1939 1271 2022 quomodo
1294 1939 1370 2002 baec
1388 1939 1447 2004 duo
1463 1959 1541 2022 quae
1561 1940 1715 2006 contraria

338 2043 480 2106 videntur
506 2043 625 2124 possint
656 2041 827 2120 conciliari,
863 2059 904 2104 ex
939 2040 998 2104 boc
1034 2039 1156 2118 Olllcio,
1187 2047 1218 2102 et
1248 2037 1404 2101 autoribus
1438 2041 1529 2104 variis
1560 2040 1714 2106 discimus.

336 2139 453 2221 Nempe
477 2139 503 2202 si
525 2140 683 2202 blonastici
706 2139 820 2203 ordinis
850 2155 910 2203 non
940 2147 1005 2215 est,
1034 2140 1060 2202 is
1088 2139 1139 2219 qui
1161 2137 1301 2219 eligitur,
1330 2137 1448 2202 babitus
1476 2141 1597 2221 integer
1625 2157 1715 2220 quem

337 2237 442 2300 Acirim
464 2245 586 2314 vocant,
609 2255 627 2299 a
649 2237 766 2300 Graeca
789 2256 868 2301 voce
891 2233 1008 2322 Σχῆμα
1029 2237 1073 2298 illi
1095 2238 1193 2299 statim
1217 2236 1398 2317 imponitur,
1422 2254 1501 2317 quae
1525 2239 1714 2302 caeremonia

321 2337 486 2418 ,integram
508 2337 591 2398 uitae
612 2337 798 2400 blonasticae
820 2336 1043 2417 professionem
1067 2337 1107 2398 ita
1131 2337 1276 2414 continet,
1298 2343 1330 2397 ut
1353 2336 1452 2398 statim
1475 2336 1612 2400 omnibus
1634 2337 1715 2400 illius

338 2435 455 2516 regulis
478 2442 628 2513 teneatur,
647 2436 753 2518 jeJunii
783 2436 962 2516 praesertim
991 2442 1022 2498 et
1049 2434 1258 2498 abstinentiae.
1301 2433 1409 2498 Nullus
1438 2436 1530 2517 igitur
1560 2437 1716 2499 ordinatur

341 2532 524 2613 Patriarcba‚
548 2535 598 2615 qui
620 2534 785 2598 blonacbus
815 2552 875 2597 non
904 2535 943 2598 sit
973 2550 1041 2595 cum
1069 2533 1240 2610 ordinatur,
1269 2535 1340 2614 quia
1368 2535 1459 2597 vitam
1486 2533 1660 2616 religiosam
1688 2536 1715 2598 si

339 2634 425 2714 prius
447 2630 605 2714 protessus
628 2650 688 2696 non
711 2631 812 2713 fuerit,
836 2641 904 2696 ante
927 2632 1146 2696 ordinationem
1168 2631 1339 2713 profitetur.
1362 2632 1514 2714 Adjicitur
1531 2632 1715 2697 Archiman-

341 2730 437 2792 dritae
467 2749 523 2793 sen
552 2731 821 2813 archipresbyteri
850 2731 997 2816 dignitas,
1029 2748 1107 2811 quae
1134 2731 1165 2792 in
1194 2730 1333 2794 Ecclesia
1363 2730 1489 2813 Coptica
1519 2732 1626 2796 eadem
1656 2741 1714 2815 est,

341 2829 410 2908 quia
432 2830 585 2909 propriam
609 2829 834 2894 ordinationem
856 2829 963 2893 babet:
992 2829 1196 2892 necessariam
1223 2847 1300 2893 vero
1328 2849 1397 2894 esse
1416 2831 1554 2912 judicant
1575 2831 1716 2894 Alexan-

341 2927 418 2989 drini
440 2927 609 3007 Jacobitae,
631 2935 664 2990 ut
694 2928 746 3008 qui
772 2928 995 2992 Ecclesiasticis
1024 2926 1160 2990 omnibus
1184 2936 1322 3008 praeest,
1351 2947 1455 2992 omnes
1484 2930 1614 2994 Ordines
1642 2947 1716 2994 sus·

340 3029 467 3109 ceperit.
1346 3071 1348 3076 ·

428 3125 513 3198 Quae
537 3125 575 3188 de
597 3124 790 3188 Patriarcbae
813 3125 963 3187 electione
986 3125 1015 3186 in
1037 3123 1258 3188 Dissertatione
1281 3124 1463 3206 dictasunt,
1486 3146 1527 3190 ex
1548 3127 1714 3191 Pontificali

340 3225 563 3304 confirmantur,
587 3243 627 3287 ex
650 3240 709 3304 quo
733 3224 822 3286 etiam
844 3224 1021 3307 agnoscitur
1043 3241 1121 3304 quae
1151 3224 1271 3312 sintin
1297 3224 1450 3309 sullragiis
1478 3225 1612 3290 ferendis
1634 3226 1713 3309 Epi-

339 3339 502 3404 scoporum
524 3331 640 3405 partes,
663 3337 742 3401 quae
772 3319 854 3384 Cleri
877 3319 1048 3399 interioris,
1078 3321 1294 3385 blonacbonrm
1321 3331 1352 3386 et
1380 3324 1558 3404 Laicorum,
1595 3327 1626 3388 in
1653 3343 1712 3405 qua

339 3439 414 3484 sane
441 3431 603 3502 supersunt
636 3421 751 3484 veteris
781 3419 1015 3482 Ecclesiasticae
1042 3419 1219 3501 disciplinae
1246 3424 1420 3486 veneranda
1450 3425 1588 3505 vestigia.
1637 3423 1712 3486 Eam

338 3537 415 3584 vero
439 3538 501 3584 non
523 3527 556 3582 ut
573 3520 635 3600 jam
657 3519 769 3599 ubique
797 3520 907 3599 passim
939 3517 976 3579 ab
1007 3517 1120 3599 aliquot
1141 3520 1290 3600 saeculis,
1323 3522 1354 3583 in
1382 3523 1455 3585 solis
1483 3521 1567 3585 libris
1596 3529 1713 3599 extare,

338 3618 537 3681 certissimum
559 3616 672 3678 iaciunt
695 3617 834 3698 exempla
856 3633 896 3678 ex
919 3617 1048 3679 Historia
1071 3617 1264 3681 Patriarcbali
1285 3621 1380 3696 varia,
1402 3621 1509 3703 quibus
1533 3621 1713 3685 electionem

338 3715 578 3780 Patriarcbarum
600 3715 765 3782 secundum
787 3715 854 3778 illas
877 3715 1000 3800 regulas
1023 3715 1205 3780 celebratam
1228 3717 1321 3782 luisse
1345 3728 1474 3786 constat.
1507 3720 1615 3784 blirum
1637 3737 1712 3784 sane

339 3822 371 3876 et
393 3815 606 3878 observatione
628 3816 843 3897 dignissimum,
873 3833 931 3896 per
960 3832 1054 3878 annos
1084 3833 1181 3897 propo
1209 3820 1437 3900 septingentos,
1465 3820 1578 3883 nullum
1606 3819 1714 3884 favore

338 3915 519 3995 Principum,
543 3915 632 3977 etiam
654 3913 709 3978 sub
733 3912 968 3986 blubamedanae
996 3915 1097 3996 gentis
1127 3915 1231 4000 legunt
1253 3920 1383 3982 omnium
1411 3921 1637 4001 contemptricis
1660 3929 1712 4001 ty-

338 4016 475 4095 rannide,
499 4016 537 4078 ad
559 4033 701 4078 summam
724 4015 803 4079 illam
826 4013 1003 4097 dignitatem
1025 4021 1161 4076 evectum
1188 4013 1293 4078 luisse.
1337 4017 1411 4081 Nam
1435 4017 1564 4099 Cyrillus
1586 4017 1713 4082 Laklalti

338 4113 417 4177 lilius
439 4116 471 4177 in
493 4133 553 4196 quo
576 4115 702 4177 historia
726 4113 846 4192 desinit,
868 4113 927 4175 etsi
952 4115 1124 4194 praeceptis
1141 4101 1334 4178 ‘Yubidarum
1357 4115 1549 4181 Sultanorum
1570 4119 1712 4194 munitus,

338 4215 516 4298 magnisque
540 4215 704 4278 amicorum
727 4213 835 4294 opibus
858 4209 1004 4274 subnixus
1033 4221 1206 4292 prensaret,
1228 4212 1380 4295 repulsam
1409 4224 1506 4280 tamen
1536 4235 1594 4298 per
1616 4234 1712 4281 annos

339 4314 460 4375 circiter
482 4313 588 4396 viginti
610 4331 720 4394 passus
743 4320 800 4392 est,
823 4329 924 4392 neque
946 4310 1019 4392 eligi
1041 4313 1149 4392 potuit,
1173 4312 1230 4374 nisi
1245 4319 1403 4392 postquam
1417 4315 1527 4398 longae
1543 4317 1711 4380 vacadonis

338 4411 451 4490 taedio,
474 4412 506 4472 in
528 4411 593 4492 ejus
616 4411 736 4474 tandem
758 4410 938 4474 electionem
961 4407 1099 4490 Coptitae
1123 4419 1354 4476 consenserunt.
1391 4412 1599 4478 Animadverti
1622 4415 1714 4478 etiarn

338 4515 440 4587 potest
462 4527 540 4589 quae
563 4507 653 4572 luerit
676 4509 872 4572 comitiorum
891 4508 1136 4572 Patriarcbalium
1159 4508 1265 4585 lorma,
1288 4510 1317 4572 in
1341 4512 1448 4591 quibus
1471 4513 1601 4594 populus
1624 4511 1712 4576 simul

328 4623 407 4677 ,cum
431 4605 533 4685 Clcro,
557 4609 749 4688 proponebat
772 4623 826 4670 eos
849 4625 926 4690 quos
949 4608 1126 4671 Pontificatu
1157 4609 1266 4694 dignos
1285 4610 1449 4691 judicaret:
1479 4609 1639 4693 Episcopis
1663 4618 1712 4674 ta-

338 4723 406 4768 men
430 4705 551 4786 plenum
573 4705 755 4769 servabatur
776 4704 815 4768 de
837 4706 927 4769 electi
950 4707 1094 4790 dignitate
1118 4716 1169 4772 aut
1192 4708 1367 4792 indignitate
1385 4709 1540 4791 judicium,
1563 4710 1644 4791 quod
1663 4711 1714 4794 jus

339 4813 371 4866 ut
394 4804 534 4886 exempla
557 4803 645 4866 mula
669 4804 793 4880 docent,
818 4805 1060 4872 constantissime
1093 4809 1291 4872 retinuerunt.
1335 4808 1370 4871 ln
1399 4809 1474 4871 actis
1497 4809 1589 4892 igitur
1611 4818 1642 4872 et
1664 4811 1713 4873 in-
