4680 6044
574 587 647 662 196
1052 589 1474 672 COMMENTARIUS

571 771 656 838 ditio.
701 775 813 836 Verum
835 771 996 838 Christiani
1019 793 1079 840 uon
1101 775 1282 840 destitemnt
1307 777 1438 858 idcirco,
1466 797 1556 844 orare
1585 798 1641 860 pro
1669 779 1822 864 Regibus,
1849 785 1939 846 etiam

569 871 747 936 habdelibus.
790 872 823 941 ln
845 874 907 936 vita
928 873 1067 955 Dionysii
1088 875 1168 937 Patr.
1189 875 1388 940 Alexandrini
1410 878 1449 941 de
1471 877 1556 942 Gallo
1580 880 1768 960 Imperatore
1785 883 1938 962 scribitur,

569 973 807 1040 erraaoccidr'sac
828 971 1011 1037 Sacerdotes
1031 976 1084 1054 qai
1106 994 1167 1053 pro
1200 978 1265 1054 qaas
1286 977 1382 1038 solute
1409 978 1506 1040 ileum
1534 979 1772 1060 interpellabant.
1816 980 1850 1042 ln
1877 982 1940 1044 vita

568 1070 732 1134 Zachariae
754 1068 857 1133 LXlV.
880 1071 1031 1134 inducitur
1051 1073 1255 1137 Jacobitarum
1277 1075 1449 1140 Patriarcha
1471 1075 1625 1157 loannes,
1647 1079 1814 1142 Romanum
1835 1079 1937 1161 lmpe-

568 1179 700 1235 satorem
711 1169 898 1250 llclchitam,
922 1179 1013 1252 atque
1035 1171 1114 1236 adeo
1137 1173 1302 1236 secundum
1324 1175 1403 1238 illius
1423 1185 1527 1240 sectae
1540 1176 1725 1258 praejudicia
1736 1178 1938 1258 llaereticum,

570 1269 611 1332 ita
634 1267 800 1350 alloquens.
843 1269 973 1332 Domita
993 1271 1180 1350 Imperator,
1202 1273 1286 1335 Deua
1307 1277 1466 1354 imperium
1488 1283 1570 1338 tuam
1592 1285 1623 1338 et
1641 1279 1830 1356 majestaterr
1856 1284 1939 1342 maan

567 1378 742 1433 ammonet:
765 1373 850 1433 novit
870 1378 970 1434 anton
995 1371 1045 1433 ille
1072 1391 1120 1434 ma
1145 1374 1348 1436 indesinenter
1374 1378 1529 1439 oratiam
1553 1393 1720 1458 precesque
1743 1377 1851 1456 facere
1875 1395 1937 1456 pro

565 1471 693 1551 imperia
716 1477 766 1533 tuo
784 1472 913 1550 potenti,
936 1471 1015 1533 meod
1041 1471 1129 1534 nobis
1156 1473 1327 1551 scripturae
1357 1481 1482 1536 sanctae
1505 1477 1706 1556 praecipiant,
1747 1475 1815 1540 Nec
1843 1475 1936 1540 dissi-

566 1568 646 1632 milia
670 1569 699 1630 io
722 1571 784 1631 vita
807 1567 921 1650 Cyrilli.
965 1569 1046 1632 Elias
1069 1569 1361 1651 Hierosolymitanus
1385 1580 1415 1634 et
1437 1573 1719 1654 posteaNisibanus
1740 1575 1936 1658 bletropolita

566 1667 779 1746 Nestoriauus,
802 1668 833 1730 iu
855 1668 982 1734 Humilia
1004 1667 1043 1730 de
1065 1667 1226 1732 Nativitatc
1249 1669 1385 1751 Domini,
1411 1671 1524 1754 licqern
1550 1681 1581 1736 et
1601 1675 1772 1754 mmcrpcm
1799 1683 1936 1738 nonnam
2010 1671 2021 1694 ⁸

564 1767 649 1832 Deras
669 1770 702 1830 in
729 1769 822 1847 septis
850 1768 936 1848 odqti
962 1770 1070 1830 moniti
1096 1769 1228 1832 collocet.
1273 1767 1307 1832 lu
1334 1769 1523 1854 Ruchologio
1552 1771 1685 1836 Arabico
1713 1773 1932 1856 blelchitanrm,

565 1866 640 1928 Fani
662 1867 813 1928 Fortunae
836 1865 917 1928 edito
940 1885 988 1930 an.
1014 1864 1108 1931 1514.
1152 1869 1251 1949 Reqcs
1271 1877 1394 1932 nostros
1419 1871 1524 1950 fideles
1550 1874 1666 1934 mauce
1694 1882 1854 1938 mnmtwa
1882 1883 1936 1936 tuo

566 1966 703 2040 coelesti,
725 1972 756 2027 et
781 1967 823 2027 da
852 1966 913 2026 dlis
940 1968 1101 2028 victoriam
1131 1968 1169 2029 de
1195 1969 1314 2028 illoram
1342 1968 1486 2030 beandos.
1530 1968 1647 2050 Nempe
1674 1971 1852 2052 Melchitae,
1883 1975 1936 2056 qui

569 2066 680 2130 diutius
703 2081 791 2144 quarn
814 2064 878 2142 alii,
902 2065 1002 2126 multis
1025 2067 1057 2126 in
1082 2065 1248 2128 Provinciis
1278 2063 1351 2128 sub'
1365 2065 1541 2130 Christianis
1568 2068 1754 2150 principibus
1783 2073 1935 2150 vixerunt,

567 2173 705 2227 veterem
727 2182 847 2244 quoque
869 2162 1026 2226 fonnulam
1049 2173 1267 2244 servaverunt,
1290 2165 1386 2245 qualis
1409 2173 1492 2229 extat
1514 2166 1611 2230 adhuc
1633 2168 1663 2230 in
1685 2169 1935 2234 Nestorianorum

565 2263 729 2347 Liturgiis,
751 2272 784 2326 ut
806 2271 929 2326 orarent
947 2283 1009 2343 pra
1030 2263 1164 2343 Βερίὺιιε
1182 2265 1335 2344 βόεὶἰὺιιε,
1358 2283 1436 2346 quae
1464 2275 1565 2330 tamen
1593 2267 1696 2330 ultima
1725 2287 1787 2332 vox
1816 2269 1935 2336 sublata

566 2371 632 2427 cstr
662 2361 782 2444 quaudo
811 2362 981 2442 periculum
1010 2361 1130 2443 aliquod
1161 2362 1198 2424 ab
1228 2363 1397 2429 infidelibus
1427 2365 1596 2428 timebatur.
1639 2365 1744 2448 ltaque
1773 2370 1832 2432 hoc
1864 2370 1933 2434 loco

459 2503 468 2522 ,
565 2471 653 2526 orant
675 2460 813 2542 Coptitae
835 2461 1026 2542 simpliciter,
1045 2481 1106 2541 pro
1127 2462 1209 2542 Reqe
1232 2470 1351 2539 terrae,
1379 2463 1435 2528 sed
1458 2473 1491 2526 ut
1517 2467 1548 2528 in
1575 2465 1766 2531 Orationibus
1795 2485 1932 2549 sequeu-

280 3166 330 3219 Per
351 3167 437 3236 Reges
454 3167 551 3221 Ortho-

245 3251 325 3304 doxos
343 3256 385 3322 qui
404 3271 460 3307 nam
472 3257 550 3309 iutel-

147 3341 150 3348 '
243 3337 349 3408 ligendi.

564 2564 644 2626 tibus
666 2569 767 2642 patet,
789 2568 989 2624 servaverunt
1011 2562 1123 2642 antiqui
1145 2563 1237 2624 moris
1250 2562 1390 2646 vestigia,
1414 2562 1483 2626 dum
1498 2572 1586 2628 orant
1596 2584 1658 2645 pro
1671 2565 1805 2646 Reqiboa
1818 2567 1933 2630 Ortho-

564 2661 671 2724 docis:
694 2660 799 2741 quales
822 2677 895 2724 sane
918 2677 980 2722 non
1002 2667 1071 2723 sunt
1092 2659 1317 2724 lluhamedani:
1341 2680 1441 2742 neque
1463 2663 1539 2726 tales
1561 2662 1711 2727 habentur
1733 2666 1812 2746 apud
1834 2666 1931 2732 Jaco-

563 2759 641 2824 bitas
672 2759 739 2838 alii,
769 2777 858 2840 quam
886 2761 937 2841 qui
967 2777 1071 2824 eorum
1101 2759 1243 2822 haeresin
1271 2760 1458 2841 profitentur.
1509 2763 1579 2827 Non
1607 2765 1742 2829 occurrit
1774 2772 1873 2828 autem
1900 2769 1932 2830 in

565 2859 895 2924 commemorationibus
917 2857 1033 2942 Regum
1057 2859 1159 2921 titulus
1181 2858 1232 2921 ille
1254 2858 1448 2941 frequenter,
1472 2861 1542 2926 alibi
1564 2881 1652 2944 quam
1674 2864 1706 2924 in
1735 2865 1800 2928 istis
1828 2864 1932 2930 Litor-

566 2960 625 3043 giis
647 2959 839 3038 Jacobiticis,
862 2957 918 3024 sed
939 2967 972 3022 ut
994 2958 1033 3021 de
1046 2957 1172 3021 Graecis
1194 2977 1266 3022 mox
1283 2959 1521 3041 observavimus,
1539 2964 1688 3043 piissimi,
1707 2963 1933 3046 fidemquac

565 3058 753 3141 appeRantur
775 3057 877 3141 Reges
900 3057 1060 3122 Christiani
1083 3077 1140 3140 pro
1163 3058 1271 3139 quibus
1293 3066 1398 3138 orant,
1420 3078 1481 3124 non
1504 3059 1684 3126 Orthodaei.
1914 3083 1916 3088 ’

649 3157 684 3220 ln
706 3177 743 3222 ea
765 3175 858 3240 porro
882 3157 1020 3222 affectata
1043 3157 1245 3240 appellatione
1268 3167 1315 3220 est
1333 3177 1424 3222 causa
1441 3160 1588 3240 quaedam
1602 3161 1762 3240 secretior,
1785 3161 1823 3224 ad
1836 3161 1931 3226 Jaco-

564 3259 642 3324 bitas
664 3261 788 3341 proprie
817 3259 983 3338 pertinens.
1027 3256 1103 3318 Nam
1132 3276 1149 3320 a
1176 3257 1322 3320 llarciani
1349 3257 1541 3338 imperatoris
1569 3267 1723 3340 tempore,
1752 3260 1930 3340 perturbata

564 3379 621 3443 per
643 3377 747 3424 eorum
770 3358 916 3422 factiones
938 3355 1094 3437 Ecclesia,
1124 3357 1302 3438 praesertim
1330 3356 1536 3440 Aegyptiace,
1563 3375 1669 3422 omnes
1698 3358 1764 3424 lere
1793 3359 1930 3440 {mpera-

563 3468 647 3524 tores
669 3458 804 3522 Graecos
826 3456 1044 3521 infensissimos
1068 3457 1187 3536 experti
1208 3465 1296 3536 suot,
1318 3465 1442 3538 praeter
1464 3477 1519 3522 eos
1541 3460 1593 3539 qui
1614 3458 1758 3522 haeresin
1779 3457 1929 3522 deiende-

563 3561 651 3637 baot;
673 3560 826 3623 Zenonem
848 3565 878 3620 et
900 3558 1063 3639 praecipue
1086 3556 1296 3635 Anastasium,
1318 3573 1396 3638 quos
1419 3557 1449 3618 io
1472 3556 1595 3620 Coehm
1616 3557 1736 3638 ierunt,
1759 3566 1790 3620 et
1811 3559 1842 3620 iu
1863 3558 1929 3622 lla-

563 3660 704 3724 lendan'is
725 3661 789 3722 suis
811 3657 1023 3741 consignatos,
1047 3655 1085 3718 ad
1107 3673 1235 3719 annuam
1257 3657 1567 3720 commemorationem
1580 3655 1700 3723 babent.
1734 3659 1780 3722 En
1792 3658 1929 3724 bourines

563 3760 711 3842 aquibus
734 3756 903 3822 0rtbodoxi
924 3757 1050 3838 primum
1077 3754 1198 3838 Reges,
1227 3755 1307 3818 inter
1336 3755 1498 3820 Orationes
1526 3755 1756 3820 Ecclesiasticus
1786 3757 1929 3838 appellati
2015 3747 2021 3762 '

564 3867 650 3939 suut,
674 3858 810 3940 quamvis
832 3855 898 3919 aliis
920 3857 951 3918 in
973 3854 1068 3932 locis,
1089 3855 1270 3935 praesertim
1292 3857 1322 3918 in
1344 3855 1511 3937 Diptycho,
1533 3855 1588 3918 sub
1612 3875 1648 3918 ea
1671 3853 1770 3920 classe
1786 3858 1928 3920 contine-

564 3966 653 4023 antur
674 3958 860 4039 antiquiores
881 3955 1082 4038 bnperatores
1106 3953 1336 4033 Constantinus,
1358 3961 1389 4018 et
1411 3955 1601 4020 Theodosius
1622 3958 1742 4035 senior,
1765 3956 1847 4037 quod
1869 3972 1928 4018 eo-

561 4077 628 4120 rum
650 4076 745 4140 opera
767 4057 931 4119 Nicaenum
954 4063 986 4117 et
1006 4053 1190 4134 Ephesinum
1213 4051 1348 4117 Concilio
1377 4053 1444 4118 Arii
1466 4062 1498 4118 et
1519 4055 1653 4120 Nestorii
1681 4056 1825 4120 haereses
1848 4073 1926 4120 coo-

563 4158 788 4222 demnaveruut.
842 4156 952 4218 l‘ostea
989 4171 1065 4217 vcro
1102 4171 1169 4215 cum
1199 4151 1320 4216 Arabes
1352 4171 1454 4216 rerum
1488 4156 1576 4236 potiti
1611 4163 1698 4235 sunt,
1732 4155 1837 4218 orandi
1868 4172 1926 4235 pro

562 4257 738 4321 Christianis
761 4255 996 4336 imperatoribus
1019 4269 1109 4315 causa
1136 4252 1218 4314 nulla
1251 4257 1332 4330 erat,
1361 4270 1379 4314 a
1406 4270 1532 4334 quorum
1562 4254 1763 4320 dominatione
1791 4254 1927 4318 distracti

561 4367 660 4436 erant,
685 4365 715 4420 et
739 4373 815 4438 quos
838 4362 870 4418 ut
892 4352 1174 4432 Calchedonemes,
1197 4351 1423 4416 llaereticorum
1446 4353 1515 4416 loco
1537 4354 1694 4418 habebant.
1739 4354 1814 4418 Cum
1833 4355 1927 4436 igitur

560 4475 618 4538 pro
641 4456 825 4520 Orthodoxis
847 4453 981 4536 Regibus
1004 4454 1156 4516 orationes
1178 4454 1371 4533 reperiuntur
1392 4453 1471 4515 inter
1491 4453 1693 4518 Jacobitarum
1704 4455 1926 4538 Aegyptiorum

561 4556 675 4636 cilicia,
700 4556 760 4620 duo
783 4553 993 4638 designantur,
1015 4554 1083 4615 Rex
1103 4551 1284 4632 Aethiopiae
1307 4560 1337 4614 et
1358 4550 1424 4614 Rex
1451 4551 1584 4633 Nubiac,
1615 4557 1666 4634 qui
1695 4555 1733 4618 ab
1761 4572 1800 4618 eo
1828 4552 1924 4618 ferme

563 4664 701 4738 tempore
723 4657 783 4739 quo
793 4653 1001 4718 blubamedaoi
1011 4653 1185 4736 Aegyptum
1201 4651 1400 4733 subegerunt,
1423 4651 1462 4714 ad
1485 4652 1682 4716 Jacobiticam
1697 4661 1808 4717 sectam
1822 4661 1925 4718 hans

558 4754 621 4836 lati,
644 4757 674 4818 in
701 4775 737 4819 ea
759 4754 818 4816 huc
840 4773 935 4836 usque
958 4760 1244 4836 perseveravenmt.
1289 4750 1387 4814 Ambo
1409 4754 1521 4833 quippe
1542 4753 1608 4816 sedi
1630 4751 1856 4816 Alexandrinae
1868 4749 1923 4814 la-

559 4855 706 4920 cobitioae
729 4855 874 4939 subjecti,
899 4873 965 4917 eam
987 4860 1112 4916 matrem
1134 4859 1318 4934 agnoscunt,
1340 4869 1399 4914 nec
1422 4851 1542 4916 aliunde
1554 4851 1763 4934 Metropolitas
1783 4859 1834 4914 aut
1846 4851 1923 4932 Epi-

560 4973 671 5036 scopos
704 4955 864 5037 accipiunt.
908 4953 1058 5027 Quocirca
1087 4950 1332 5015 Ortbodoxorum
1360 4951 1477 5036 Regum
1498 4951 1601 5016 titulus
1629 4951 1687 5016 illis
1715 4950 1854 5014 tribuitur
1883 4951 1920 5012 ab

559 5053 712 5118 autoribus
735 5055 885 5119 Historiae
906 5051 1131 5130 Patriarcbalis,
1153 5051 1308 5116 hbuselab
1329 5050 1480 5132 Anneno,
1503 5059 1534 5115 et
1556 5051 1631 5116 aliis.
1675 5051 1721 5114 Eo
1740 5059 1838 5116 autem
1859 5069 1920 5115 ao-
