4616 6046
397 2148 438 2201 De
451 2149 591 2203 hilaribus.

689 651 765 728 164
1153 649 1584 730 COMMENTARIUS

936 1011 1057 1085 Oratio
1080 1019 1260 1108 postquam
1283 1018 1530 1106 praeparatam
1552 1015 1661 1105 fuerit
1686 1011 1808 1083 altare.

790 1222 936 1302 Auream
958 1235 1037 1316 apud
1061 1233 1230 1298 orientales
1252 1251 1357 1298 omncs
1381 1234 1566 1299 Christianos
1595 1240 1743 1298 vocantur
1761 1249 1868 1294 sacrae
1890 1249 2013 1295 mensae
2026 1233 2057 1294 in

685 1338 793 1420 quibus
808 1339 875 1402 Deo
898 1339 1077 1402 sacrificium
1099 1339 1287 1401 incruentum
1309 1337 1443 1400 alienor.
1467 1337 1605 1419 Coptitaa
1627 1354 1706 1400 voce
1721 1333 1839 1398 Graeca
1856 1324 2057 1420 Ἱλαστήριον

683 1445 809 1516 vocant,
833 1438 970 1519 quamvis
992 1440 1023 1500 in
1045 1438 1102 1501 bac
1124 1437 1259 1521 liturgia
1282 1445 1404 1499 utantur
1424 1454 1503 1499 voce
1524 1437 1715 1520 Aegyptiace
1742 1433 1863 1516 antiqua
1892 1434 2057 1497 Pimaaer-

685 1537 883 1612 sohcoaeobi,
913 1555 991 1619 quae
1020 1537 1051 1599 in
1079 1537 1290 1615 Pentateucbi,
1319 1535 1567 1619 Evangeliorum,
1596 1535 1839 1615 Psalmorumqua
1865 1533 2056 1596 versionibus

684 1636 850 1716 respondet
873 1635 1080 1699 Hebraeorum
1101 1646 1185 1704 tantu
1204 1643 1234 1698 et
1257 1633 1441 1698 Graecorum
1460 1629 1700 1720 (θυσιαστηρίῳ.
1729 1632 1836 1714 Neque
1858 1633 1964 1695 utinum
1987 1650 2057 1696 esse

685 1734 793 1816 debet,
816 1737 859 1798 uti
874 1736 941 1799 illos
961 1753 1040 1799 voce
1057 1753 1134 1816 quae
1154 1733 1303 1797 sacrificio
1320 1735 1496 1812 conveniat,
1520 1754 1586 1798 cum
1606 1753 1712 1797 rerum
1726 1734 1940 1814 propriumque
1959 1749 2058 1794 novae

685 1832 765 1917 legis
787 1835 965 1898 sacrificium
988 1834 1086 1897 multis
1109 1834 1184 1896 locis
1207 1835 1378 1915 liturgiae,
1406 1834 1613 1898 Eucharistiae
1636 1823 1871 1896 celebrationem
1894 1831 2056 1913 appellent.

686 1933 805 1997 Vocant
826 1935 915 1998 etiam
930 1934 1109 2016 quandoque
1125 1933 1261 1995 Meraam
1274 1932 1502 1996 Sacerdotalem
1524 1940 1575 1997 aut
1596 1950 1712 1996 sacram
1733 1917 1881 2017 τράπεζα
1902 1916 2059 2016 inportari,

686 2053 821 2096 mmam
843 2052 981 2110 sacram,
1007 2033 1211 2113 spiritualem,
1234 2039 1267 2094 ut
1288 2033 1404 2112 pariter
1424 2049 1529 2094 omnes
1552 2034 1603 2115 qui
1625 2032 1719 2095 altera
1741 2049 1819 2095 voce
1842 2037 1972 2093 utuntur.

773 2132 890 2196 Altaria
907 2140 941 2196 ut
956 2131 1036 2214 apud
1057 2139 1181 2194 veteres
1197 2131 1381 2195 Christianos
1402 2132 1504 2216 lignea
1521 2130 1661 2210 luerunt,
1685 2131 1766 2212 quod
1783 2129 2059 2212 primisEcclesiaa

687 2232 816 2295 saeculis
838 2219 943 2296 solida
958 2232 997 2294 ob
1020 2232 1249 2312 persecutiones
1271 2232 1428 2294 continuas
1450 2230 1563 2294 habere
1584 2232 1638 2294 vix
1659 2231 1784 2310 licebat,
1808 2231 1849 2292 ita
1876 2247 1943 2292 cum
1966 2226 2060 2291 Chri-

686 2333 775 2395 stiani
790 2333 960 2396 libertatem
971 2332 1052 2394 nacti
1077 2339 1164 2411 sunt,
1188 2329 1275 2392 iuere
1298 2330 1424 2411 duplicis
1448 2331 1583 2414 generis:
1607 2349 1676 2392 nam
1690 2331 1722 2393 in
1735 2329 1871 2393 Basiliois
1893 2327 2059 2410 majoribus

687 2430 784 2494 solida
806 2431 917 2512 luisse,
949 2451 990 2494 err
1011 2447 1177 2510 mamrore,
1208 2449 1249 2512 ex
1269 2429 1370 2511 lapide
1394 2430 1471 2508 alio,
1501 2449 1541 2492 ex
1563 2437 1706 2511 argento,
1738 2427 1906 2492 certissime
1929 2426 2058 2489 demon-

362 2547 423 2599 tter.
433 2545 549 2616 tarnat.
561 2549 585 2600 1.
597 2549 672 2602 aaa.
686 2539 808 2595 stratur.
832 2530 968 2594 Videnda
981 2547 1061 2612 quae
1076 2529 1114 2593 de
1128 2529 1186 2592 illis
1203 2530 1318 2593 erudite
1333 2529 1455 2611 scripsit
1469 2527 1634 2592 Cardinalis
1651 2528 1744 2592 Bona.
1767 2527 1805 2590 Ut
1822 2536 1920 2590 autem
1932 2526 2058 2603 Romae,

687 2629 959 2711 Constantinopoli,
983 2631 1014 2691 in
1036 2629 1157 2708 Ainea,
1180 2629 1212 2690 in
1235 2628 1338 2710 Syria,
1361 2629 1392 2690 in
1414 2628 1560 2691 Ecclesiis
1584 2627 1752 2712 insignibus
1775 2627 1863 2691 solidi
1886 2627 1990 2707 operis
2009 2623 2058 2686 al-

685 2721 762 2792 taria
786 2729 920 2809 luerunt,
944 2731 985 2791 ita
1008 2747 1129 2811 quoque
1151 2728 1356 2792 Alexandriae
1371 2726 1464 2790 luisse
1477 2744 1539 2788 non
1552 2735 1598 2790 est
1610 2726 1819 2807 dubitandam,
1836 2728 1867 2789 in
1879 2732 1924 2788 tot
1936 2725 2057 2806 magni·

686 2828 751 2892 ficis
773 2828 936 2908 Ecclesiis,
959 2846 1085 2910 quarum
1108 2827 1237 2892 celebris
1259 2829 1290 2891 in
1312 2827 1437 2890 historia
1459 2827 1602 2890 memoria
1625 2835 1683 2892 est.
1707 2826 1783 2899 Quia
1806 2823 2058 2889 veroOrientali-

685 2929 742 2991 bus
765 2929 821 2992 sub
843 2926 1060 2991 Muhamedana
1084 2927 1284 2990 dominatione
1308 2927 1476 2990 constitutis
1499 2944 1593 3008 saepe
1615 2926 1742 3006 accidit,
1772 2933 1804 2988 ut
1824 2924 1973 2988 Ecclesiis
1997 2924 2057 3005 eji-

686 3035 847 3106 cerentur,
871 3045 983 3108 easque
998 3025 1134 3089 infideles
1146 3027 1175 3088 in
1190 3045 1263 3089 suae
1276 3028 1498 3109 superstitionis
1514 3027 1624 3110 templa
1642 3034 1873 3105 converterent,
1887 3023 2056 3104 altariaque

684 3123 895 3206 profanarent,
923 3125 992 3205 dum
1021 3127 1052 3188 in
1082 3133 1287 3209 congregatos
1318 3124 1504 3190 Christianos
1526 3129 1655 3208 impetus
1686 3127 1788 3206 fieret,
1817 3122 2006 3189 consuetudo
2037 3139 2055 3183 a

684 3223 785 3288 multis
807 3225 936 3288 sacculis
958 3225 1101 3304 invaluit,
1124 3233 1158 3287 ut
1179 3224 1294 3288 tabulas
1316 3225 1399 3289 solas
1427 3227 1492 3289 sive
1519 3244 1640 3289 mensas
1668 3226 1832 3304 baberent,
1861 3223 1969 3305 quibus
2005 3224 2054 3284 in-

684 3325 879 3388 sternebatur
905 3342 1012 3406 mappa
1034 3324 1293 3388 benedictionibus
1322 3325 1550 3406 Episcopalibus
1579 3332 1774 3404 consecrata,
1808 3333 1859 3386 aut
1886 3321 1989 3386 tabula
2018 3321 2057 3384 ad

686 3424 788 3486 altaris
812 3425 905 3504 ipsius
928 3424 1164 3507 longitudinem,
1188 3433 1239 3487 aut
1261 3424 1381 3487 tandem
1404 3424 1525 3504 altaria,
1548 3433 1581 3488 ut
1604 3424 1684 3507 apud
1706 3433 1828 3488 autores
1850 3431 1973 3486 nostros
1995 3438 2057 3484 vo-

685 3531 808 3603 cantur,
837 3525 1004 3606 portatilia:
1034 3523 1161 3586 laminae
1192 3524 1309 3587 scilicet
1337 3532 1387 3586 aut
1415 3534 1570 3608 segmenta
1595 3544 1634 3588 ex
1660 3542 1831 3604 marmore,
1859 3540 1938 3604 quae
1968 3521 2057 3584 facile

686 3623 805 3702 allerri,
835 3631 865 3685 et
893 3624 1044 3687 removeri
1072 3632 1222 3704 possent,
1256 3627 1289 3686 ut
1319 3625 1345 3688 si
1372 3622 1511 3686 lnbdeles
1542 3625 1670 3706 synaxin
1699 3622 1798 3687 subito
1830 3623 2056 3698 conturbarent,

684 3720 765 3783 facili
788 3724 912 3805 negotio
935 3723 1069 3786 subtrahi
1090 3731 1225 3804 possent.
1249 3723 1293 3786 lta
1310 3741 1370 3786 non
1388 3724 1476 3787 modo
1489 3722 1684 3804 Graecorum,
1708 3723 1763 3786 sed
1780 3723 1868 3786 etiam
1883 3721 2058 3784 Latinorum

689 3820 864 3901 disciplinae
887 3820 925 3884 de
949 3822 1044 3885 sacris
1067 3822 1210 3886 altaribus
1242 3824 1405 3887 convenire
1434 3823 1669 3903 deprehenditur
1697 3821 1858 3898 Orientalis
1889 3819 2056 3900 disciplina.

687 3917 726 3981 Ut
749 3922 828 3982 enim
850 3921 947 3985 solida
969 3921 1061 4004 vulgo
1084 3922 1164 4003 apud
1184 3940 1241 3985 nos
1264 3923 1368 3986 altaria
1390 3931 1475 4002 sunt,
1497 3922 1587 3984 multa
1609 3931 1707 3986 tamen
1732 3924 1762 3984 in
1785 3920 1917 4003 Capellis
1943 3939 1984 3982 ex
2005 3927 2058 3981 ta-

688 4019 757 4081 bula
778 4019 896 4101 lapidea
919 4021 1040 4105 ligneae
1065 4023 1177 4084 inserta
1199 4022 1287 4103 liunt,
1318 4031 1387 4085 sunt
1409 4041 1531 4105 quoque
1551 4021 1703 4103 portatilia
1725 4021 1834 4100 multa,
1863 4022 1904 4084 ita
1934 4037 2056 4102 quoque

369 4135 423 4202 tta.
446 4135 561 4187 ateana.
577 4137 676 4188 desert-
690 4119 768 4200 apud
792 4118 960 4183 Orientales
984 4121 1172 4185 observatur.
1224 4122 1299 4197 Nam
1326 4124 1357 4184 in
1385 4124 1513 4205 antiquis
1540 4121 1687 4184 Ecclesiis
1714 4120 1867 4204 Aegypti,
1896 4127 1928 4182 ut
1956 4118 1993 4182 ad
2024 4117 2055 4184 S.

363 4224 470 4290 pliorem
503 4221 675 4272 Ecclesium
687 4218 850 4282 blacarium
872 4219 902 4280 in
923 4219 1053 4283 Deserto
1075 4221 1188 4300 Scetis,
1211 4223 1241 4284 in
1264 4222 1449 4285 blaraeotide
1473 4230 1503 4286 et
1525 4221 1611 4298 aliis,
1634 4229 1667 4283 ut
1688 4221 1778 4283 etiam
1800 4221 1830 4282 in
1847 4221 1912 4302 ipsa
1923 4218 2058 4283 Aethio-

368 4309 395 4359 ⁸·
415 4308 562 4370 salvatore,
581 4315 626 4358 ‘¹⁶·
687 4317 754 4400 pia,
778 4338 855 4400 quae
878 4319 977 4383 multis
1001 4320 1131 4382 saeculis
1154 4327 1218 4383 tota
1241 4319 1409 4384 Christiana
1432 4321 1503 4400 iuit,
1533 4320 1726 4401 reperiuntur
1754 4319 1858 4382 altaria
1888 4338 1927 4381 ex
1955 4318 2054 4383 solido

687 4417 798 4498 lapide.
822 4417 887 4481 Jam
909 4437 984 4481 vero
1008 4427 1223 4482 consecrantur
1244 4420 1364 4484 tabulae
1387 4429 1417 4483 et
1439 4438 1583 4502 mappae:
1609 4427 1639 4482 et
1660 4420 1798 4500 utrisque
1821 4420 1983 4483 communis
2007 4429 2058 4483 est

571 4596 579 4608 Ι
688 4520 878 4582 consecratio
902 4519 1025 4597 eadem,
1049 4538 1126 4600 quae
1148 4537 1210 4583 non
1233 4520 1270 4583 ab
1294 4521 1352 4584 alio
1375 4521 1441 4584 fieri
1463 4527 1579 4602 potest,
1604 4538 1691 4601 quam
1714 4519 1751 4583 ab
1773 4519 1938 4601 Episcopo.
1971 4518 2055 4582 lllius

687 4617 762 4680 ritus
785 4619 866 4681 sacri
889 4616 971 4681 Ordo
995 4627 1077 4681 extat
1099 4626 1158 4680 tam
1180 4619 1210 4680 in
1232 4618 1342 4682 Rituali
1360 4620 1509 4683 Gabrielis
1523 4618 1729 4700 Patriarchac,
1754 4637 1842 4701 quam
1861 4619 1940 4701 apud
1953 4617 2058 4682 Abul-

688 4716 783 4781 bircat
813 4727 843 4782 et
865 4718 958 4799 alios,
987 4721 1027 4782 ita
1049 4720 1167 4784 serenta
1190 4721 1338 4783 communi
1361 4719 1556 4785 Orientalium
1579 4719 1708 4780 omnium
1730 4719 1934 4783 Ecclesiarum
1956 4718 2057 4781 disci-

689 4815 786 4896 plina,
810 4825 843 4880 ut
864 4818 947 4882 nullo
963 4820 993 4881 in
1011 4819 1096 4884 altari
1108 4822 1242 4903 liturgia
1260 4820 1407 4883 celebrari
1425 4819 1556 4902 legitime
1573 4827 1681 4900 queat,
1705 4821 1776 4901 quin
1790 4821 1874 4900 prius
1889 4836 2060 4882 consecra-

690 4922 752 4977 tum
774 4915 865 4980 luerit
889 4919 925 4982 ab
948 4918 1118 5000 Episcopo,
1141 4919 1239 4983 multis
1263 4918 1463 4996 orationibus,
1487 4918 1738 5000 unctionibusque
1761 4938 1801 4982 ex
1823 4919 1982 4982 chrismate
1997 4938 2060 4983 seu

689 5033 776 5096 myro
798 5017 829 5077 in
855 5017 972 5079 modum
1000 5020 1116 5099 crucis,
1145 5028 1235 5101 atque
1263 5019 1322 5083 hoc
1351 5018 1488 5083 Ollicium
1516 5027 1643 5082 vocatur
1669 5022 1907 5082 cancerationis
1933 5019 2059 5097 attaris,

690 5114 772 5196 quod
794 5133 856 5177 non
878 5115 965 5178 modo
989 5118 1161 5181 celebratur
1183 5118 1221 5180 ad
1244 5119 1346 5182 altaris
1368 5119 1496 5201 lapidei,
1523 5118 1579 5182 sed
1601 5137 1641 5183 ex
1662 5118 1770 5183 tabulis
1792 5119 1863 5182 iacti
1886 5136 2061 5184 consecra-
