4684 6042
553 595 606 669 56
763 601 766 608 '
932 593 1140 670 emmonis
1165 592 1213 668 ET
1238 591 1542 670 BENEDICTIONES.

788 883 894 956 Dicet
919 885 1111 978 Episcopus
1132 885 1229 977 faeie
1254 883 1301 954 od
1328 885 1498 956 Orientem
1524 905 1700 956 converso.

661 1037 712 1111 Tu
730 1059 838 1129 nuno,
863 1038 1026 1130 Domine,
1051 1061 1114 1134 per
1139 1059 1289 1111 amorem
1313 1048 1403 1112 tuum
1430 1060 1515 1133 ergo
1542 1036 1709 1131 hominos,
1735 1039 1827 1109 mitte
1841 1036 1926 1134 Spi-

557 1159 655 1229 ritum
687 1164 837 1228 sanctum
869 1165 959 1228 tuum
993 1165 1027 1228 et
1059 1155 1196 1252 purifica
1235 1153 1300 1227 hoo
1332 1153 1438 1228 altore
1464 1154 1506 1228 oh
1542 1157 1631 1227 omni
1664 1175 1829 1251 perverso
1861 1154 1926 1226 fide

553 1271 817 1360 hoeretioomm
845 1267 886 1342 ab
915 1271 1067 1345 omnibns
1093 1269 1301 1344 immunditiis
1328 1273 1518 1370 corporeis,
1550 1281 1586 1344 et
1612 1269 1765 1344 omnibus
1798 1267 1924 1344 aconas

552 1387 662 1462 foedis
689 1397 724 1460 et
748 1388 941 1480 immundis,
974 1397 1010 1462 ut
1040 1391 1082 1462 sit
1108 1410 1187 1485 spes
1214 1396 1248 1460 et
1273 1386 1364 1462 solus
1398 1387 1495 1480 fidei,
1528 1389 1567 1462 iis
1601 1391 1657 1484 qui
1687 1387 1848 1460 oooedent
1883 1386 1925 1459 ad

555 1504 759 1576 divinitatem
784 1506 1094 1595 mammonin
1122 1505 1252 1577 animae
1278 1507 1431 1602 corporis
1457 1513 1492 1578 et
1522 1505 1673 1602 spiritus,
1706 1515 1740 1577 et
1772 1505 1923 1578 remissio

554 1630 788 1718 peccemmm,
815 1623 890 1716 qnia
917 1634 951 1696 tu
978 1622 1070 1698 solus
1094 1625 1272 1696 miserator
1297 1630 1331 1693 eo
1355 1623 1547 1695 misericors
1574 1643 1632 1715 es,
1658 1621 1858 1715 longanimis
1891 1627 1924 1693 et

556 1736 678 1810 multoe
706 1737 957 1811 misericordiae
984 1748 1019 1811 et
1043 1737 1102 1812 nbi
1129 1735 1268 1812 debetur
1293 1739 1400 1810 omnis
1426 1736 1535 1832 gloria
1552 1738 1657 1831 Patri,
1681 1737 1767 1812 Filio
1787 1749 1822 1811 et
1837 1737 1923 1835 Spi-

556 1855 634 1926 ritui
660 1861 798 1945 saneto,
823 1876 911 1928 nuno
937 1863 972 1929 et
996 1879 1131 1954 semper
1157 1855 1252 1928 etin
1277 1853 1412 1930 saecula
1438 1853 1657 1930 soeculorum.
1709 1856 1829 1932 Amen.

657 1969 707 2042 Et
732 1973 908 2068 quinquies
921 1953 1081 2046 ¹noemam
1105 1979 1141 2046 et
1165 1977 1238 2065 q'ue
1264 1978 1409 2067 quotuor
1434 1972 1549 2045 latera
1575 1973 1685 2046 Oroee
1710 1971 1869 2068 nfflrobit.

750 2293 843 2371 Finis
868 2297 1135 2373 benedictionum
1157 2299 1255 2390 juxto
1281 2295 1413 2370 Rituole
1437 2297 1537 2375 Anba
1564 2296 1728 2374 Gobrielis

989 2411 1206 2489 Patriorohae
1230 2413 1458 2491 Alexandrini.
