4680 6044
555 595 630 667 ooo
1040 547 1448 672 connaturales

549 779 649 856 palas.
694 779 939 840 Misericordiam
962 784 991 838 et
1007 796 1115 856 pacem
1139 786 1169 840 et
1190 777 1377 842 oblationem
1394 778 1574 859 perfectam.
1625 778 1668 842 lta
1697 780 1816 860 quidem
1844 779 1931 844 Ara-

484 927 488 936 ,
552 877 607 940 bes
631 884 867 959 expresserunt,
891 875 945 938 sed
968 894 1045 956 quos
1075 878 1162 958 sequi
1189 895 1251 941 non
1280 876 1441 958 oportebat
1470 880 1500 941 in
1531 896 1638 942 errore
1665 886 1724 941 tam
1754 879 1928 944 manifesto:

538 995 620 1040 -nam
643 996 721 1058 quac
744 978 902 1058 conjuncta
925 982 994 1037 sunt
1016 977 1100 1056 quasi
1123 978 1302 1040 sententiam
1326 973 1496 1056 efficerent,
1520 977 1663 1060 distingui
1686 981 1837 1058 oportuit,
1860 997 1928 1041 eum

552 1076 649 1154 prima
671 1075 765 1138 verba
788 1075 924 1138 dicantur
946 1092 964 1136 a
988 1074 1141 1137 biaeono:
1164 1075 1350 1157 respondeat
1371 1075 1511 1157 populus.
1534 1068 1628 1150 ἔλεος
1648 1065 1781 1162 εἰρήνης,
1803 1073 1930 1140 θυσίαν

553 1167 715 1247 αἰνέσεως.
760 1174 1004 1236 Misericordiam
1021 1177 1130 1252 pacis,
1161 1177 1345 1254 sacrificinm
1375 1176 1495 1252 landis,
1526 1194 1634 1258 nempe
1666 1177 1752 1256 quasi
1780 1177 1927 1257 dicerent,

551 1274 612 1352 ita,
637 1291 654 1335 ο
678 1273 831 1352 Diacone,
856 1273 962 1336 attenti
977 1289 1079 1334 sumus
1102 1273 1140 1335 ad
1163 1272 1367 1352 oblationem,
1391 1291 1469 1354 quae
1492 1282 1539 1336 est
1562 1275 1788 1338 misericordiae
1817 1283 1848 1338 et
1869 1293 1928 1357 pa-

553 1374 598 1434 cis
622 1371 802 1435 obtinendae
826 1369 949 1446 citream
979 1369 1137 1451 laudisque
1166 1370 1368 1434 Sacrificium:
1398 1371 1490 1453 quod·
1504 1380 1604 1436 autem
1625 1372 1745 1438 Arabes
1768 1381 1927 1438 verterunt

552 1472 743 1550 Sacrificium
762 1468 947 1550 perfectam,
972 1488 1010 1531 cn
1033 1471 1141 1532 vitiosa
1164 1471 1295 1533 lectione
1318 1463 1472 1544 αἰνέσεως
1493 1469 1625 1552 lactum,
1655 1473 1736 1554 quod
1763 1473 1926 1537 intellexe-

551 1579 620 1632 runt
644 1570 730 1651 quasi
753 1576 835 1631 esset
857 1553 1010 1640 ἑνώσεως,
1035 1568 1076 1629 At
1098 1570 1124 1632 si
1150 1568 1333 1632 Graecarum
1356 1551 1558 1653 Liturgiarum
1581 1571 1741 1634 lectionem
1761 1573 1925 1654 sequimur,
1952 1603 1955 1608 ·

550 1670 641 1750 plana
663 1667 824 1748 faciliaque
847 1674 916 1728 sunt
939 1669 1047 1728 omnia.
1076 1665 1120 1728 Ita
1149 1687 1271 1749 quoque
1302 1668 1458 1731 dicendum
1489 1668 1527 1731 de
1555 1669 1723 1751 subjunctis
1752 1671 1926 1750 particulis:

554 1768 612 1830 Ubi
639 1776 709 1830 sant
734 1774 847 1828 mentes
874 1774 1009 1828 cestrae:
1046 1784 1135 1846 quem
1162 1784 1285 1830 sensum
1312 1766 1392 1829 unde
1420 1768 1575 1848 acceperit
1604 1769 1755 1848 interpres
1790 1768 1926 1830 divinare

550 1884 613 1928 non
636 1883 815 1947 possumus:
838 1882 905 1925 nam
929 1865 958 1925 in
982 1864 1137 1928 codicibus
1160 1865 1225 1928 aliis
1249 1865 1348 1928 multis
1374 1866 1497 1946 legitur.
1529 1865 1646 1928 Leocte
1675 1868 1770 1928 corda
1801 1875 1926 1928 cestra:

552 1966 634 2047 quod
657 1964 735 2027 idem
758 1981 827 2026 esse
851 1980 886 2025 ac
909 1963 1036 2025 Sursum
1059 1965 1173 2040 corda,
1196 1964 1246 2027 vel
1268 1964 1395 2026 Sursum
1417 1984 1480 2040 cor,
1510 1973 1543 2027 ut
1565 1982 1658 2045 saepe
1681 1963 1823 2026 scribitur
1846 1963 1926 2045 apud

552 2065 772 2148 Augustinum,
795 2063 869 2126 satis
892 2063 1020 2143 quisque
1042 2063 1192 2145 intelbgit.
1230 2063 1363 2126 Tandem
1386 2062 1436 2125 illa
1458 2063 1559 2127 ultima
1582 2064 1726 2145 periodus
1749 2063 1879 2144 Dipnnm
1897 2068 1929 2123 et

542 2169 660 2246 justam
688 2171 749 2224 est:
786 2181 864 2243 quae
895 2179 911 2223 a
942 2161 1107 2225 Sacerdote
1135 2153 1306 2224 resumitur*
1325 2161 1520 2225 Praetutianis
1548 2163 1650 2242 initio,
1691 2162 1768 2225 male
1798 2161 1926 2223 vertitur

551 2262 668 2342 Dipone
690 2269 720 2323 et
733 2265 851 2341 jactas,
875 2260 1022 2350 quasiad
1044 2263 1201 2342 sequentia
1224 2261 1318 2323 verba
1341 2262 1520 2342 pertineret;
1544 2279 1622 2343 quae
1642 2263 1672 2325 in
1690 2281 1778 2324 unam
1798 2267 1926 2322 senten-

553 2363 622 2422 tiam
644 2360 798 2442 lnterpres
822 2361 996 2442 conjunxit,
1019 2361 1049 2420 in
1072 2361 1150 2422 hunc
1173 2361 1301 2424 modum.
1324 2360 1441 2440 Πέρσας
1462 2368 1493 2422 et
1504 2365 1609 2440 jnsnrs
1622 2369 1681 2438 est,
1704 2363 1756 2442 qni
1766 2365 1928 2440 pemnanet

551 2462 709 2540 princeps,
732 2468 790 2523 etc.
815 2459 890 2524 Cum
912 2458 1019 2539 procul
1042 2459 1133 2522 dubio
1155 2459 1335 2523 vertendum
1358 2461 1413 2536 sit,
1434 2459 1565 2540 Dipnnm
1588 2467 1619 2522 et
1631 2463 1747 2540 Jastnm
1769 2465 1831 2538 est,
1847 2473 1926 2539 quae

553 2559 647 2620 verba
676 2557 841 2620 secundnm
872 2557 1022 2619 rubricam
1049 2564 1097 2620 ter
1126 2566 1319 2639 repetuntur:
1355 2565 1385 2621 et
1415 2565 1522 2640 postea
1551 2576 1666 2621 comma
1695 2557 1864 2640 figendum3
1892 2563 1926 2618 ut

557 2659 654 2720 oratio
679 2675 697 2718 a
719 2655 914 2738 sequentibus
937 2656 1039 2719 verbis
1062 2657 1229 2736 incipiatur.
1276 2657 1363 2730 Quod
1386 2675 1461 2720 vero
1484 2665 1515 2719 ut
1539 2658 1618 2738 apud
1645 2655 1779 2720 Graecos
1810 2664 1842 2720 et
1862 2655 1926 2718 La-

552 2758 633 2818 tinos
657 2756 693 2817 ab
718 2775 753 2818 ea
777 2763 885 2836 parte,
916 2755 1050 2836 liturgia
1079 2757 1205 2836 proprie
1236 2756 1331 2836 dicta,
1350 2757 1429 2818 'sive
1459 2756 1570 2820 oblatio
1600 2757 1737 2836 incipiat,
1773 2756 1925 2818 etiamen

552 2855 740 2935 Coptitarum
773 2855 939 2931 sententia,
970 2853 1079 2933 probat
1111 2855 1242 2918 Historia
1271 2853 1482 2918 Patriarcbalis
1512 2855 1542 2916 in
1573 2856 1632 2916 vita
1664 2856 1779 2918 Sanutii
1808 2853 1868 2917 Lll.
1893 2856 1953 2915 in·

552 2971 611 3034 qua
634 2954 672 3016 de
694 2953 867 3016 Abrabamo
890 2953 957 3015 viro
980 2953 1124 3034 primario
1147 2957 1197 3035 qui
1220 2955 1257 3017 ad
1280 2973 1349 3018 eum
1371 2953 1608 3035 conquirendum
1630 2954 1751 3016 blisram
1782 2971 1838 3016 seu
1861 2952 1924 3017 Ca-

549 3039 645 3114 biram
667 3061 811 3130 venerat,
841 3053 882 3113 ita
906 3051 1053 3114 scribitur.
1084 3052 1243 3133 inpressas
1270 3061 1317 3116 est
1344 3057 1375 3116 in
1402 3053 1571 3115 Ecclesiam
1599 3052 1630 3113 S.
1660 3054 1775 3133 Serpii,
1803 3055 1835 3114 in
1864 3071 1925 3132 qna

551 3155 730 3233 conprepati
752 3160 860 3224 erant;
883 3154 1052 3232 reperitque
1073 3152 1142 3214 illos
1162 3152 1333 3234 Litnrpiom
1354 3153 1531 3214 inchoantes
1552 3151 1728 3232 dicebatque
1740 3150 1844 3232 plebs.-
1865 3151 1926 3212 Di-

547 3270 639 3330 pnnm
667 3258 696 3312 ct
716 3253 835 3330 jastnrn
865 3257 919 3312 est.
966 3248 999 3311 ln
1030 3249 1136 3312 codiee
1164 3250 1261 3333 Regio
1291 3250 1453 3314 recentiori
1485 3247 1626 3311 scribitur
1646 3249 1694 3311 bie
1718 3267 1787 3312 esse
1810 3250 1925 3311 initium

547 3347 704 3432 Liturgiae
727 3349 835 3412 Basilii.
859 3349 892 3411 ln
914 3347 1024 3411 Rituali
1047 3348 1196 3412 Gabrielis
1217 3350 1409 3412 Patriarchae
1432 3355 1552 3410 notatur
1573 3347 1779 3424 Sacerdotem,
1803 3349 1924 3428 quondo

544 3451 731 3528 pronunciat
751 3449 878 3512 Sarmens
901 3450 1013 3526 corda,
1037 3457 1083 3512 ter
1102 3449 1208 3530 [acere
1230 3451 1348 3530 sipnnm
1369 3450 1482 3527 erneis,
1506 3449 1552 3510 1⁰.
1575 3466 1720 3527 superse
1741 3449 1849 3527 ipsun,
1874 3449 1923 3511 2⁰.

548 3566 639 3627 saper
661 3547 817 3611 Diaconos
838 3549 882 3610 ad
903 3549 1002 3630 altare
1023 3550 1249 3624 ministrantes,
1272 3545 1318 3608 3⁰.
1341 3567 1432 3627 snper
1449 3544 1600 3626 papulam.

634 3645 668 3709 ln
690 3646 787 3730 Regio
811 3646 917 3710 codice
940 3645 1214 3710 Graeco-Arabico
1243 3647 1301 3709 bae
1323 3645 1470 3708 formulae
1492 3652 1576 3707 recte
1601 3662 1769 3725 expressae
1790 3651 1874 3707 sunt:
1892 3652 1922 3706 at

547 3744 647 3808 Arabs
678 3746 728 3826 qui
758 3763 811 3808 eas
839 3747 1055 3826 interpretatus
1085 3754 1147 3826 est,
1179 3746 1243 3809 aliis
1274 3744 1399 3807 vocibus
1428 3763 1500 3807 usus
1532 3752 1578 3806 est
1608 3761 1697 3825 quam
1719 3743 1770 3824 qui
1794 3743 1921 3823 Coptica

548 3850 715 3909 verterunt.
761 3843 793 3905 ln
817 3843 933 3907 Graeca
954 3843 1049 3906 Marci
1073 3844 1220 3927 quaedam
1249 3863 1356 3908 vocum
1390 3844 1566 3906 diversitas:
1595 3850 1626 3905 et
1656 3859 1727 3904 mox
1756 3829 1775 3904 ὁ
1800 3831 1922 3926 ‘Iacetis

548 3930 684 4028 ἄρχεται
707 3938 766 4026 τῆς
788 3929 969 4028 draconeis:
996 3943 1151 4006 Sacerdos
1171 3944 1354 4008 ablationem
1375 3962 1429 4004 sen
1451 3943 1615 4004 illationem
1637 3943 1758 4019 incipit,
1788 3939 1867 4022 quod
1890 3943 1920 4003 in

547 4041 664 4104 Graeca
698 4041 787 4125 Regii
819 4028 903 4124 ἆρχῆ
932 4029 990 4125 τῆς
1017 4038 1229 4128 προκομιδῆς.
1283 4043 1363 4104 blale
1392 4041 1514 4104 Latinus
1544 4042 1695 4122 interpres
1725 4040 1920 4102 elevationem

527 4141 676 4230 ¹inclinat.
716 4141 791 4202 Nam
821 4157 971 4220 nunquam
1000 4158 1038 4204 co
1061 4158 1154 4204 sensu
1176 4142 1323 4222 accipitur
1345 4159 1407 4204 vox
1429 4125 1607 4226 Ἀναφορᾶ,
1637 4155 1735 4219 neque
1759 4137 1920 4200 elevationi

548 4237 653 4317 loeus,
678 4251 747 4302 ante
771 4241 1040 4304 consecrationem.

1045 4499 1110 4587 Oai
1135 4500 1260 4571 sedetis
1284 4504 1423 4596 surpite.

628 4707 703 4784 lem
728 4720 817 4781 eliam
839 4718 934 4781 verba
957 4718 1074 4782 Graece
1097 4728 1201 4783 extant
1224 4739 1264 4783 ex
1287 4719 1468 4800 antiquitatis
1496 4717 1679 4796 reverentia,
1709 4717 1739 4778 in
1766 4714 1920 4778 codicibus

549 4820 766 4904 Aegyptiacis,
797 4829 829 4885 ut
859 4831 890 4886 et
920 4825 1077 4905 sequentia
1100 4825 1143 4886 ad
1158 4823 1316 4886 Orionem
1337 4823 1500 4902 adspicite,
1531 4830 1561 4884 et
1582 4820 1672 4882 multa
1697 4820 1766 4894 alia,
1793 4835 1920 4900 quorum

547 4920 648 5000 aliqua
658 4921 717 5002 jam
725 4923 903 4986 notavimus.
929 4922 1003 4986 Cum
1014 4922 1216 5004 prolixissima
1230 4924 1269 4985 sit
1282 4921 1447 4990 celebratio
1458 4921 1662 5003 Liturgiarum
1674 4908 1704 4981 in
1713 4917 1848 4996 Oriente,
1861 4935 1920 4998 per

546 5019 704 5083 intervalla
718 5021 836 5084 sedere
859 5021 948 5100 licet,
972 5031 1001 5085 at
1022 5024 1055 5085 in
1077 5022 1170 5092 certis
1193 5021 1377 5084 orationibus
1400 5028 1483 5084 stare
1507 5019 1704 5106 admonentur
1727 5034 1849 5096 omnes,
1877 5035 1919 5078 ex
