4680 6044
623 609 676 684 io
692 608 899 686 murano
915 604 1109 684 coruom
1124 607 1155 684 s.
1171 551 1316 685 risun.
1583 607 1656 678 211
1726 623 1735 640 ·

286 795 386 868 εἰοιιι,
408 812 487 875 quae
514 794 607 856 codol
634 795 666 854 in
693 812 760 854 cum
790 794 842 874 qni
865 811 926 873 pro
953 792 1041 854 nobie
1068 793 1233 872 mudfiena
1261 799 1315 855 est.
1361 788 1504 854 Eumdem
1532 807 1660 871 prorsus

288 891 517 973 explicationem
541 891 671 955 aderunt
698 897 785 954 autor
814 890 965 954 Scientiac
993 891 1244 970 Ecclesiasticae,
1266 889 1461 969 Abulbircut‚
1496 897 1527 950 et
1557 907 1661 952 omnes

287 991 407 1054 taudem
430 992 481 1072 qui
504 991 541 1054 de
565 991 705 1072 Trisagio
728 991 918 1070 scripserunt
943 990 1150 1053 Jacobitarum
1178 988 1344 1072 Theologi,
1373 1004 1450 1070 quos
1473 986 1656 1068 Ephraemio

284 1089 386 1172 judice
408 1107 557 1152 excusare
580 1087 670 1152 facile
692 1088 782 1168 soret,
804 1088 862 1151 nisi
884 1089 1010 1151 novitati
1032 1090 1222 1169 importunae
1244 1089 1412 1170 pertinacia
1426 1087 1608 1149 accessisset
1629 1089 1660 1149 in

288 1189 445 1252 retinenda
468 1187 637 1266 additione,
661 1206 738 1268 quae
762 1186 828 1250 solu
851 1205 905 1250 sua
921 1189 1054 1250 novitate
1069 1186 1235 1250 Ecclesiam
1263 1186 1506 1249 conturbaverat.
1548 1186 1661 1247 Verum

288 1289 423 1369 quumvis
445 1287 535 1370 culpa
557 1305 618 1350 non
641 1293 779 1365 careant,
803 1286 912 1348 absunt
934 1292 1033 1348 tamen
1057 1286 1378 1366 aPutripussianorum
1391 1283 1522 1364 haeresi,
1545 1282 1584 1344 de
1603 1299 1661 1362 qua

288 1387 380 1472 vulgo
403 1405 420 1450 a
443 1387 555 1450 nostris
578 1385 734 1449 autoribus
755 1383 957 1466 postulantur.

650 1645 727 1716 Hoc
753 1651 804 1717 eet
830 1647 918 1715 enim
945 1666 1070 1737 corpas
1096 1665 1212 1732 necem
1240 1650 1305 1715 ete.
1712 1663 1741 1715 r.
1760 1665 1803 1716 ιι.
1821 1665 1837 1716 ι.
1856 1664 1901 1717 ur.

388 1868 571 1960 Ocinarus,
595 1898 673 1962 quac
696 1879 895 1945 uSacerdote
918 1887 988 1962 post
1010 1880 1152 1961 hymnum
1175 1879 1384 1962 triumphalem
1405 1898 1422 1941 a
1443 1878 1535 1960 plebe
1552 1879 1661 1942 dictum
1712 1886 1881 1941 Praeterieris
1905 1903 1987 1956 expo·

288 1983 521 2065 pronunciatur,
545 1981 709 2044 communis
733 1987 781 2042 est
802 1981 832 2042 in
855 1979 992 2044 omnibus
1016 1977 1131 2042 Ciliciis
1154 1977 1266 2041 lomna:
1290 1979 1350 2040 nisi
1378 1977 1458 2060 quod
1481 1980 1512 2039 in
1535 1979 1663 2060 antiquis
1678 1975 1745 2024 ⁸³⁶⁰·

288 2082 431 2160 brevior,
465 2081 496 2142 in
527 2080 593 2142 aliis
617 2078 769 2160 aliquanto
792 2079 940 2160 prolixior
962 2087 1020 2142 est.
1070 2078 1207 2141 Omnium
1230 2079 1380 2142 sententia
1403 2077 1526 2156 eudem,
1556 2096 1665 2159 nempe

288 2180 504 2244 beneficiorum
526 2178 583 2240 Dei
606 2195 682 2260 erga
705 2177 864 2239 humanum
887 2195 988 2260 genus
1010 2180 1198 2242 enumeratio
1222 2195 1238 2238 a
1263 2178 1432 2240 creatione:
1463 2184 1523 2238 tom
1547 2195 1586 2239 ex
1609 2195 1666 2238 cu·
1758 2219 1764 2226 -

290 2281 396 2360 ritate,
427 2298 487 2361 qua
516 2285 588 2360 post
617 2276 724 2339 Adumi
751 2277 867 2358 lapsum
897 2276 1035 2340 homines
1066 2295 1083 2339 a
1111 2276 1281 2357 perditione
1316 2276 1490 2353 revocavit,
1519 2276 1664 2338 mittendo

191 2365 193 2374 ’
290 2379 496 2457 Patriurchas,
532 2385 563 2440 et
595 2376 762 2458 Prophetas
799 2384 832 2438 et
858 2375 958 2460 legem
981 2377 1094 2440 dando:
1129 2375 1311 2456 tandemque
1339 2393 1397 2454 per
1425 2374 1665 2437 incarnationem

291 2478 437 2560 unigeniti
459 2476 511 2539 filii
534 2477 599 2554 sui,
635 2482 788 2555 totamque
812 2475 879 2557 ejus
902 2478 933 2537 in
956 2478 1047 2539 terris
1069 2476 1342 2556 dispensationem,
1365 2481 1554 2555 mortemque
1577 2473 1665 2536 salu-

290 2585 400 2656 tarem,
423 2576 581 2639 liberando
609 2576 795 2638 acervitutc
826 2573 947 2639 diaboli.
993 2575 1069 2638 Cum
1097 2593 1174 2638 vero
1205 2581 1274 2637 aute
1304 2574 1496 2655 passionem,
1525 2570 1664 2635 Christus

291 2675 514 2741 Sacramentum
538 2675 677 2757 corporis
700 2683 731 2737 et
760 2673 916 2757 sanguinis
946 2675 1123 2752 instituerit,
1149 2674 1333 2756 jusseritque
1363 2673 1519 2754 Apostolis
1549 2678 1580 2734 et
1609 2687 1667 2750 per

291 2794 346 2839 eos
367 2775 516 2838 Ecclesiis
540 2775 695 2853 omnibus,
724 2779 757 2836 ut
784 2772 858 2835 illud
886 2774 918 2835 in
947 2773 994 2834 sui
1023 2772 1194 2835 memoriam
1225 2772 1450 2850 celebraretur,
1480 2771 1518 2833 ab
1547 2770 1666 2833 illorum

290 2891 387 2956 usque
410 2873 610 2955 temporibus,
638 2873 874 2936 Ecclesiasticus
902 2871 1078 2952 disciplinae
1106 2878 1254 2953 perpetua
1285 2870 1336 2933 lex
1366 2871 1439 2948 fuit,
1468 2878 1501 2932 ut
1531 2868 1666 2953 ejusdem

289 2973 485 3036 institutionis
507 2972 653 3037 memoria
674 2980 883 3054 repeteretur,
907 2977 937 3033 et
960 2969 1066 3033 eudem
1092 2972 1160 3052 ipsa
1188 2969 1282 3032 verba
1312 2969 1527 3033 adhiberentur
1557 2969 1665 3050 quibus

289 3074 322 3134 in
343 3072 446 3134 ultima
468 3088 566 3134 coena
589 3070 728 3134 Christus
751 3087 863 3152 corpus
886 3087 972 3134 suum
987 3078 1026 3132 et
1047 3071 1225 3154 sanguinein
1249 3068 1403 3150 discipulis
1434 3065 1569 3148 tradens,
1592 3087 1666 3130 usus

290 3171 398 3236 luerat.
444 3169 564 3252 Quippe
585 3167 722 3251 Liturgia
744 3175 832 3231 vetus
863 3170 943 3232 nulla
972 3169 1075 3232 verbis
1106 3169 1165 3232 illis
1194 3170 1308 3248 caruit,
1340 3186 1436 3249 quae,
1466 3175 1499 3230 ut
1529 3167 1578 3231 illa
1607 3167 1665 3228 Dei

291 3271 418 3334 crescite
440 3275 470 3332 et
490 3269 730 3348 multiplicamini
751 3268 835 3330 initio
858 3285 959 3331 rerum
983 3275 1154 3330 creatarum
1177 3267 1312 3350 prolata,
1335 3267 1393 3330 huc
1416 3285 1513 3348 usque
1532 3284 1667 3348 operan-

291 3378 358 3450 tur,
382 3372 423 3432 ita
445 3366 578 3450 quotidie
602 3387 619 3430 u
642 3366 851 3430 sacerdotibus
876 3367 1008 3449 prolata,
1031 3366 1203 3448 producunt
1226 3366 1393 3430 elllcaeiter
1416 3367 1446 3429 id
1469 3366 1550 3448 qaod
1567 3366 1667 3447 signi-

292 3469 397 3544 ficant;
420 3475 453 3530 ut
475 3466 710 3548 Chrysostomus
733 3466 870 3546 scripsit,
893 3467 942 3547 pie
961 3466 1049 3547 juxta
1073 3474 1104 3528 et
1126 3467 1294 3549 eleganter.
1339 3465 1452 3528 Omnes
1479 3465 1574 3548 igitur
1596 3463 1666 3526 illa-

291 3585 358 3630 rum
381 3566 558 3631 Orationem
579 3564 726 3628 formulae
749 3565 787 3627 de
811 3563 919 3627 divinis
941 3563 1096 3628 beneficiis
1122 3573 1207 3644 sunt,
1230 3564 1329 3646 deque
1352 3563 1455 3626 ultimo
1478 3563 1529 3626 illo
1543 3549 1667 3644 passio-

291 3669 354 3747 nis,
388 3673 419 3728 et
448 3665 627 3729 sacramenti
658 3664 802 3743 instituti,
826 3663 863 3726 ad
885 3671 1080 3745 peccatorum
1094 3664 1315 3743 remissionem,
1337 3665 1488 3745 vitamque
1512 3671 1666 3726 aeternam

292 3764 514 3848 praestandam.
559 3763 642 3826 llaec
663 3780 739 3826 vero
763 3764 861 3826 omnia
884 3764 914 3824 in
936 3762 993 3826 bac
1016 3762 1142 3844 Coptica
1165 3764 1301 3845 liturgia
1323 3762 1498 3826 referuntur
1528 3763 1669 3824 oratione

293 3866 454 3943 contiuua,
477 3871 510 3925 ut
532 3863 612 3944 apud
633 3862 797 3944 plerosque
821 3860 1005 3942 Orientales,
1029 3863 1080 3944 qui
1103 3881 1213 3944 preces
1236 3864 1336 3925 varias
1359 3879 1416 3944 pro
1440 3862 1516 3923 vivis
1537 3866 1568 3921 et
1582 3877 1668 3921 mor-

293 3967 368 4043 tuis,
393 3961 952 4043 sanctorumque'commemorationes
981 3980 1041 4024 non
1069 3962 1280 4043 interponunt;
1315 3961 1370 4024 sed
1400 3959 1541 4022 dilierunt
1570 3976 1667 4039 usquo

294 4064 331 4128 ud
354 4062 578 4126 luvocationem
602 4060 730 4143 Spiritus
753 4061 859 4126 suncti.
905 4061 939 4123 ln
962 4063 1050 4124 tertia
1073 4068 1173 4122 tamen
1195 4061 1329 4144 Liturgia
1353 4078 1432 4141 quae
1458 4056 1563 4140 Cyrilli
1587 4058 1667 4120 dioi-

293 4171 360 4240 tur,
384 4164 559 4224 inseruntur
585 4168 654 4224 ante
676 4161 957 4242 pronunciationem
987 4160 1148 4223 verborum
1177 4158 1287 4224 Christi
1310 4161 1464 4223 orationes
1481 4157 1591 4220 multae
1608 4174 1665 4239 pro

294 4260 442 4337 diversis,
467 4258 548 4341 quod
571 4259 660 4323 etiarn
685 4261 865 4324 observatur
887 4260 918 4322 in
940 4259 1084 4342 liturgiis
1106 4260 1364 4323 Nestoriunorum.
1410 4257 1492 4321 ldem
1515 4257 1667 4320 ohserva-

294 4368 344 4423 tur
366 4362 398 4422 in
420 4357 537 4420 Graeca
553 4356 658 4439 Marci,
681 4359 711 4420 in
735 4376 794 4439 qua
815 4361 921 4439 paucis
943 4359 1045 4422 verbis
1067 4368 1136 4439 post
1158 4359 1300 4441 hymnum
1319 4356 1530 4439 triumphalem
1553 4355 1591 4419 ad
1613 4373 1667 4417 sa-

183 4451 191 4466 *
296 4475 417 4521 crorum
439 4457 550 4522 Christi
573 4457 735 4522 verborum
756 4459 1038 4539 pronunciationem
1059 4460 1207 4541 pergitur.

381 4557 426 4620 Eu
449 4566 548 4620 autem
576 4557 635 4620 alta
658 4574 735 4620 voce
759 4557 899 4620 dicuntur
921 4575 937 4618 u
961 4557 1136 4636 Sacerdote,
1160 4566 1192 4621 ut
1213 4557 1344 4640 populus
1367 4555 1481 4618 audiat:
1505 4562 1536 4617 et
1558 4571 1668 4618 assen-
1714 4562 1799 4617 verbu
1818 4559 1992 4631 Obrutique·
2026 4627 2030 4630 .

296 4675 361 4720 sum
384 4655 533 4738 fidemque
557 4673 641 4720 saum
663 4662 807 4734 testetur,
831 4663 864 4718 ut
886 4655 957 4718 lacit
980 4656 1108 4719 dicendo
1132 4656 1302 4737 etquidem
1326 4654 1462 4732 Graece,
1491 4653 1572 4735 quod
1600 4670 1667 4715 mu·
1677 4650 1755 4703 '¹11⁰d0
1768 4647 1976 4718 pronnnciamur.
2099 4675 2106 4680 ·

297 4755 371 4836 ioris
396 4756 578 4837 antiquitatis
601 4755 743 4817 indicium
771 4763 834 4834 est,
857 4745 1080 4834 Πιστεὺομεν,
1105 4754 1271 4818 Credimus.
1314 4753 1362 4817 Ad
1387 4754 1522 4836 singulas
1546 4771 1667 4837 quoque

298 4855 443 4916 orationis
465 4862 570 4935 partes
592 4854 790 4934 acclamatur,
812 4854 925 4929 Amen
969 4862 1002 4917 ut
1024 4874 1064 4916 ex
1087 4856 1217 4932 rubrica,
1247 4873 1334 4936 quam
1363 4874 1403 4917 ex
1427 4854 1540 4918 Codice
1572 4852 1671 4936 Regio

297 4952 518 5032 transtulimus,
540 4953 737 5036 ‚manifestum
759 4960 817 5017 est.
862 4952 907 5016 Ea
935 4973 1011 5018 vero
1040 4952 1216 5018 acclamatio
1251 4972 1408 5018 assensum
1437 4952 1508 5016 lidei
1539 4953 1670 5036 religio-

298 5067 363 5113 sum
386 5053 544 5133 exprimit,
575 5053 658 5115 circu
680 5054 778 5117 omnia
814 5069 892 5133 quae
924 5071 964 5114 ex
994 5051 1181 5133 Euangeliou
1210 5052 1335 5116 historia
1364 5071 1436 5116 mox
1463 5052 1670 5134 proferuntur,

336 5183 453 5230 tamw-
1411 5169 1462 5244 43
