4736 6064
546 554 801 631 ιιιιιιιιιιι
832 550 1098 631 Jloommncn
1124 551 1397 630 nummatam
1580 551 1657 626 449
1718 531 1721 542 '

290 745 483 814 universam
508 739 696 815 Ecclesiam
722 749 828 830 tuam,
855 749 1012 834 essetque
1037 741 1193 837 princeps
1220 751 1253 814 et
1279 739 1347 812 dux
1374 762 1475 835 super
1502 738 1659 836 populum

290 871 391 932 tuum.
452 859 600 932 Illumina
637 881 711 930 eum
747 858 908 947 Domine,
941 855 1119 952 splendore
1153 855 1263 929 vultus
1298 859 1364 946 tui,
1395 865 1431 927 ut
1462 855 1660 929 illuminetur

291 999 352 1048 cor
378 978 451 1067 ejus
476 974 577 1048 radiis
605 975 735 1067 gloriae
761 987 858 1066 tuae,
891 983 925 1046 et
956 972 1119 1065 intehigat
1145 973 1325 1046 secundum
1350 977 1543 1060 veritatem,
1577 997 1660 1070 mp-

292 1095 426 1166 sterium
455 1090 684 1164 ahsconditum
711 1101 809 1163 tuum.
862 1088 1002 1161 Ellunde
1029 1111 1129 1184 super
1156 1112 1231 1162 eum
1264 1091 1413 1184 spiritum
1444 1088 1660 1185 principalem

293 1210 492 1300 cognitionis
519 1211 581 1296 tui,
609 1229 706 1301 quem
733 1211 861 1302 accepit
896 1204 938 1279 ah
965 1205 1119 1278 Ecclesia
1154 1215 1210 1276 tua
1244 1217 1377 1293 sancta,
1411 1213 1446 1277 ut
1478 1215 1661 1278 renovetur

292 1323 471 1398 secondum
497 1322 740 1419 beneplacitum
766 1333 854 1394 tuum
882 1326 914 1394 in
942 1325 1032 1395 omni
1058 1323 1294 1414 generatione:
1322 1320 1478 1417 Spiritum
1499 1331 1660 1410 sanctum,

294 1440 450 1536 Spiritum
476 1442 647 1526 veritatis,
674 1439 830 1534 Spiritum
856 1437 1038 1533 perlectum
1066 1437 1279 1533 paraclitum,
1307 1459 1403 1532 quem
1430 1437 1549 1510 dedisti
1575 1459 1659 1510 san-

293 1560 354 1629 ctis
382 1559 446 1628 tuis
472 1553 647 1651 Apostolis
674 1564 708 1625 et
733 1553 917 1650 Prophetis.
949 1554 1001 1626 Da
1027 1551 1073 1624 illi
1099 1555 1242 1626 Domine
1268 1557 1400 1645 virgam
1426 1556 1556 1627 virtutis
1583 1564 1660 1624 tuae

293 1672 486 1770 productam
513 1695 560 1742 en
585 1670 698 1742 radice
724 1671 845 1759 Jesse,
873 1670 1011 1772 scihcet
1026 1681 1154 1766 septem
1181 1670 1323 1764 Spiritus
1350 1673 1414 1758 tui,
1446 1671 1558 1759 Deus,
1592 1670 1659 1742 de-

294 1787 457 1860 scendant
482 1809 582 1882 super
609 1810 697 1876 eum,
724 1796 758 1858 et
782 1785 966 1882 producant
990 1785 1130 1858 fructum
1156 1788 1320 1860 veritatis:
1349 1786 1491 1882 Spiritus
1518 1790 1659 1882 sapien-

293 1906 359 1975 tiae
387 1915 420 1976 et
446 1903 658 2000 prudentiae:
685 1902 827 1998 Spiritus
854 1902 983 1974 consilii
1010 1914 1043 1976 et
1077 1901 1289 1975 fortitudinis:
1322 1902 1464 2000 Spiritus
1500 1905 1660 1975 scientiae
1718 1939 1721 1948 v

295 2028 329 2090 et
354 2022 493 2116 pietatis.
546 2017 649 2113 lmple
676 2017 763 2090 illum
791 2022 909 2092 timore
936 2029 993 2090 tuo
1019 2017 1127 2107 Deus,
1161 2029 1196 2092 ut
1222 2020 1349 2112 judicet
1380 2018 1536 2115 populum
1569 2029 1659 2090 tuum

294 2139 539 2231 inaequitate,
570 2145 603 2206 et
630 2136 770 2206 retineat
795 2133 894 2207 fidem
920 2143 1044 2206 rectam
1078 2133 1204 2230 absque
1238 2135 1379 2209 delectu.
1438 2135 1540 2208 Indue
1571 2135 1661 2208 illum

294 2251 434 2346 podere,
462 2253 536 2323 sive
564 2249 650 2322 stola
677 2248 807 2342 gloriae
834 2261 910 2321 tuae
938 2258 1083 2323 sanctae.
1128 2251 1265 2348 Impone
1292 2255 1392 2348 capiti
1419 2254 1492 2344 ejus
1518 2255 1661 2343 mitram,

294 2377 328 2438 et
352 2390 442 2460 unge
468 2366 558 2438 illurn
585 2366 661 2441 oleo
688 2366 833 2438 laetitiae
858 2364 1014 2439 bonitatis
1042 2378 1118 2442 tuae
1148 2391 1230 2463 prae
1263 2362 1414 2442 omnihus
1447 2367 1661 2465 participibus

296 2487 375 2556 suis.
428 2484 479 2556 Sit
514 2483 572 2554 tihi
598 2484 706 2570 Deus,
740 2482 895 2556 Pontifex
930 2483 1034 2555 [idelis
1068 2505 1170 2579 super
1203 2484 1336 2557 domum
1367 2496 1455 2557 tuam
1489 2508 1574 2580 qurae
1609 2494 1662 2558 est

293 2599 466 2689 Ecclesia,
501 2609 536 2670 ut
568 2602 694 2672 serviat
728 2598 786 2670 tihi
820 2598 987 2697 inculpata
1021 2601 1173 2674 omnihus
1207 2601 1322 2676 diebus
1359 2604 1451 2674 vitae
1485 2624 1586 2689 suae,
1627 2604 1662 2672 in

293 2716 478 2790 Pantihcali
506 2715 688 2807 dignitate,
723 2727 822 2788 nocte
846 2738 890 2796 ac
917 2715 970 2786 die
1003 2718 1210 2789 incessanter
1242 2739 1303 2815 per
1337 2715 1501 2790 sacrificia
1533 2725 1661 2806 sancta,

294 2845 329 2907 et
355 2836 521 2908 orationes
549 2834 582 2902 in
609 2831 712 2904 corde
738 2854 835 2927 puro,
863 2840 898 2902 et
923 2835 1030 2903 anima
1059 2832 1247 2928 splepdida:
1274 2857 1336 2930 per
1351 2838 1477 2928 jejunia
1497 2844 1531 2906 et
1549 2835 1662 2908 actio·

293 2973 355 3028 nes
382 2953 466 3045 pias,
493 2971 554 3044 per
581 2951 751 3020 caritatem
778 2958 812 3024 et
836 2946 1064 3036 humditatem,
1095 2972 1157 3045 ρει
1187 2949 1284 3022 fidem
1319 2951 1446 3046 ahsque
1478 2950 1661 3047 hypocrisi,

293 3091 356 3165 per
380 3063 570 3162 prophetias
598 3074 632 3136 et
657 3064 864 3136 elevationes
891 3066 1039 3160 spiritus:
1074 3075 1107 3136 et
1142 3063 1259 3137 ollerat
1285 3068 1342 3139 tihi
1369 3067 1566 3140 sacrificium
1592 3091 1661 3163 pu-

292 3208 367 3256 rum
394 3192 428 3253 et
453 3191 600 3253 sanctum
628 3179 743 3253 diebus
770 3180 940 3268 omnihuS,
968 3202 1040 3252 cum
1068 3181 1174 3252 srdlitu
1200 3184 1344 3271 incensi,
1375 3205 1436 3279 pro
1463 3185 1661 3275 ignorantiis

294 3298 407 3397 populi
434 3301 491 3385 tui,
517 3295 600 3368 dens
627 3299 867 3392 perversitates
894 3306 928 3367 et
953 3299 1159 3392 insipientias
1186 3297 1383 3392 populorum
1411 3304 1467 3393 qui
1485 3310 1560 3372 sunt
1574 3321 1662 3390 grex

295 3427 379 3488 tuus.
433 3413 527 3484 Educ
553 3437 614 3486 eos
641 3435 687 3483 ex
714 3410 834 3506 laqueo
861 3415 1006 3508 peccati,
1038 3412 1079 3484 ad
1107 3411 1280 3486 colendam
1312 3417 1479 3510 pietatem.
1539 3414 1661 3486 Pacem

295 3554 397 3629 super
425 3552 543 3626 pacem
570 3528 720 3602 concede
748 3532 836 3600 omni
862 3528 985 3624 populo
1012 3537 1086 3617 tuo,
1119 3529 1337 3624 omnibusque
1363 3530 1484 3607 ovihus
1511 3535 1574 3604 tuis
1601 3552 1663 3626 per

291 3647 436 3741 'gloriam
471 3659 571 3720 tuam.
630 3650 682 3721 Da
718 3649 764 3719 illi
796 3648 938 3720 Domine
976 3657 1175 3743 potestatam
1209 3647 1351 3743 Spiritus
1387 3650 1432 3719 tui
1467 3651 1593 3736 sancti,
1628 3655 1663 3718 ut

295 3764 407 3838 solvat
428 3766 565 3838 vincula
592 3767 703 3837 amnia
730 3764 847 3859 quihus
874 3768 1023 3837 inimicus
1051 3763 1202 3855 alligavit
1229 3786 1302 3836 eum
1317 3774 1475 3860 peccato:
1503 3773 1536 3835 et
1550 3785 1662 3835 mem-

293 3879 357 3952 hra
383 3881 559 3954 Ecclesiae
591 3891 668 3952 tuae
700 3882 826 3970 divisa,
861 3881 903 3952 da
935 3881 979 3953 illi
1015 3890 1050 3950 ut
1083 3883 1115 3950 in
1149 3902 1248 3952 unum
1278 3881 1424 3952 reducat.
1486 3879 1663 3952 Conserva

296 3997 526 4071 Sacerdotium
560 4002 631 4092 aJus
664 3999 882 4094 inculpatum,
915 4019 1021 4092 usque
1054 4000 1087 4068 in
1118 3995 1216 4068 finem
1249 4005 1284 4068 ut
1316 3999 1478 4068 ministret
1509 3995 1567 4067 tihi
1601 4019 1663 4091 per

296 4115 493 4188 sacrificium
512 4112 689 4209 'spirituale
715 4119 842 4187 cunctis
869 4113 985 4186 diebus
1013 4112 1191 4186 secundum
1219 4113 1377 4185 Ordinem
1404 4115 1521 4186 summi
1541 4111 1694 4184 Ponti-'

218 4303 224 4318 ,
295 4231 386 4322 licis,
415 4235 530 4327 quiin
557 4230 661 4302 coelis
688 4240 740 4302 cst
765 4231 899 4304 Domini
926 4232 1031 4302 nostri
1057 4229 1139 4302 Jesu
1167 4227 1308 4321 Christi,
1335 4233 1406 4326 qui,
1434 4240 1495 4303 etc.

522 4507 710 4580 Conversus
736 4508 783 4578 od
810 4507 981 4579 Orientem
1007 4508 1091 4578 dicit
1116 4507 1205 4577 hanc
1233 4506 1439 4578 Orationem.

401 4697 546 4769 Exorire
572 4698 713 4770 Domine
741 4719 842 4792 super
868 4719 949 4783 nos,
985 4708 1018 4768 et
1053 4719 1153 4793 super
1184 4697 1397 4768 ministerium
1431 4708 1600 4787 nastnrm,
1631 4709 1665 4771 et

176 4893 179 4896 ,
297 4813 416 4886 munda
442 4837 504 4888 nos
532 4811 573 4886 ah
602 4816 690 4885 omni
716 4810 862 4884 macula:
897 4815 987 4884 mitte
1021 4835 1152 4909 quoque
1186 4811 1330 4908 desuper
1370 4816 1511 4905 gratiam
1546 4819 1663 4910 ponti-

288 4928 426 5001 ·licalem
453 4953 553 5025 super
580 4950 714 5003 servum
740 4938 828 4996 tuum
855 4927 941 5002 hunc
966 4928 1007 5002 N.
1034 4942 1070 5002 ut
1096 4930 1214 5022 dignus
1241 4929 1397 5002 alliciatur
1417 4954 1477 5027 per
1495 4930 1662 5028 henepla-

294 5047 396 5117 citum
422 5055 510 5117 tuum
536 5043 694 5142 pascendi
718 5038 853 5136 plehem
888 5057 976 5119 tuam
1002 5046 1194 5147 inculpate,
1225 5057 1258 5118 et
1293 5047 1443 5140 erigendi
1475 5045 1663 5122 Ecclesiam
