4680 6044
453 509 748 590 conmortuus
764 509 817 586 lo
840 477 1049 585 nrronann
1071 502 1264 582 comrcnn
1283 504 1313 582 s.
1331 503 1475 581 nnsun
1629 501 1701 575 153

331 697 408 760 levis
433 704 480 759 est
502 695 581 758 inter
604 692 740 757 Graecos
769 700 801 756 et
823 693 993 757 Orientales
1023 692 1075 773 qui
1104 709 1169 753 eam
1200 691 1237 752 ah
1268 689 1341 770 ipsis
1370 693 1555 768 acceperunt
1584 686 1704 751 discre-

290 775 292 783 ’
331 797 441 878 pantia.
486 794 561 857 Nam
585 793 665 875 apud
686 793 755 856 illos
776 795 902 890 proprie
924 775 988 868 est,
1011 791 1140 863 ohlotio,
1166 791 1348 869 socmfimam
1363 789 1487 866 Missae,
1510 795 1543 850 ut
1556 773 1705 871 Ἀναφα-
1717 829 1782 882 M
1797 829 1841 881 m
1855 826 1940 894 carpe
1948 829 2029 898 pas.

330 892 385 982 poi
407 889 608 977 μυστηρίων,
631 892 779 956 Palladio:
802 880 979 976 ’Διαφοραὶ
1002 886 1037 954 ἐν
1060 876 1194 962 ἀδύτοις
1214 879 1412 968 ποιούμενος
1433 890 1465 950 in
1487 889 1554 951 Vita
1577 891 1702 972 Ignatii:

330 983 425 1073 εὐχαὶ
450 992 511 1078 τῆς
546 984 643 1076 ἁγίας
670 979 839 1077 ἀναφορᾶς
867 993 897 1053 in
919 991 1044 1053 historia
1071 989 1207 1070 hlartyrii
1236 988 1268 1053 S.
1298 988 1393 1050 hlarci
1422 997 1454 1051 et
1480 989 1594 1069 passim
1623 991 1702 1057 alihi.

328 1093 391 1156 lllis
414 1095 493 1156 eninr
520 1093 596 1157 locis
620 1100 718 1154 actum
740 1093 837 1173 ipsum
860 1109 979 1153 sacrum
1001 1089 1161 1152 oblationis
1184 1087 1391 1150 Eucharistiae
1412 1088 1576 1171 significari
1606 1094 1704 1153 mani-

330 1191 439 1256 iestum
469 1198 537 1267 est,
561 1199 593 1254 et
615 1190 774 1272 aliquando
798 1208 886 1252 sacra
909 1192 976 1270 ipsa
996 1189 1159 1271 mysteria,
1181 1197 1215 1251 ut
1237 1206 1304 1251 cum
1332 1188 1410 1268 apud
1432 1189 1647 1272 Pachymerem
1669 1187 1705 1256 at

330 1283 591 1378 προηγιασμὲναι
607 1279 771 1376 ἀναφοραὶ
787 1298 942 1369 vocantur,
960 1291 1240 1370 moesonctificata.
1264 1287 1361 1352 Aliam
1378 1305 1500 1370 quoque
1519 1309 1581 1354 vox
1598 1291 1704 1354 eadem
1717 1294 1746 1346 l.
1759 1299 1783 1346 7.
1797 1314 1819 1349 c.
1831 1296 1875 1350 28.

332 1395 362 1454 in
384 1391 502 1454 Ritihus
525 1387 775 1472 significationem
797 1387 907 1466 hahet,
936 1406 1045 1470 nempe
1066 1390 1127 1451 celi
1148 1405 1208 1469 quo
1237 1395 1381 1472 teguntur
1410 1388 1531 1452 oblatae
1560 1391 1590 1452 in
1619 1391 1704 1454 disco

331 1493 468 1574 positae,
498 1489 584 1552 aliter
618 1489 688 1553 dicti
718 1479 981 1568 Δισκοκάλυμμα
1009 1495 1040 1550 et
1068 1474 1156 1572 Αήρ,
1186 1487 1355 1568 dequibus
1378 1487 1500 1551 videndi
1523 1488 1650 1553 Goarius
1674 1500 1705 1554 et

333 1591 476 1674 Congius.
521 1589 563 1652 At
584 1607 641 1670 pro
664 1586 772 1652 Rituali
794 1588 955 1651 Orationes
977 1587 1128 1668 Liturgias
1158 1587 1351 1679 continente¹
1368 1585 1545 1668 frequenter
1573 1606 1705 1670 usurpa-

333 1699 382 1753 tur
406 1689 484 1771 apud
508 1688 659 1771 coptitas:
683 1708 720 1751 ea
742 1689 860 1750 ratione
884 1687 982 1769 quod,
996 1687 1074 1768 ¹quia
1098 1689 1231 1749 continet
1254 1688 1354 1749 omnia
1377 1686 1416 1749 ad
1438 1687 1627 1752 Ohlationem
1650 1707 1705 1750 sa-

333 1791 439 1855 crilicii
462 1789 661 1852 Eucharistici
685 1787 877 1866 necessaria,
907 1786 1027 1849 Oblatio
1057 1801 1118 1847 non
1149 1787 1296 1848 immerito
1327 1785 1385 1849 dici
1413 1789 1524 1867 possit:
1556 1798 1589 1851 ut
1619 1787 1706 1850 aliter

335 1891 414 1973 apud
436 1891 530 1972 Syros
554 1895 682 1952 vocatus
704 1896 751 1951 est
775 1886 921 1976 ejusmodi
944 1885 1022 1948 liher
1046 1885 1210 1962 henricho,
1237 1886 1296 1948 hoc
1326 1895 1373 1948 est
1402 1891 1619 1970 sanctificatio,
1648 1906 1705 1952 scu

334 1997 472 2052 coactam
493 1989 562 2071 quia
585 1996 688 2052 sancta
709 1975 752 2049 τὰ
766 1977 868 2071 ’Ἅγια
889 2004 946 2068 per
968 1985 1034 2048 illas
1057 2003 1166 2066 preces
1195 1985 1461 2049 consecrabantur.
1506 1987 1551 2050 lta
1583 2005 1705 2070 quoque

332 2087 453 2153 Arabes
476 2097 506 2151 et
527 2087 694 2169 Aethiopes
718 2087 754 2150 ah
778 2087 883 2149 eadem
906 2101 982 2148 voce
1005 2084 1236 2167 appellaverunt
1253 2085 1442 2164 aasliudoa,
1466 2089 1551 2170 quasi
1568 2086 1706 2150 dicerent

334 2189 602 2268 mochficotiooem
624 2204 680 2250 seu
703 2187 958 2248 cortsecrotionem
980 2184 1150 2248 oblationis.
1197 2185 1299 2266 Atque
1327 2183 1405 2246 haec
1430 2187 1468 2250 de
1495 2187 1615 2250 nomine
1637 2187 1705 2250 sul-

333 2288 444 2350 ficiunt.

421 2385 467 2448 De
495 2385 654 2448 autoritate
683 2391 716 2447 ut
744 2383 849 2465 paucis
877 2382 1025 2463 dicamus,
1056 2382 1116 2446 duo
1145 2381 1311 2464 spectanda
1333 2391 1420 2463 sunt,
1444 2387 1558 2449 autoris
1581 2401 1704 2462 nomen,
1746 2388 1877 2443 Antonius
1896 2389 2027 2458 liturgia-

335 2495 366 2550 et
394 2487 488 2568 ipsius
511 2483 612 2546 Oilicii
641 2485 730 2565 quale
761 2503 778 2546 a
807 2483 895 2546 nohis
924 2489 1173 2564 repraesentatur
1203 2484 1364 2562 autoritas,
1392 2483 1423 2546 in
1446 2484 1598 2566 ,Ecclesiis
1627 2503 1705 2566 quae
1718 2493 1782 2531 rum.

334 2586 406 2648 illud
434 2591 591 2664 usurpant.
637 2583 669 2646 Si
690 2581 861 2646 Orientales
883 2583 1054 2664 sequimur,
1078 2600 1206 2665 quorum
1227 2600 1278 2645 res
1301 2584 1489 2663 potissimum
1519 2585 1635 2669 agitur,
1664 2604 1705 2647 ex
1800 2584 1801 2587 ’

334 2691 462 2764 utraque
476 2682 644 2764 aequalem
665 2684 729 2746 istis
753 2681 868 2745 Olliciis
891 2681 1068 2765 dignitatem
1091 2682 1233 2744 tribuunt.
1267 2681 1343 2744 Nam
1367 2684 1537 2747 existimant
1556 2702 1616 2747 non
1640 2703 1707 2747 eam

333 2780 442 2862 rnodo,
471 2782 525 2846 sed
548 2781 680 2864 reliquas
703 2800 807 2844 omncs
823 2800 840 2844 a
859 2781 1055 2845 sanctissimis
1076 2783 1150 2844 viris
1164 2799 1290 2864 quorum
1309 2783 1477 2846 nominihus
1497 2782 1706 2868 designantur,

335 2899 406 2946 esse
429 2883 625 2962 compositas;
648 2881 791 2963 quodque
814 2880 923 2943 Graeci
953 2880 991 2945 de
1020 2899 1076 2944 sua
1102 2881 1206 2964 lingua
1235 2881 1407 2946 extantibus
1436 2882 1606 2946 firmissime
1633 2902 1707 2947 cre-

335 2979 425 3058 dunt,
449 2979 572 3043 Procius
594 2982 626 3044 in
649 2980 795 3061 opusculo
819 2981 857 3043 de
876 2979 984 3043 Divina
998 2981 1152 3066 liturgia,
1171 2979 1317 3064 Episcopi
1339 2982 1370 3044 in
1388 2981 1491 3046 Trullo
1514 2987 1706 3069 congregati,

336 3078 509 3160 Cabasilas,
542 3080 664 3143 hiarcus
692 3080 881 3161 Ephesinus,
915 3083 1105 3144 recentiores
1139 3082 1258 3144 tandem
1296 3099 1401 3144 omnes
1438 3100 1499 3146 uno
1536 3101 1707 3160 consensu,

335 3178 464 3261 scriptas
494 3198 547 3244 eas
576 3199 647 3244 esse
676 3198 695 3242 a
723 3177 858 3259 Jacobo,
891 3180 1018 3260 Basilio,
1053 3189 1084 3244 et
1118 3179 1356 3262 chrysostomo,
1389 3179 1470 3244 idem
1503 3181 1640 3264 Coptitae
1670 3182 1708 3246 de

336 3278 535 3363 Aegyptiacis
569 3281 653 3342 suis:
686 3279 756 3361 Syri
786 3278 823 3342 dc
852 3280 985 3361 Syriacis
1013 3281 1193 3362 opinantur,
1226 3297 1327 3362 neque
1357 3281 1394 3343 ah
1432 3299 1471 3344 ea
1500 3301 1535 3344 se
1564 3283 1708 3364 opinione

336 3378 426 3441 auelli
448 3381 609 3459 patiuntur.
655 3378 732 3442 Usus
754 3377 960 3443 Ecclesianm
983 3387 1083 3442 certus
1107 3387 1167 3442 est:
1197 3397 1266 3442 nam
1295 3386 1328 3442 ut
1355 3378 1435 3462 apud
1466 3377 1599 3445 Graecos
1630 3383 1708 3445 istae

338 3477 508 3558 dequibus
536 3479 680 3557 diximus,
709 3478 751 3540 ita
785 3477 865 3559 apud
888 3477 1045 3560 Coptitas,
1073 3487 1137 3542 tres
1168 3498 1242 3562 quas
1272 3481 1486 3544 commentario
1514 3481 1708 3560 illustramus,

338 3594 459 3658 semper
482 3577 519 3641 ad
541 3577 644 3642 altaria
673 3584 836 3658 usurpatae
859 3577 1019 3660 leguntur;
1043 3579 1173 3641 citantur
1195 3578 1318 3642 exiliis
1341 3581 1508 3643 sententiae
1531 3588 1563 3642 et
1590 3584 1708 3643 oratio·

338 3694 393 3738 nes
428 3676 508 3758 apud
545 3678 678 3740 melioris
706 3684 796 3739 notae
825 3675 999 3760 Theologos
1030 3685 1061 3740 et
1088 3677 1266 3742 historicos:
1304 3691 1512 3760 quaecumque
1541 3679 1579 3743 de
1601 3680 1708 3742 ritihus

337 3775 554 3840 Eucharisticis
577 3778 689 3858 scripta
713 3783 837 3854 extant,
860 3777 898 3839 ad
921 3795 973 3840 eas
995 3777 1179 3843 referuntur.
1223 3779 1267 3840 lta
1285 3779 1443 3842 Tractatus
1465 3779 1543 3840 varii
1566 3778 1604 3843 de
1625 3777 1708 3842 Cae-

339 3877 482 3940 remoniis
506 3879 535 3940 in
557 3877 693 3961 Liturgia
716 3876 889 3940 servandis:
914 3878 1078 3960 Praecepta
1102 3876 1140 3940 de
1163 3878 1269 3940 iisdem
1291 3878 1323 3938 in
1345 3875 1454 3941 Rituali
1477 3877 1627 3942 Gabrielis
1648 3879 1709 3942 Pa-

340 3975 507 4040 triarchae:
536 3977 695 4059 Expositio
725 3977 865 4060 ejusdem·
888 3979 968 4059 apud
998 3977 1190 4058 Ahuihircat,
1214 3985 1245 4041 et
1267 3983 1401 4041 autorem
1425 3975 1575 4042 Soieutiae
1598 3977 1710 4042 Eccle-

340 4074 496 4154 siasticae,
520 4085 610 4159 atque
633 4075 683 4138 alii
705 4077 826 4157 passim.

426 4192 465 4256 Ut
486 4213 561 4258 vero
590 4193 781 4257 traditionem
810 4192 889 4256 illam
918 4193 1113 4257 Orientalium
1143 4195 1274 4275 propriis
1304 4211 1409 4258 eorum
1438 4195 1540 4258 verbis
1569 4213 1710 4276 expona-
1740 4205 2065 4288 Deillammnuaorihus,
2097 4193 2098 4198 ’

340 4309 422 4372 mus,
454 4291 587 4358 Severus
613 4294 793 4378 Episcopus
815 4291 1015 4372 Aschmonin,
1044 4297 1075 4357 in
1101 4294 1233 4358 llistoria
1262 4293 1501 4357 Patriarcharum
1524 4293 1711 4358 Alexandri·
1724 4291 1889 4346 Orientalium
1904 4294 2012 4346 tmditio.

339 4409 465 4471 norum,
488 4395 570 4456 etin
593 4393 749 4458 Athanasii
771 4396 847 4472 vita,
871 4393 998 4474 loquens
1022 4393 1060 4456 de
1083 4393 1206 4476 Synudo
1229 4393 1373 4476 Ancyrae
1391 4393 1544 4459 celebrata
1563 4394 1710 4457 adversus

340 4491 463 4554 Paulum
485 4491 726 4557 Samosatenum:
749 4493 842 4572 Erat,
865 4494 979 4574 inquit,
1003 4493 1065 4556 illie
1086 4513 1152 4555 cum
1170 4494 1242 4556 aliis
1258 4493 1394 4556 Basilius
1413 4513 1540 4574 mopnos
1554 4491 1711 4574 Litorpiaa

342 4599 439 4654 autor.
482 4592 665 4656 Ehnassalus
687 4594 719 4655 in
742 4591 930 4656 Collectione
948 4592 1103 4656 Canonurn
1127 4610 1195 4673 cap.
1220 4591 1272 4655 12.
1298 4592 1376 4673 quod
1400 4601 1447 4656 cst
1469 4593 1508 4657 de
1523 4593 1633 4656 hlissae
1656 4611 1711 4655 sa-

342 4689 470 4768 crificio,
493 4692 533 4754 ita
556 4693 669 4756 scribit.
693 4691 728 4754 ln
748 4692 890 4754 Ecclesia
912 4691 1038 4772 Coptica
1060 4701 1123 4754 tres
1143 4691 1302 4773 hilurpioe
1325 4692 1502 4770 ordinatae,
1525 4699 1595 4756 emt
1614 4691 1712 4754 Bori-

342 4790 391 4866 lii,
414 4791 555 4871 Greporii
582 4799 612 4853 et
633 4791 753 4874 Cpn‘lli,
780 4809 857 4874 qaas
886 4793 971 4871 requi
995 4791 1099 4855 soleat.
1150 4790 1248 4854 Autor
1276 4791 1427 4856 Scientiae
1456 4791 1711 4872 Ecclesiasticae,

343 4905 410 4969 cap.
441 4887 493 4954 85.
540 4889 613 4952 llas
642 4901 711 4954 aaut
737 4891 896 4971 hitorpioe
922 4907 999 4970 quoe
1028 4893 1218 4971 antiocenam
1239 4889 1364 4955 Parnon
1390 4893 1540 4955 communi
1564 4896 1713 4955 sententio

338 4988 488 5070 probolae
510 4999 584 5054 sunt
631 4991 738 5078 Primo
760 5000 789 5054 et
810 4991 924 5069 major,
947 5008 1000 5050 reu
1018 4990 1171 5070 prolixior
1193 4999 1328 5053 autorem
1350 4991 1441 5065 hahet
1460 4990 1608 5053 Basiliam
1631 4992 1711 5054 Coe-

1426 5093 1503 5170 35*
