4670 6046
677 598 729 674 Ab
746 597 951 676 ll'lllllGlAhl
971 595 1164 704 COPTICAM
1188 597 1219 676 S.
1235 597 1381 676 BrlSlhll.
1632 597 1708 668 att·

341 785 490 867 planeque
512 781 665 847 iudaicam
688 781 859 846 felicitatem
887 784 1102 865 imaginantur,
1133 801 1172 844 ex
1203 800 1261 863 qua
1283 781 1416 844 Arabum
1444 781 1709 863 Pseudopropheta

341 884 477 948 inaniora
500 881 597 945 adhuc
619 883 775 964 magisque
797 882 945 964 flagitiosa
968 891 1134 944 commenta
1151 883 1279 962 accepit,
1302 900 1343 944 ex
1365 879 1473 961 quihus
1487 887 1605 960 turpem
1627 881 1709 943 illum

342 1001 428 1046 suurn
451 983 621 1065 paradisum
643 981 799 1058 instruxit,
823 983 960 1044 omnihus
976 981 1119 1044 Alcorani
1142 981 1261 1062 paginis
1284 980 1482 1043 decantatum.
1516 979 1549 1041 ln
1563 979 1709 1060 utrisque,

342 1089 401 1144 tam
422 1080 564 1155 ludaeis,
587 1097 675 1160 quam
696 1079 921 1143 Muhamedanis
944 1080 1144 1161 scriptoribus
1168 1080 1276 1143 eruditi
1296 1078 1427 1142 lectores
1442 1084 1610 1161 agnoscunt
1632 1095 1710 1139 con-

341 1180 440 1243 llatarn
463 1199 502 1242 ex
524 1180 674 1260 scriptura
697 1196 783 1240 sacra
805 1197 899 1259 prave
921 1178 1088 1255 intellecta,
1111 1178 1346 1240 Millenariorum
1374 1184 1406 1240 et
1434 1185 1570 1240 veterum
1599 1176 1710 1238 haere-

342 1281 471 1342 ticorum
492 1279 631 1356 somniis,
654 1278 786 1356 paradisi
806 1277 968 1358 voluptatis
992 1275 1237 1358 descriptionem:
1261 1296 1338 1359 quae
1356 1276 1465 1340 nemini
1488 1274 1657 1338 Christiano
1680 1276 1710 1336 in

343 1386 473 1440 mentem
495 1377 629 1451 venerit3
652 1383 765 1439 tantum
787 1376 891 1456 abest,
913 1383 946 1438 ut
967 1394 985 1438 a
1006 1374 1130 1438 ludaeis
1160 1374 1320 1439 Christiani
1342 1376 1398 1438 hoc
1420 1376 1451 1436 in
1473 1391 1589 1456 genere
1620 1374 1710 1455 quid-

344 1495 431 1560 quam
454 1477 636 1558 acceperint.

430 1575 518 1650 Quod
540 1583 663 1639 sanctos
685 1576 804 1654 attinet,
838 1593 965 1656 quorum
993 1576 1112 1637 nomina
1141 1575 1198 1637 hac
1227 1576 1257 1636 in
1286 1583 1439 1656 postrema
1469 1572 1614 1636 Oratione
1645 1572 1708 1636 Co-
1753 1575 2030 1648 besauctisqnocco·

342 1675 436 1756 ptitae
459 1681 705 1752 commemorant,
729 1674 786 1736 etsi
810 1673 847 1735 de
869 1673 928 1736 illis
951 1673 1135 1736 commodior
1156 1672 1267 1756 agendi
1288 1672 1374 1736 locus
1398 1683 1480 1738 esset
1502 1673 1532 1734 ln
1555 1691 1710 1737 commen·
1723 1665 1801 1732 ptine
1813 1675 2015 1718 ⁰⁰¹1¹¹¹¹0¹¹¹⁰r⁸¹¹l

343 1776 419 1837 tario
444 1793 550 1855 quem,
573 1774 600 1836 si
622 1790 699 1854 opus
721 1771 893 1851 videbitur,
915 1772 1113 1855 adjungemus
1135 1773 1172 1834 ad
1197 1770 1406 1835 Calendarium
1436 1775 1586 1854 ipsorum,
1613 1791 1709 1855 pauca
1746 1767 1749 1777 '

343 1882 444 1936 tamen
466 1873 568 1934 dicere
590 1891 704 1953 operae
726 1873 856 1953 pretium
878 1873 945 1934 erit.
991 1870 1037 1932 De
1059 1870 1117 1934 illis
1139 1869 1206 1934 fuse
1229 1873 1293 1952 agit
1308 1871 1516 1952 Synaxarimn,
1540 1871 1621 1955 quod
1632 1874 1712 1936 inter

343 1971 575 2034 Ecclesiasticus
597 1970 692 2034 libros
716 1987 777 2032 non
799 1978 983 2051 postremum
1004 1968 1103 2030 locum
1125 1969 1248 2032 obtinet.
1282 1969 1325 2031 Ea
1339 1979 1409 2033 sunt
1421 1971 1548 2052 duplicis
1570 1973 1710 2054 generis:

343 2071 552 2152 namantiqua
575 2077 705 2152 atquae
728 2070 859 2152 legitima
888 2068 945 2132 dici
967 2077 1109 2150 possent,
1139 2069 1165 2130 si
1195 2086 1254 2131 non
1282 2070 1389 2151 ingens
1413 2069 1587 2151 corruptela
1616 2076 1711 2133 totum

343 2169 402 2233 hoc
424 2170 567 2232 librorum
590 2187 688 2253 genus
711 2169 914 2250 pervasisset,
938 2186 974 2230 ea
996 2175 1082 2230 erant
1104 2167 1134 2228 in
1157 2168 1264 2248 quibus
1286 2169 1363 2231 Acta
1385 2169 1567 2250 Martyrum,
1591 2188 1631 2232 ex
1653 2188 1711 2231 ve-

342 2270 430 2331 tustis
454 2268 606 2342 codicibus
631 2268 782 2348 descripta
812 2266 1051 2344 continebantur,
1074 2266 1174 2346 qualia
1197 2266 1267 2329 olim
1290 2267 1368 2348 apud
1393 2267 1579 2331 Christianos
1601 2268 1711 2351 Aegy-

343 2369 441 2450 ptios,
469 2374 502 2430 ut
528 2369 558 2430 in
581 2369 717 2431 omnihus
749 2367 814 2430 aliis
843 2367 989 2429 Ecclesiis
1021 2373 1200 2428 conservata
1228 2365 1342 2446 fuisse,
1374 2375 1496 2454 praeter
1526 2385 1711 2430 communem

343 2469 532 2550 antiquorum
559 2474 727 2548 temporum
756 2465 1017 2544 consuetudinem,
1048 2464 1177 2546 probant
1206 2483 1268 2528 non
1298 2467 1514 2530 contemnenda
1544 2467 1712 2550 fragmenta

343 2566 553 2648 martyriorum
574 2565 862 2639 Alexandrinorum,
884 2583 961 2647 quae
985 2571 1088 2626 extem
1110 2566 1140 2627 in
1161 2565 1285 2628 historia
1297 2567 1490 2630 Patriarchali
1507 2567 1613 2631 Severi
1635 2569 1712 2650 Epi-

343 2666 430 2748 scopi
452 2664 737 2744 Aschmoninensis,
761 2664 934 2748 depromta,
958 2672 990 2726 ut
1012 2663 1175 2727 verisimile
1198 2673 1261 2744 est,
1293 2685 1332 2728 ex
1354 2666 1502 2746 Eusebio,
1532 2669 1712 2748 praesertim

341 2765 420 2828 libro
444 2763 482 2828 de
503 2765 695 2847 Martyribus.
739 2765 853 2828 Eadem
875 2764 945 2828 olim
968 2763 1085 2826 Graeco
1109 2762 1295 2858 Copticoque
1317 2783 1457 2829 sermone
1480 2777 1660 2830 conservata
1681 2769 1712 2830 in
1757 2751 1762 2760 ¹

300 2941 304 2958 Ι
342 2865 526 2928 ldonasterio
557 2866 652 2928 sancti
681 2864 823 2943 blacarii,
852 2873 999 2928 testantur
1028 2871 1149 2926 autores
1182 2865 1283 2942 multi,
1312 2864 1401 2947 idque
1429 2867 1555 2928 innuere
1578 2866 1711 2930 Severus

342 2965 409 3048 ipse
432 2962 560 3027 videtur.
605 2965 715 3028 Verum
746 2984 786 3027 ex
817 2983 876 3046 quo
906 2966 937 3027 in
964 2963 1123 3030 Arabicam
1154 2962 1285 3045 linguam
1317 2964 1451 3028 translati
1474 2973 1543 3027 sunt
1566 2964 1711 3048 ejusmodi

346 3062 426 3141 libri,
449 3065 606 3143 perierunt
627 3065 812 3146 exemplaria
837 3062 1071 3146 Coptica,'ade0
1094 3071 1126 3126 ut
1147 3063 1259 3126 nullum
1277 3063 1339 3146 jam
1362 3065 1471 3127 dudum
1494 3065 1524 3126 in
1546 3065 1713 3129 Bibliothe-

344 3164 388 3226 cis
410 3172 563 3244 appareat.
608 3163 759 3226 Arabicae
782 3164 941 3226 versiones
964 3163 1040 3226 adeo
1062 3162 1261 3244 interpolatae
1278 3172 1357 3242 sunt,
1381 3173 1413 3226 ut
1426 3164 1497 3226 nihil
1513 3166 1609 3226 minus
1623 3183 1712 3247 quam

334 3271 451 3326 ¹uetera
474 3261 590 3326 Graeca
604 3262 682 3325 Acta
704 3269 952 3343 repraesentent,
974 3264 1154 3342 praesertim
1177 3281 1255 3342 cum,
1277 3265 1354 3326 sicut
1376 3265 1407 3326 in
1419 3264 1526 3328 talibus
1550 3267 1712 3341 usuvenit,

344 3380 405 3426 non
427 3361 515 3425 modo
538 3363 740 3443 interpretes,
762 3360 816 3426 sed
839 3362 1046 3442 exscriptores
1069 3361 1236 3425 addiderint
1259 3363 1403 3444 quidquid
1431 3365 1504 3444 ipsis
1533 3364 1712 3427 occurrebat

344 3461 382 3524 de
405 3459 511 3524 eodem
535 3468 720 3544 argumento.
763 3462 868 3542 ltaque
889 3461 975 3524 Actis
999 3460 1057 3550 illis
1080 3469 1129 3522 aut
1151 3461 1220 3524 vitis
1242 3461 1314 3523 nihil
1337 3463 1581 3540 contaminatius,
1610 3480 1709 3545 neque

342 3559 506 3642 Legendae
527 3569 678 3624 nostrates
701 3567 838 3639 veteres,
860 3561 978 3642 possint
1000 3559 1149 3622 absurdae
1171 3561 1283 3638 videri,
1306 3563 1333 3625 si
1356 3562 1503 3625 cumillis
1527 3580 1710 3645 comparen-

342 3667 399 3722 tur.
443 3659 486 3721 Ea
509 3677 584 3722 vero
607 3661 730 3741 proprie
752 3659 906 3741 loquendo
929 3658 1096 3742 Synaxaria
1118 3677 1179 3722 non
1201 3668 1286 3736 sunt,
1308 3659 1363 3724 sed
1386 3662 1561 3743 compendia
1585 3662 1708 3724 alterius

342 3761 482 3846 generis,
506 3759 652 3822 simillima
675 3761 712 3822 iis
734 3777 861 3841 quorum
883 3760 914 3821 in
935 3759 1073 3822 Ecclesia
1096 3758 1212 3822 Graeca
1235 3778 1308 3823 usus
1331 3769 1388 3838 est,
1412 3768 1441 3822 et
1464 3780 1542 3843 quae
1565 3779 1621 3843 per
1644 3763 1707 3823 cir-

342 3859 440 3922 culum
462 3860 532 3922 anni
554 3858 705 3940 descripta
727 3868 813 3939 sunt,
836 3868 870 3922 ut
890 3859 1034 3922 historiae
1056 3867 1220 3940 sequantur
1242 3860 1377 3922 ordinem
1404 3859 1585 3924 Kalendarii.
1632 3860 1708 3922 Curu

342 3966 441 4022 autem
463 3976 518 4040 pro
540 3965 691 4021 sectarum
713 3957 887 4022 diversitate
910 3959 949 4020 sit
971 3976 1091 4040 quoque
1112 3959 1142 4020 in
1165 3961 1447 4022 commemoratione
1464 3967 1636 4022 sanctorum
1659 3960 1710 4022 di-

341 4059 486 4136 versitas,
515 4056 722 4121 blelchitarum
748 4077 804 4120 seu
835 4057 1080 4122 orthodoxorum
1110 4057 1180 4120 libri
1208 4077 1225 4120 a
1259 4057 1434 4122 Jacohiticis
1464 4057 1622 4140 differunt,
1653 4063 1711 4124 etsi

341 4159 504 4240 primorum
525 4156 716 4221 saeculorum
738 4160 834 4220 sancti
856 4158 1021 4239 aequahter
1044 4159 1081 4221 ab
1104 4159 1240 4222 omnihus
1265 4157 1467 4221 celebrentur.
1513 4158 1572 4223 Sed
1586 4179 1626 4222 ex
1649 4179 1709 4242 quo
1761 4185 1765 4196 ·

342 4257 457 4319 scissae
479 4254 599 4320 lu'erunt
619 4256 777 4321 Ecclesiae
800 4267 869 4339 post
893 4256 1058 4321 Concilium
1082 4257 1348 4336 Calchedonense‚
1370 4259 1537 4322 Dioscorus
1553 4267 1583 4322 et
1605 4261 1709 4340 plures

343 4355 408 4436 ejus
431 4373 627 4420 successores
650 4364 701 4420 am
722 4364 889 4421 secutores
919 4356 1005 4420 lastis
1035 4360 1132 4421 sacris
1161 4357 1302 4440 adscripti
1332 4366 1420 4436 sunt,
1449 4365 1482 4420 ut
1511 4357 1553 4420 illi
1582 4378 1710 4440 quorum

343 4456 461 4517 nomina
484 4455 514 4516 in
536 4455 694 4537 Diptycbis
716 4465 888 4523 occurrunt.
932 4458 965 4520 ln
987 4460 1043 4520 ista
1066 4477 1141 4522 vero
1165 4458 1266 4520 ultima
1285 4457 1517 4534 benedictione,
1540 4460 1620 4538 quod
1642 4477 1708 4520 ma-

342 4555 422 4616 xime
445 4554 682 4632 observandum,
704 4556 804 4619 nullus
827 4557 965 4639 ambigua
988 4557 1064 4620 lama
1087 4558 1237 4634 occurrit,
1267 4558 1321 4620 sed
1343 4556 1456 4639 Angeli
1478 4565 1528 4619 aut
1549 4558 1709 4638 blartpres,

342 4663 393 4716 aut
415 4654 535 4720 tandem
557 4655 617 4734 illi,
647 4656 754 4738 quihus
782 4658 880 4720 honor
902 4676 958 4739 per
986 4675 1090 4721 omnes
1116 4658 1271 4722 Ecclesiae
1294 4677 1415 4740 semper
1437 4665 1468 4721 et
1489 4657 1600 4738 ubique
1623 4657 1709 4719 dela-

343 4760 469 4818 tuaest.

428 4851 473 4916 De
496 4853 623 4937 Angelis
654 4854 850 4931 monendum,
885 4855 947 4937 legi
977 4856 1056 4937 apud
1086 4856 1256 4921 Orientales
1287 4856 1460 4938 Theologos
1494 4857 1575 4920 circa
1605 4874 1709 4920 eorum
1756 4845 1794 4901 ⁰⁰
1813 4847 1927 4918 Argelia

343 4971 514 5027 numerum,
535 4963 670 5016 naturam
693 4962 723 5016 et
746 4955 887 5031 ordines,
909 4958 1006 5019 omnia
1030 4975 1108 5038 quae
1135 4957 1272 5020 inlibris
1301 4956 1338 5019 de
1372 4954 1507 5020 Coelesti
1533 4956 1709 5021 llierarchia

342 5052 551 5128 continentur,
582 5054 662 5133 quod
690 5071 766 5134 opus
789 5054 933 5136 Dionysio
966 5055 1171 5140 Areopagitae
1200 5055 1283 5119 Pauli
1309 5056 1449 5138 Apostoli
1477 5056 1623 5140 discipulo
1651 5061 1708 5122 tri-

1422 5174 1503 5250 51*
