4778 6034
597 627 630 702 ll
1092 629 1482 707 DISSERTthO

597 817 699 889 multa
725 818 759 888 in
785 839 858 888 earn
885 837 957 887 rem
985 838 1004 886 a
1030 817 1113 888 viris
1138 814 1339 888 doctissimis
1361 818 1484 911 scripta
1507 819 1587 890 sint:
1614 816 1674 892 scd
1697 821 1877 914 praecipua
1898 829 1978 891 tan-

597 943 666 1004 tum
688 943 723 1004 et
747 934 938 1004 necessaria
965 929 1189 1003 tractabimus.

292 1057 409 1110 Censura
432 1055 585 1110 triticorum
699 1051 755 1120 Ac
780 1049 887 1143 primo
916 1045 1048 1139 quidem
1074 1044 1321 1119 observandum
1341 1055 1409 1134 est,
1436 1048 1546 1118 omnia
1569 1069 1675 1144 prope
1693 1047 1890 1122 criticorum
1912 1061 1979 1124 tam

273 1146 454 1198 ¹¹¹¹¹¹¹¹¹¹¹
413 1145 482 1213 ¹¹⁸¹¹
495 1159 608 1211 ¹¹¹¹¹¹¹
597 1175 700 1252 mna,
738 1183 834 1257 quam
863 1171 960 1232 extra
986 1157 1174 1234 Ecclesiam
1196 1161 1336 1253 judicia,
1369 1161 1402 1232 id
1427 1162 1553 1235 habere
1579 1167 1666 1252 vitii,
1694 1165 1783 1258 quod
1809 1167 1978 1259 Liturgias

273 1244 368 1298 ω
598 1289 735 1350 veteres
763 1277 927 1366 Graecas,
954 1277 1152 1350 Sanctorum
1179 1275 1367 1349 nominibus
1394 1276 1598 1370 designatas,
1626 1301 1693 1350 non
1719 1280 1816 1352 aliter
1843 1286 1978 1354 exami-

599 1393 728 1467 nandas
756 1392 902 1464 arbitrati
929 1403 1022 1480 sunt,
1049 1415 1147 1488 quam
1165 1392 1291 1486 reliqua
1310 1395 1432 1487 scripta
1459 1403 1627 1484 veterum,
1650 1398 1683 1465 in
1705 1394 1823 1489 quibus
1842 1418 1979 1492 expen-

604 1510 720 1582 dendis
746 1511 865 1603 regula
892 1520 984 1582 certa
1011 1519 1080 1597 cst,
1113 1527 1182 1578 non
1208 1525 1311 1602 posse
1336 1507 1392 1579 illa
1418 1510 1459 1586 iis
1491 1509 1661 1582 autoribus
1693 1509 1809 1601 tribui,
1840 1533 1979 1606 quornm

604 1630 737 1697 nomina
763 1647 845 1723 puae
873 1625 1062 1714 scierunt,
1088 1625 1118 1695 si
1146 1619 1222 1717 quid
1248 1631 1419 1714 occurrat,
1454 1624 1554 1694 aetati
1587 1622 1717 1696 illorum
1750 1645 1817 1696 non
1844 1645 1993 1697 conve--

602 1744 715 1812 niens:
743 1763 828 1836 quae
850 1741 967 1833 regula
983 1745 1012 1814 si
1030 1761 1112 1832 erga
1131 1738 1301 1830 Liturgias
1320 1748 1456 1810 veteres
1479 1737 1683 1827 adhibeatur,
1709 1738 1888 1812 falsissima
1910 1752 1979 1813 est:

600 1878 676 1927 cum
708 1856 741 1927 id
777 1858 984 1931 solummodo
1019 1855 1156 1943 efficat,
1191 1873 1293 1948 opus,
1330 1852 1418 1948 quod
1449 1856 1505 1924 uni
1531 1875 1708 1949 perperam
1735 1853 1900 1944 tribuitur,
1937 1855 1979 1926 ad

598 1969 695 2040 alium
725 1982 874 2044 autorem
900 1972 1021 2044 referri
1048 1978 1216 2065 oportere.
1261 1968 1435 2060 Liturgiac
1459 1990 1556 2058 vero,
1585 1991 1823 2064 quemcumque
1854 1970 1980 2042 titulum

597 2084 802 2180 praeierant,
829 2108 896 2159 non
924 2109 1009 2182 opus
1037 2085 1175 2175 alicujus
1203 2084 1327 2156 autoris
1355 2105 1434 2154 esse
1451 2082 1638 2156 censendae
1666 2094 1752 2174 sunt,
1778 2084 1841 2158 ‘sed
1861 2108 1979 2158 sacrae

596 2221 739 2294 preces,
777 2205 1015 2297 conceptisque
1042 2197 1157 2271 verbis
1185 2200 1362 2292 expositae
1388 2197 1596 2270 Sacramenti
1623 2197 1813 2270 celebrandi
1838 2199 1979 2290 formae,

598 2317 633 2385 in
659 2315 777 2409 quibus
803 2337 871 2387 non
900 2319 1012 2410 quaeri
1040 2322 1174 2409 oportet
1198 2334 1322 2383 nomen
1348 2315 1472 2384 autoris
1501 2321 1556 2385 aut
1588 2313 1798 2406 dignitatem,
1832 2333 1980 2410 quanta·-

599 2451 739 2523 cumque
767 2432 820 2519 sit,
848 2429 909 2501 sed
936 2451 1022 2523 quae
1048 2451 1095 2500 ex
1116 2449 1180 2500 usu
1199 2425 1428 2500 Ecclesiarum
1447 2437 1481 2500 et
1498 2449 1665 2502 consensu
1690 2449 1764 2502 omn
1786 2429 1859 2502 aliis
1883 2433 1980 2522 ejus·-

598 2543 687 2613 modi
714 2543 865 2618 formulis
893 2553 1123 2641 comparatam,
1159 2545 1377 2616 autoritatem.
1405 2542 1520 2638 ltaque
1547 2567 1621 2616 eam
1648 2545 1850 2638 Liturglam,
1883 2567 1980 2638 quam

599 2661 700 2730 totius
734 2658 911 2730 Ecclesiae
946 2659 1099 2731 Graecae
1135 2656 1352 2730 Orthodoxae
1387 2663 1552 2730 communi
1583 2659 1755 2755 disciplina
1789 2669 1981 2755 usurpatam

599 2794 678 2846 esse
701 2772 876 2868 constabit,
904 2773 1007 2846 ueluti
1031 2795 1203 2848 sacrorum
1225 2773 1349 2865 legem,
1379 2771 1543 2868 publicae·
1565 2777 1750 2848 autoritatis
1780 2795 1981 2847 monumen-

599 2898 684 2980 tum,
717 2911 839 2962 vocem
872 2889 1015 2985 denique
1047 2901 1081 2962 et
1112 2891 1334 2960 testimonium
1367 2887 1451 2962 illius
1485 2887 1663 2962 Ecclesiae
1694 2887 1810 2960 haberi
1839 2899 1982 2986 oportet,

564 2983 572 2998 ⁰
600 3007 673 3078 sive
701 3007 743 3076 sit
768 3005 896 3096 Basilii,
924 3009 998 3079 sive
1027 3004 1272 3102 Chrysostomi,
1301 3026 1362 3076 seu
1389 3007 1625 3100 cujuscumque
1652 3005 1807 3078 alterius:
1837 3029 1900 3102 qua
1918 3028 1983 3077 ra-

598 3122 689 3191 tione
721 3143 787 3192 non
821 3143 895 3192 eam
922 3121 1035 3210 modo,
1063 3143 1159 3216 quam
1188 3143 1234 3192 ex
1261 3124 1366 3192 sancti
1386 3121 1545 3194 Doctoris
1572 3123 1704 3193 nomine
1730 3119 1880 3212 haberet,
1907 3125 1983 3217 pri-

599 3243 712 3306 vatam
740 3237 869 3308 scilicet
895 3240 1122 3324 autoritatem,
1160 3234 1220 3308 sed
1246 3235 1412 3330 publicam
1438 3236 1615 3311 Ecclesiae
1642 3239 1767 3331 inqua
1796 3249 1983 3333 usurpatur,

599 3349 709 3422 habet.
735 3350 773 3423 ld
800 3374 886 3424 vero
915 3351 1061 3443 Critiae,
1088 3354 1286 3446 praesertim
1312 3351 1594 3442 Protestantibus,
1620 3374 1795 3453 ⁸nunquam
1822 3355 1856 3422 in
1882 3374 1983 3424 men-

599 3475 667 3538 tem
686 3470 790 3557 venit,
818 3490 893 3538 cum
915 3477 1026 3540 tamen
1050 3488 1092 3538 eo
1120 3469 1153 3536 in
1172 3465 1309 3538 articulo
1335 3470 1434 3540 totius
1460 3469 1664 3560 quaestionis
1692 3475 1796 3540 status
1815 3477 1983 3556 versetur,

534 3589 541 3602 '
599 3579 728 3676 reliqua
760 3585 823 3654 vix
857 3583 900 3654 ad
934 3607 1006 3656 rem
1038 3585 1243 3679 pertineant,
1275 3593 1311 3652 ut
1343 3581 1492 3654 breviter
1518 3582 1749 3656 demonstrare
1780 3581 1983 3672 conabimur,

601 3699 756 3798 exposita
781 3698 1005 3790 Liturgiarum
1031 3701 1176 3770 omnium
1203 3700 1344 3789 origine.

300 3819 589 3872 remanseramus
705 3811 888 3884 institutum
928 3835 1007 3886 esse
1043 3811 1272 3884 Eucharistiae
1311 3813 1609 3884 Sacramentum
1600 3835 1632 3884 m
1668 3813 1780 3884 ultima
1820 3834 1927 3884 coena
1962 3836 1983 3884 a

278 3904 449 3958 ⁰²¹⁰¹¹¹¹¹¹¹¹¹⁰
469 3905 589 3958 “¹¹¹¹
576 3927 736 4002 'Christo
761 3931 925 4016 Domino,
966 3950 1040 3997 cum
1071 3925 1312 4020 Evangelistae
1344 3938 1413 3999 tres
1448 3928 1636 4022 Paulusque
1671 3937 1850 4018 testentur,
1883 3950 1982 4000 nemo

278 4007 325 4126 :1⁰-
327 4007 382 4129 ΞΟ
365 3993 588 4059 ”mmmm
600 4065 668 4118 non
696 4047 858 4137 agnoscit.
880 4039 995 4114 Verba
1022 4042 1107 4112 illius
1134 4043 1175 4113 ad
1193 4043 1395 4137 Apostolos,
1422 4043 1488 4112 hoc
1511 4045 1661 4135 focile
1647 4066 1683 4112 an
1704 4065 1812 4114 meam
1834 4066 1984 4115 comme-

600 4165 840 4249 morationem,
867 4167 1082 4254 praeceptum
1113 4156 1334 4230 celebrandae
1365 4181 1411 4230 ex
1438 4160 1584 4230 instituto
1610 4155 1734 4230 Christi
1754 4157 1984 4232 Eucharistiae

601 4277 784 4348 continent:
811 4275 954 4346 formam
976 4294 1041 4367 qua
1063 4270 1227 4343 celebrari
1251 4272 1404 4364 deberet,
1428 4294 1497 4344 non
1519 4276 1718 4369 exprimunt.
1743 4271 1852 4345 Nemo
1876 4283 1984 4346 tamen

602 4388 809 4462 Christianus
837 4388 1011 4476 dubitavit,
1039 4390 1117 4481 quin
1143 4386 1293 4459 eamdem
1321 4389 1431 4460 edocti
1457 4387 1580 4460 luerint
1605 4411 1625 4458 a
1650 4387 1794 4459 Domino
1819 4389 1993 4484 Apostoli,

601 4506 728 4576 utalia
756 4508 866 4578 omnia
894 4527 980 4599 quae
1009 4501 1050 4572 ad
1066 4500 1277 4592 Religionem
1299 4501 1518 4576 Christianam
1546 4502 1808 4574 constituendam
1830 4505 1984 4599 pertine-

602 4619 691 4694 bant.
718 4620 773 4692 Ab
796 4617 970 4714 Apostolis
998 4624 1200 4714 acceperunt
1224 4617 1314 4690 illam
1337 4641 1453 4690 eorum
1475 4617 1638 4712 discipuli,
1666 4620 1751 4688 inter
1771 4640 1856 4712 quos
1875 4627 1985 4688 tamen

602 4735 711 4806 nullus
734 4757 809 4806 eam
831 4737 956 4828 scripto
978 4734 1119 4805 tradidit.
1146 4732 1184 4804 ld
1209 4731 1338 4806 scilicet
1359 4733 1504 4804 latentur
1528 4732 1614 4804 ultro
1637 4733 1880 4823 Protestantes,
1907 4732 1984 4804 lor·

604 4873 693 4922 mam
718 4849 963 4941 Evangelicam
990 4858 1023 4919 et
1049 4847 1281 4945 Apostolicam
1306 4847 1535 4953 Eucharistiae
1569 4847 1791 4922 celebrandae
1824 4853 1858 4920 in
1893 4849 1985 4922 scri-

605 4975 701 5061 ptura
727 4986 796 5035 non
829 4963 1011 5059 explicari,
1046 4964 1106 5036 sed
1132 4963 1248 5038 haberi
1283 4964 1363 5036 illud
1394 4972 1536 5054 mutum,
1565 4964 1653 5060 quod
1683 4964 1798 5038 lidclcs
1826 4968 1985 5036 inunum

604 5082 835 5168 convenirent,
864 5078 1105 5172 clameturque
1124 5083 1220 5176 panis
1243 5090 1277 5152 et
1298 5083 1424 5172 vinum,
1451 5101 1553 5176 super
1578 5101 1664 5174 quae
1686 5082 1816 5172 gratiae
1833 5099 1985 5172 ageren-
