4778 6034
436 619 486 695 DE
504 614 762 694 hllUllGldlthl
775 613 1031 692 OltlllN'lhhlllll
1048 611 1199 690 ORlGlllE
1210 613 1258 689 ET
1274 549 1524 690 AUTORll'ATE.
1592 608 1676 681 XXI

299 804 437 876 Latinos
463 823 530 874 non
556 811 729 896 usurpata3
757 822 858 895 quam
880 819 978 870 nemo
1010 797 1074 869 huc
1106 820 1212 892 usque
1246 799 1488 892 superstitionis
1516 797 1674 870 damnare

299 939 400 991 ausus
427 926 488 990 est.

411 1032 686 1105 Communicnem
722 1033 906 1125 praecessit
932 1031 1010 1102 olim
1044 1051 1064 1098 a
1092 1031 1206 1122 primis
1241 1027 1385 1101 saeculis
1419 1025 1598 1101 Confessio
1632 1027 1675 1098 de
1705 1049 1998 1104 mutationum-a

299 1150 444 1220 veritate
471 1149 621 1243 corporis
648 1155 683 1216 et
709 1149 879 1237 sanguinis
908 1143 1047 1232 Christi,
1074 1142 1218 1237 simplex
1243 1145 1383 1238 primum
1401 1152 1435 1213 et
1449 1145 1565 1236 paucis
1587 1163 1675 1214 ver·
1688 1137 1803 1203 ⁰⁰w⁰¹⁵⁸
1821 1132 1924 1189 ⁰¹¹¹1⁸¹l

299 1259 371 1334 his:
398 1262 532 1354 Corpus
559 1261 695 1347 Christi.
723 1263 850 1332 elmon:
880 1262 974 1351 cujus
997 1259 1223 1330 vetustissima
1250 1259 1411 1328 memoria
1439 1259 1546 1329 estin
1571 1277 1675 1329 causa

215 1443 221 1462 ‚
300 1374 482 1448 Novatiani
509 1375 596 1471 apud
621 1372 823 1464 Eusebium,
849 1384 883 1445 et
909 1374 997 1468 apud
1024 1385 1159 1447 autores
1174 1396 1292 1447 omnes
1311 1375 1581 1448 Ecclesiasticos.
1635 1379 1674 1450 Si

301 1490 379 1586 quid
396 1489 531 1572 Graeci,
559 1500 593 1562 et
604 1489 759 1584 Coptitae
776 1489 988 1578 addiderunt,
1004 1511 1068 1584 quo
1085 1494 1282 1584 expressius
1301 1492 1515 1578 testaremur,
1535 1492 1675 1565 credere

301 1627 338 1678 so
370 1606 404 1677 id
437 1605 525 1700 quod
561 1602 768 1699 accipiebant
801 1626 879 1676 esse
907 1601 1039 1698 Corpus
1067 1597 1208 1694 Christi,
1242 1602 1399 1676 laudandi
1432 1613 1528 1676 sunt:
1565 1626 1675 1698 neque

301 1720 476 1794 Romanae
491 1718 667 1792 Ecclesiae
695 1718 922 1807 tribuendum,
949 1741 1036 1811 quaa
1062 1719 1140 1789 nihil
1165 1716 1268 1790 hahet
1293 1716 1409 1792 simile.
1463 1717 1582 1813 Neque
1609 1742 1675 1790 ca-

301 1836 445 1908 lumniae
471 1843 604 1930 patent,
631 1834 755 1908 diversi
781 1831 996 1929 praebendae
1028 1836 1265 1905 communionis
1299 1835 1399 1924 ritus,
1433 1836 1495 1905 etsi
1528 1855 1596 1906 non
1629 1857 1676 1906 ex

302 1955 475 2047 primaeva
503 1952 693 2043 antiquitate
721 1949 871 2036 deducti,
902 1953 1100 2043 praesertim
1125 1933 1211 2020 inter
1238 1947 1446 2022 Christianos
1474 1948 1675 2037 Orientales,

302 2089 375 2137 cum
402 2070 437 2136 in
464 2087 505 2136 ea
532 2063 660 2134 fundati
686 2067 771 2152 sint,
797 2084 919 2157 nempe
944 2067 978 2133 in
998 2085 1125 2136 summa
1140 2086 1223 2155 erga
1237 2064 1488 2136 Sacramentum
1501 2065 1675 2155 religione.

302 2181 403 2254 Manu
438 2181 514 2250 olim
550 2176 757 2250 Eucharistia
793 2176 1052 2272 suscipiebatur,
1079 2178 1169 2250 calix
1199 2176 1440 2272 praebebatur:
1472 2177 1676 2250 cochleare

303 2295 410 2367 mrrltis
437 2293 583 2367 saeculis
610 2295 644 2364 in
662 2291 800 2364 Oriente
825 2296 980 2388 usurpari
1006 2296 1133 2388 coepit,
1160 2303 1194 2364 et
1209 2297 1345 2366 intincta
1362 2296 1561 2382 communio,
1590 2314 1676 2388 quae

303 2415 335 2482 in
363 2410 546 2484 Occidente
573 2407 750 2503 aliquando
777 2406 888 2479 locum
913 2407 1045 2480 hahuit:
1073 2419 1108 2479 ut
1134 2408 1281 2482 calamus
1309 2430 1431 2481 aureus
1459 2418 1514 2480 aut
1545 2430 1676 2500 argen-

304 2535 376 2600 teus
403 2533 581 2619 usurpatus
609 2533 670 2598 est.
723 2523 818 2595 llaec
845 2527 955 2595 omnia
982 2527 1037 2618 pic
1064 2526 1209 2596 instituta
1235 2535 1329 2615 sunt,
1356 2524 1458 2616 longe
1486 2533 1564 2596 ante
1579 2545 1677 2617 quam

303 2641 446 2716 auditum
473 2639 592 2712 luisset
618 2639 660 2710 de
686 2639 895 2730 Berengario
923 2649 965 2730 et,
982 2640 1054 2729 ejus
1082 2639 1261 2712 similibus:
1298 2648 1332 2710 et
1359 2637 1400 2712 ah
1435 2639 1498 2710 illis
1535 2637 1677 2725 demum,

304 2759 359 2851 qui
386 2778 460 2825 cum
488 2753 606 2826 Latina
633 2752 788 2825 Ecclesia
815 2757 1010 2825 societatem
1027 2777 1046 2826 a
1066 2753 1176 2826 multis
1192 2754 1336 2828 saeculis
1355 2754 1529 2826 coluerunt
1544 2752 1677 2824 nullam.

408 2869 504 2955 Quae
529 2892 615 2943 vero
641 2891 708 2941 non
735 2868 893 2959 Liturgiis
921 2871 1150 2964 praescripta,
1186 2870 1247 2942 sed
1274 2869 1423 2943 moribus
1449 2867 1677 2942 Ecclesiarum
1691 2870 1764 2924 uram
1774 2867 2000 2940 quamanimae.

304 2987 481 3058 constituta
508 2995 598 3077 sunt,
632 2994 668 3055 ut
691 2983 744 3055 ad
770 2982 928 3055 absentes
964 2984 1042 3055 olim
1078 2983 1287 3057 Eucharistia
1324 2983 1532 3074 deferretur,
1563 2995 1600 3056 ut
1635 2984 1679 3056 ad

303 3101 537 3191 moribundos,
563 3110 598 3171 ut
624 3101 759 3172 daretur
784 3097 980 3186 infantibus,
1008 3100 1201 3172 calumniari
1228 3103 1256 3173 si
1283 3103 1356 3195 quis
1374 3101 1531 3189 volucrit,
1556 3109 1594 3171 ut
1618 3098 1678 3174 ia-

303 3239 382 3288 cere
409 3218 521 3287 conati
548 3224 623 3288 smrt
647 3217 829 3310 primorum
854 3213 1126 3288 Reformatorum
1153 3216 1323 3310 discipuli,
1356 3238 1424 3288 non
1450 3227 1518 3288 tam
1543 3216 1679 3288 Roma-

302 3355 378 3404 nam
404 3330 593 3402 Ecclesiam
619 3352 717 3424 quam
743 3338 895 3400 veterem
923 3339 958 3400 et
983 3330 1218 3424 Apostolicam
1244 3335 1454 3425 impugnant,
1481 3355 1567 3427 quae
1593 3330 1680 3402 hanc

304 3446 509 3542 disciplinam
536 3443 750 3534 observavit,
777 3453 814 3515 ut
848 3449 969 3538 partim
1003 3445 1108 3518 adhuc
1144 3449 1177 3516 in
1213 3446 1350 3518 Oriente
1385 3456 1549 3520 servatur.
1604 3445 1679 3518 Non

302 3563 449 3635 defertur
475 3561 519 3632 ad
551 3558 707 3632 absentes
733 3559 962 3650 Eucharistia,
1003 3584 1077 3631 cum
1111 3564 1197 3633 ratio
1233 3564 1436 3652 cessaverit,
1473 3562 1568 3634 simul
1603 3583 1678 3631 cum

302 3675 609 3774 persecutionibus,
645 3698 732 3770 (puae
764 3673 949 3747 libertatem
983 3675 1205 3748 conveniendi
1238 3675 1435 3748 Christianis
1468 3698 1536 3748 non
1568 3675 1678 3745 relin-

302 3790 456 3886 quebant.
508 3792 556 3863 At
582 3794 678 3882 viget
696 3789 838 3862 adhaec
856 3812 962 3884 usque
980 3799 1130 3884 tempora
1147 3789 1351 3860 consuetudo
1365 3812 1438 3860 eam
1458 3791 1501 3860 ad
1518 3798 1678 3880 aegrotos

302 3905 494 3995 deferendi,
522 3929 608 4001 quae
635 3904 807 4000 disciplina
825 3905 1047 3976 firmissimum
1068 3904 1239 3975 doctrinae
1258 3901 1476 3975 Orthodoxae
1491 3925 1678 3995 argumen-

303 4032 372 4092 tum
398 4025 564 4112 continct,
592 4031 626 4092 et
652 4043 768 4093 omnes
795 4021 1052 4115 Protestantium
1075 4007 1223 4092 rationes
1252 4018 1444 4092 conturbat:
1471 4040 1544 4090 cum
1565 4013 1678 4089 'etiam

301 4138 365 4226 illi,
394 4140 449 4231 qui
476 4137 603 4208 realem
631 4136 806 4231 quamdam
832 4137 1077 4230 susceptionem
1111 4137 1262 4230 corporis
1290 4143 1324 4207 et
1350 4139 1521 4226 sanguinis
1556 4133 1679 4205 Christi

302 4273 492 4343 agnoscere
519 4274 557 4323 se
589 4252 801 4347 prolitentur,
834 4272 909 4321 eam
934 4251 967 4319 in
995 4250 1068 4322 solo
1096 4273 1159 4324 usu
1185 4253 1402 4339 constituant,
1439 4253 1515 4344 quia
1551 4246 1679 4320 scilicet

302 4388 349 4437 ex
374 4388 492 4437 eorum
519 4369 676 4462 opinione
703 4367 846 4437 medium
872 4386 937 4459 quo
965 4387 1087 4460 corpus
1115 4377 1149 4437 et
1175 4369 1312 4458 sanguis
1340 4364 1464 4438 Christi
1499 4364 1677 4457 accipiun-

301 4491 372 4572 tur,
399 4482 483 4555 lidcs
511 4492 571 4554 est.
624 4483 740 4576 ltaque
767 4489 859 4552 recte
887 4481 1067 4553 secundum
1094 4490 1208 4553 sectae
1236 4504 1317 4553 suae
1339 4478 1564 4576 praejudicia,
1588 4481 1678 4573 piam

302 4595 392 4668 illam
419 4607 453 4669 et
479 4597 631 4670 Nicaeno
659 4596 812 4670 Concilio
840 4600 1007 4669 seniorem
1034 4595 1323 4684 consuetudinem,
1358 4593 1602 4676 Eucharistiam
1636 4593 1680 4665 ad

308 4711 455 4784 infirmos
484 4711 657 4784 deferendi
683 4711 905 4804 sustulerunt,
933 4715 1008 4805 quia
1035 4735 1157 4808 panem
1185 4721 1219 4783 et
1243 4713 1357 4783 vinum
1384 4710 1608 4782 tantummodo
1637 4709 1680 4781 ad

308 4825 384 4898 illos
411 4827 556 4917 ferrent,
582 4851 650 4900 non
677 4849 798 4922 corpus
827 4837 861 4900 et
887 4831 1082 4919 sanguinem
1101 4827 1241 4901 Christi:
1268 4848 1387 4897 verum
1402 4826 1436 4897 id
1455 4836 1573 4898 contra
1599 4848 1680 4897 mo-

309 4961 385 5030 res,
413 4951 447 5014 et
472 4941 570 5015 iidem
595 4943 789 5034 Ecclesiae,
817 4947 847 5017 si
872 4965 940 5016 non
958 4944 1196 5040 Apostolicae,
1224 4941 1342 5018 saltem
1358 4941 1563 5036 Apostolicis
1590 4951 1682 5013 tem-

308 5057 446 5152 poribus
473 5062 660 5154 proximae.
