4736 6064
678 667 755 743 514
1052 668 1672 746 OBSERVATIONES

676 853 862 933 disciplinam
886 852 948 933 jam
977 851 1168 914 obsolevisse
1196 858 1344 914 testantur
1378 861 1502 916 autores
1532 851 1601 934 Syri
1633 854 1838 918 vetustissimi.
1882 857 1917 918 ln
1951 855 2053 920 Basilii

678 949 803 1032 Coptica
825 950 959 1032 liturgia
983 970 1022 1012 ex
1044 969 1103 1032 qua
1126 952 1183 1013 ista
1206 951 1303 1012 oratio
1326 953 1419 1032 petita
1442 959 1501 1030 est,
1524 951 1627 1014 titulus
1649 961 1710 1014 est:
1734 952 1841 1017 Oratio
1853 955 2053 1018 mecledone}

677 1051 720 1112 ed
740 1051 873 1114 Petrerrr.
912 1049 1027 1131 Nempe
1050 1049 1146 1112 iorma
1170 1057 1217 1112 est
1239 1049 1436 1112 absolutionis
1460 1051 1615 1132 cujusdam
1637 1052 1802 1133 generalis,
1825 1053 1931 1116 iisdem
1952 1071 2052 1135 prope

676 1149 779 1210 verbis
803 1157 833 1210 et
855 1151 1012 1212 sententiis
1036 1157 1189 1224 constans,
1212 1166 1247 1211 ac
1270 1149 1320 1212 illa
1343 1169 1421 1231 quae
1443 1168 1537 1230 super
1558 1151 1657 1230 ipsum
1670 1151 1866 1215 Sacerdotem
1889 1151 2054 1216 celebran-

677 1255 737 1310 tem
765 1248 976 1326 prouuntiatur
1005 1249 1089 1310 initio
1110 1248 1266 1328 Liturgiae
1289 1255 1318 1310 et
1341 1248 1379 1310 ad
1400 1248 1506 1310 Filium
1527 1249 1585 1311 Dei
1608 1249 1757 1331 dirigitur.
1802 1250 1871 1330 lpsa
1894 1257 1941 1312 est
1963 1269 2051 1332 quam

676 1347 830 1408 Victorius
862 1346 997 1410 Scialach
1026 1347 1157 1426 pessime
1187 1365 1227 1408 ex
1248 1345 1381 1408 Atabico
1402 1365 1564 1427 perperam
1586 1347 1666 1410 lecto
1690 1348 1854 1429 appellavit
1876 1348 2054 1411 Orationem

675 1446 907 1526 glorificetionis
927 1446 1013 1507 Filii:
1036 1463 1103 1507 nam
1133 1464 1195 1507 vox
1217 1445 1407 1526 Aegyptiace
1429 1446 1591 1508 Matremne
1612 1454 1643 1508 et
1663 1447 1795 1509 Arabica
1818 1429 1919 1514 &rhun
1948 1447 2054 1525 Tehtil,

677 1543 902 1606 Absolutionem
924 1545 1103 1626 significant.
1136 1544 1274 1607 Videnda
1298 1562 1375 1624 quae
1399 1544 1437 1606 ad
1460 1546 1595 1608 eamdem
1610 1545 1786 1608 Orationem
1810 1553 1950 1608 annotata
1973 1553 2052 1608 sunt.

677 1643 710 1705 ln
732 1644 884 1722 versione,
906 1643 1074 1723 Aethiopes
1097 1662 1206 1707 nornen
1229 1642 1345 1706 Claudii
1367 1643 1460 1726 Regis
1484 1645 1532 1706 sui
1552 1644 1605 1706 lilii
1626 1645 1730 1706 Lebna
1743 1645 1888 1726 Dintghil,
1911 1645 2053 1707 inserue-

675 1750 762 1804 runt:
794 1743 819 1804 is
849 1742 926 1803 enim
950 1750 1020 1804 tuuc
1042 1744 1072 1804 in
1095 1743 1257 1822 Aethiopia
1280 1741 1442 1824 regnabat:
1478 1750 1509 1805 et
1538 1744 1575 1805 ab
1606 1762 1644 1806 eo
1675 1745 1787 1824 scripta
1817 1751 1864 1806 est
1894 1741 2052 1806 Confessio

675 1841 756 1918 lidci,
780 1859 869 1922 quam
890 1843 986 1921 priori
1009 1841 1113 1904 Lexici
1136 1844 1184 1904 sui
1206 1842 1330 1904 editioni
1352 1841 1499 1904 Ludolius
1522 1843 1685 1924 subjunxit,
1709 1843 1870 1924 retulitque
1891 1851 1999 1923 postea
2021 1843 2051 1902 in

677 1939 898 2002 Commentario
922 1940 959 2002 ad
982 1940 1142 2004 Historiam
1165 1960 1260 2020 suam,
1284 1959 1352 2003 cum
1374 1943 1465 2021 notiS,
1488 1959 1564 2024 quas
1588 1942 1646 2005 alio
1669 1941 1738 2006 leco
1762 1943 1979 2023 expendemus.

1161 2217 1222 2288 18.
1266 2217 1400 2290 Sancte
1425 2223 1564 2291 sanctis.

781 2426 838 2503 Ira
866 2449 950 2500 recte
979 2438 1030 2518 qui
1058 2439 1192 2500 versioni
1214 2437 1340 2502 Latinae
1362 2457 1486 2521 operam
1509 2438 1674 2502 dederunt:
1704 2458 1803 2521 neque
1827 2438 1865 2502 de
1887 2439 2050 2504 verberum

672 2541 791 2604 illorum
814 2542 1063 2621 interpretatione
1085 2559 1152 2604 eum
1176 2544 1254 2604 inter
1276 2559 1364 2604 sacra
1387 2542 1489 2606 Obieia
1512 2543 1670 2626 leguntur,
1693 2561 1872 2626 quemquam
1895 2542 2050 2608 dubitasse

673 2640 827 2720 videmus,
855 2659 922 2702 cum
950 2639 1067 2704 Graece
1098 2648 1204 2704 extent
1234 2643 1271 2702 in*
1293 2642 1430 2704 omnibus
1460 2641 1603 2724 Liturgiis
1627 2650 1659 2704 et
1680 2642 1710 2703 in
1733 2649 1906 2705 sanctorum
1929 2642 2050 2714 Patrem

673 2740 806 2820 scriptis,
828 2741 858 2801 in
882 2739 1016 2819 Copticis
1039 2758 1171 2821 quoque,
1196 2741 1347 2824 Syriacis,
1371 2741 1507 2804 omnibus
1530 2739 1650 2804 tandem
1673 2740 1877 2804 Orientalibus
1900 2741 2050 2804 Euchari-

672 2838 749 2901 stiae
773 2838 999 2900 consecrandae
1022 2838 1143 2902 Officiis.
1188 2841 1303 2902 Primus
1330 2839 1474 2904 Ludolius
1504 2842 1535 2902 in
1563 2840 1758 2920 quarumdam
1787 2859 1827 2903 ex
1853 2839 2047 2904 clementinis

674 2935 924 3000 Constitutionum
947 2939 1089 3000 versione
1112 2938 1218 3002 eadem
1240 2939 1335 3001 verba
1356 2940 1571 3021 interpretatus
1594 2947 1656 3019 est,
1688 2940 1901 3002 Senatuen'um
1923 2941 2048 3020 semes,

673 3053 733 3116 quo
757 3037 829 3099 nibil
852 3037 1021 3102 absurdius.
1058 3038 1162 3120 Nugas
1189 3039 1269 3102 enim
1294 3039 1554 3116 Grammaticales,
1576 3040 1604 3102 si
1625 3056 1701 3120 quas
1724 3038 1892 3102 obtendere
1915 3047 2047 3120 poterat,

672 3153 745 3198 usus
768 3135 998 3200 Ecclesiasticus
1021 3144 1052 3198 et
1074 3138 1204 3200 omnium
1220 3137 1422 3220 Liturgiarum
1446 3155 1613 3201 consensus
1636 3136 1805 3202 refellebat.
1834 3137 1956 3201 Certum
1969 3139 2049 3201 enim

672 3241 720 3296 est
742 3252 780 3297 eo
803 3235 874 3298 loco
893 3235 971 3298 idem
988 3235 1215 3319 intelligendum
1231 3255 1311 3318 esse,
1335 3238 1416 3318 quod
1439 3237 1519 3319 apud
1542 3255 1647 3300 omnes
1661 3235 1833 3299 Orientales
1848 3235 2047 3317 Christianos,

671 3335 805 3415 quotidie
827 3335 1019 3413 audiebatur,
1042 3343 1073 3398 et
1095 3335 1178 3416 qued
1200 3335 1300 3398 nullus
1323 3337 1494 3399 nesciebat:
1516 3335 1645 3414 scilicet,
1668 3336 1813 3398 monitum
1835 3336 1971 3398 omnibus
1995 3339 2046 3416 qui

671 3434 766 3495 sacris
789 3433 900 3496 Officiis
922 3435 1104 3512 intererant,
1133 3452 1190 3515 per
1211 3435 1392 3499 Sacerdotes
1415 3435 1466 3498 vel
1488 3436 1640 3498 Diaconos
1663 3434 1881 3518 significatum,
1910 3454 1949 3498 ne
1980 3439 2047 3515 quis

671 3532 730 3593 nisi
752 3541 891 3611 sanctus,
917 3535 982 3596 sive
1004 3533 1114 3596 nullius
1137 3535 1258 3613 peccati
1280 3528 1401 3596 lethalis
1423 3534 1481 3596 sibi
1503 3534 1660 3612 conscius,
1692 3533 1729 3596 ad
1760 3541 1884 3610 senate,
1913 3534 1971 3596 hoc
2001 3541 2048 3597 est

671 3631 709 3693 ad
732 3649 820 3694 sacra
842 3635 985 3712 mysteria
1007 3631 1203 3714 percipienda
1225 3633 1374 3695 accedere
1397 3633 1499 3696 vellet.
1543 3632 1650 3712 Neque
1679 3634 1833 3714 quisquam
1858 3632 2045 3696 Christianus

671 3731 847 3812 ignorabat,
871 3733 943 3814 quid
965 3751 1022 3812 per
1043 3721 1087 3794 eci
1109 3721 1189 3814 ἅγια
1211 3739 1294 3794 esset
1314 3732 1553 3814 intelligendum.
1598 3731 1655 3810 At,
1685 3731 1893 3794 samberrem
1920 3733 2046 3805 sanctis,

672 3828 801 3893 iormula
824 3839 871 3894 est
895 3832 931 3894 ab
954 3831 1038 3893 initio
1060 3829 1218 3893 Ecclesiae
1241 3833 1421 3893 constitutae
1445 3831 1482 3893 ad
1505 3831 1581 3892 haee
1603 3847 1701 3911 usque
1723 3839 1878 3909 tempora,
1908 3829 2045 3890 omnibus

673 3929 815 4011 Liturgiis
838 3932 993 4014 incognita
1016 3939 1046 3994 et
1068 3930 1217 4004 inaudita,
1240 3937 1271 3992 et
1294 3948 1372 4010 quae
1394 3929 1481 3992 simul
1504 3929 1692 3992 salsissimam
1710 3929 1886 3992 sententiam
1905 3929 2045 3990 insinuat.

673 4028 748 4090 Nam
770 4031 886 4091 Soracte
908 4033 1024 4092 sanctis
1045 4029 1226 4111 significavit
1249 4029 1279 4089 in
1301 4030 1399 4091 veteri
1410 4028 1557 4104 Ecclesia,
1579 4035 1609 4090 et
1631 4029 1661 4090 in
1679 4028 1825 4091 Orientah
1846 4026 1925 4090 idem
1946 4028 2046 4110 signi-

672 4125 759 4205 ficat,
783 4135 815 4190 ut
838 4130 888 4209 qui
912 4129 950 4192 ad
972 4130 1113 4212 mysteria
1135 4127 1327 4207 suscipienda
1349 4128 1406 4189 rite
1428 4129 1526 4208 parati
1548 4135 1627 4206 sunt,
1651 4128 1709 4190 soli
1732 4126 1769 4190 ad
1793 4143 1898 4190 eorum
1919 4125 2046 4206 partici-

671 4228 824 4306 pationem
853 4229 1013 4304 accedant;
1044 4245 1143 4309 neque
1173 4227 1248 4289 haec
1278 4226 1464 4290 denuntiatio
1494 4228 1531 4290 ad
1561 4227 1794 4290 Ecclesiasticus
1822 4225 1904 4288 solos
1935 4226 1987 4306 qui
2015 4225 2045 4285 in

671 4311 806 4410 Βὴματι
828 4345 884 4390 seu
905 4327 1076 4395 sanctuario
1104 4325 1242 4402 stabant,
1272 4324 1326 4388 sed
1355 4325 1393 4388 ad
1420 4326 1527 4388 Laicos
1557 4344 1678 4407 qnoque
1706 4324 1892 4406 pertinebat,
1920 4325 1978 4386 imo
2007 4322 2045 4385 ad

672 4425 824 4490 mulieres.
869 4427 911 4489 At
939 4429 1037 4490 neutri
1068 4435 1101 4489 ut
1123 4425 1269 4507 mysteria
1291 4443 1378 4488 sacra
1400 4426 1606 4506 perciperent,
1629 4425 1667 4487 ad
1689 4425 1891 4488 sanctuarium
1915 4423 2045 4486 accede-

672 4525 759 4586 bant:
782 4543 888 4588 verum
911 4544 948 4588 eo
971 4526 1030 4588 ritu
1054 4524 1318 4602 distribuebantur,
1342 4543 1432 4604 quem
1453 4524 1519 4586 inse
1543 4544 1583 4586 ex
1606 4524 1753 4588 Gabrielis
1776 4522 1968 4586 Patriarchae
1990 4522 2046 4583 tti-

673 4623 747 4685 tuali
776 4631 807 4686 et
837 4626 903 4687 aliis
925 4625 1097 4700 retulimus,
1127 4625 1157 4685 in
1180 4623 1400 4685 Commentario
1423 4624 1461 4686 ad
1482 4623 1586 4688 Basilii
1609 4623 1764 4705 Coptieam
1785 4623 1960 4704 Liturgiam.
2002 4621 2045 4684 lta

673 4723 706 4786 iit
721 4732 753 4786 ut
765 4724 979 4787 absurditatem
1000 4725 1150 4807 insignem
1173 4721 1325 4784 contineat
1348 4723 1495 4805 ejusmodi
1518 4724 1744 4804 interpretatio,
1769 4723 1933 4786 secundum
1957 4737 2045 4801 quarn

673 4831 821 4886 vocantur
852 4825 890 4888 ad
919 4824 1138 4903 sanctuarium,
1167 4825 1217 4903 qui
1247 4823 1278 4884 in
1307 4821 1380 4884 iilud
1408 4823 1527 4904 ingredi
1557 4840 1618 4886 non
1644 4830 1783 4903 possunt.
1829 4821 1907 4893 Quid
1930 4821 2045 4903 igitur?

674 4921 807 4985 Coenam
831 4942 915 4986 suam
929 4925 1131 4986 Lutberauam
1153 4921 1231 4986 adeo
1254 4922 1374 4984 infixam
1397 4924 1494 4984 animo
1516 4921 1661 4985 Ludolius
1683 4921 1797 5000 babuit,
1822 4929 1855 4983 ut
1881 4919 1962 4981 nulla
1984 4934 2045 4980 vox

671 5020 871 5102 Aethiopica,
897 5026 954 5087 etsi
977 5023 1145 5086 Hebraicae
1168 5028 1220 5086 aut
1243 5019 1378 5084 Graecae
1402 5022 1545 5106 originis,
1568 5030 1599 5086 et
1620 5039 1678 5084 usu
1699 5020 1917 5084 Ecclesiastico
1940 5017 2045 5080 deter-

672 5121 792 5198 minata,
816 5123 896 5186 diud
910 5125 969 5205 ipsi
983 5121 1177 5207 signiticaret,
1201 5137 1289 5200 quam
1304 5120 1445 5185 Coenam.
1475 5121 1657 5204 Literpiem,
1679 5121 1816 5198 diissem,
1837 5117 2044 5200 Amphora,
