4686 6060
666 650 743 723 374
1055 650 1655 730 DEPATRIAROHI
1763 675 1769 692 ⁸

662 835 718 908 Ex
744 840 850 932 primo
876 839 940 909 isto
968 858 1106 908 numero
1134 835 1343 927 eligebantur
1374 843 1629 934 quinquaginta:
1664 851 1699 913 et
1730 864 1776 913 ex
1811 843 1883 916 istis
1919 847 2040 936 vigmti

662 953 823 1046 qumque,
850 973 932 1023 mox
958 950 1094 1022 decem:
1127 963 1160 1023 et
1194 955 1228 1023 in
1254 952 1310 1024 illo
1345 957 1502 1027 scrutinio
1535 955 1623 1049 quod
1655 956 1804 1029 ultimum
1838 969 1932 1047 erat,
1969 969 2039 1032 tres

662 1068 717 1161 qui
744 1065 839 1160 plura
864 1075 986 1160 puncta
1014 1065 1174 1155 tulerant,
1201 1067 1481 1158 reservabantur3
1508 1080 1541 1141 et
1567 1073 1631 1142 nisi
1658 1069 1768 1166 aliqua
1795 1073 1901 1145 subita
1919 1073 2038 1146 accla-

659 1184 806 1253 mationc
834 1185 929 1275 quasi
954 1203 1017 1276 per
1042 1185 1312 1277 inspirationem,
1339 1205 1423 1254 unus
1451 1207 1497 1255 ex
1523 1183 1628 1256 tribus
1655 1187 1931 1281 proclamaretur,
1959 1188 2038 1260 ele-

660 1300 794 1390 ctioque
822 1298 966 1368 omnium
992 1300 1080 1369 votIs
1109 1301 1219 1371 statim
1247 1297 1539 1393 comprobaretur,
1568 1304 1651 1371 sorti
1675 1322 1733 1374 res
1761 1303 2035 1375 committebatur.

659 1411 853 1484 Vocabatur
888 1423 998 1483 autem
1031 1435 1106 1485 sors
1142 1411 1198 1485 Illa
1232 1413 1394 1484 Helbeltn
1429 1414 1471 1486 ab
1505 1414 1649 1505 Heilcel,
1685 1439 1772 1512 quae
1805 1422 2037 1488 sanctuarium

659 1540 759 1625 atque
785 1527 899 1598 altare
925 1530 1033 1622 ipsum
1061 1527 1244 1620 signiticat,
1279 1532 1356 1623 quia
1387 1533 1420 1600 in
1455 1529 1551 1602 altari
1586 1529 1704 1620 fiebat,
1740 1539 1775 1602 ut
1807 1530 1921 1602 divino
1956 1541 2035 1602 nutu

658 1646 731 1716 heri
757 1644 947 1733 videretur,
973 1644 1132 1739 Dcusque
1157 1645 1310 1735 judicare
1336 1647 1517 1732 sineretur,
1546 1647 1619 1740 qrris
1653 1649 1750 1716 trium
1785 1644 2035 1717 candidatorum

659 1760 791 1852 dignior
817 1759 922 1846 foret,
951 1764 1036 1831 sicut
1062 1762 1210 1854 primitus
1236 1757 1393 1854 Apostoh
1418 1758 1587 1846 iecerunt,
1616 1759 1692 1831 dum
1719 1762 1753 1830 in
1784 1756 1894 1830 locum
1927 1757 2033 1830 Judae

658 1874 855 1971 proditoris,
884 1875 1009 1946 electus
1037 1885 1089 1947 est
1121 1874 1164 1945 ad
1193 1873 1426 1970 Apostolatum
1461 1873 1615 1947 blathinis,
1669 1874 1784 1947 'Irium
1814 1876 1917 1964 igitur
1950 1872 2033 1944 illo-

657 2013 749 2081 rum,
775 1992 809 2061 in
837 1989 955 2086 quibus
981 1989 1171 2085 pendebant
1196 1973 1360 2062 bominum
1384 1988 1523 2082 JndIcia,
1550 1988 1636 2062 adeo
1652 2000 1688 2060 ut
1715 1993 1787 2085 (puls
1813 1991 1923 2080 magIs
1950 1988 2032 2060 ido-

656 2127 740 2178 neus
766 2104 873 2196 foret,
901 2105 1122 2177 determinare
1148 2127 1215 2178 non
1242 2114 1402 2200 possent,
1428 2107 1561 2176 numina
1579 2104 1712 2176 totidem
1733 2104 1888 2176 chartrdis
1907 2107 2033 2176 inscri-

655 2220 837 2294 bebantur:
864 2220 1082 2311 adjiciebatur
1109 2229 1224 2315 quartu
1251 2222 1419 2311 inscripta
1444 2223 1580 2291 nomae
1605 2221 1688 2292 Jeao
1715 2218 1844 2291 Christi
1873 2219 2034 2290 Pastoris

656 2337 756 2408 boni:
782 2346 816 2408 et
842 2345 962 2430 postea
989 2357 1105 2408 omnes
1132 2337 1166 2406 in
1186 2356 1303 2406 urnam
1322 2335 1596 2427 conjiciebantur,
1623 2357 1709 2429 quae
1728 2336 1789 2409 sub
1808 2333 1904 2407 altari
1919 2332 2032 2406 collo-

656 2452 804 2524 cabatur.
858 2451 943 2522 'l'run
969 2454 1002 2522 in
1030 2473 1071 2522 co
1099 2453 1173 2545 ipso
1202 2449 1297 2521 altari
1324 2448 1560 2522 celebrabatur
1576 2450 1739 2543 Liturgia,
1766 2449 1942 2544 aliquando
1969 2471 2033 2522 sc-

654 2566 739 2656 mcl,
768 2565 945 2660 aliquando
971 2589 1033 2661 per
1061 2566 1221 2653 triduum,
1249 2564 1591 2659 coutinuobanturque
1623 2565 1677 2637 dic
1712 2574 1747 2637 et
1777 2575 1877 2637 nocte
1912 2586 2032 2661 preces

654 2687 687 2755 in
716 2682 834 2756 cadem
859 2680 1036 2770 Ecclesia,
1064 2682 1107 2752 ad
1134 2680 1371 2776 implorandam
1399 2680 1546 2753 divinam
1573 2703 1681 2776 opem.
1734 2680 1886 2753 Peractis
1913 2683 2031 2776 preci-

654 2792 717 2871 bus
746 2806 778 2868 et
805 2795 997 2883 sacrificiis,
1026 2795 1253 2870 adducebatur
1279 2795 1406 2884 inians,
1434 2818 1477 2868 ea
1505 2805 1615 2867 aetate
1642 2818 1728 2889 quae
1762 2800 1869 2868 omnis
1901 2799 2031 2891 peccati

654 2913 845 3008 suspicIone
872 2921 984 3000 carct,
1009 2935 1054 2983 ne
1079 2911 1171 2983 frans
1207 2912 1316 3006 aliqua
1352 2911 1525 3002 subesset,
1554 2909 1798 3006 jubebaturqus
1832 2932 1964 2982 manum
1999 2913 2030 2980 in

653 3049 771 3098 urnam
798 3029 993 3116 immittere,
1020 3048 1183 3122 unamque
1210 3049 1256 3098 ex
1283 3025 1449 3099 schedulis
1478 3037 1619 3122 quatuor
1652 3025 1807 3098 educere.
1860 3024 1898 3095 Si
1933 3027 2030 3095 trium

597 3221 602 3231 ,
655 3141 794 3232 alicujus
822 3123 1073 3233 deslgnatorum
1098 3146 1233 3213 nomine
1259 3144 1417 3235 inscripta
1445 3139 1603 3212 schedula
1629 3141 1838 3227 educeretur,
1866 3141 1976 3210 stahm
2001 3140 2030 3210 is

653 3255 846 3328 Patriarcha
863 3257 1077 3348 salutabatur,
1092 3280 1154 3352 pcr
1168 3260 1327 3352 repetitas
1346 3256 1604 3329 acclamationes
1619 3254 1876 3351 Episcoporum,
1898 3253 2029 3325 Sacer·-

654 3371 782 3462 dotum,
825 3372 1028 3467 reliquonun
1074 3371 1281 3444 clericorum
1330 3381 1364 3443 ct
1406 3371 1607 3460 Latcorum,
1649 3392 1759 3466 neque
1799 3367 2029 3440 contradicere

654 3491 826 3583 quisquam
854 3485 1007 3560 audebat.
1062 3486 1160 3574 Quod
1192 3491 1222 3560 si
1254 3485 1410 3562 schedula
1444 3485 1595 3583 prodiret
1625 3507 1747 3558 nomen
1783 3481 1911 3556 habeus
1945 3483 2029 3556 lesu

654 3601 795 3692 Christi,
828 3606 874 3674 ita
902 3602 988 3698 apud
1024 3623 1063 3673 se
1098 3601 1303 3693 statuebant,
1336 3606 1502 3674 neminem
1535 3605 1633 3672 trium
1669 3600 1919 3673 candidatormn
1952 3600 2027 3672 Deo

654 3727 828 3812 acceptum
855 3739 953 3807 esse,
981 3727 1081 3811 atque
1107 3720 1152 3790 ita
1178 3739 1293 3792 rursus
1321 3717 1364 3788 ad
1390 3718 1588 3789 electionem
1617 3720 1713 3788 trium
1741 3715 1880 3786 chorum
1898 3736 1946 3785 ex
1964 3735 2027 3786 se-

652 3841 741 3925 ptem
768 3833 910 3906 residuis
920 3830 1017 3928 ‘post
1031 3832 1143 3905 ultima
1155 3835 1325 3927 sutlragIa,
1352 3832 1612 3930 procedebatur:
1640 3853 1757 3904 eorum
1774 3833 1908 3901 nomina
1921 3829 2028 3902 schc-

653 3946 703 4018 dis
738 3945 1002 4019 inscribebantur
1035 3971 1155 4044 preces
1193 3959 1227 4021 et
1261 3949 1409 4021 secunda
1441 3951 1570 4022 sortitio
1606 3946 1727 4037 tiebat,
1763 3944 1872 4016 donec
1905 3966 2026 4015 nornen

653 4062 791 4153 alicujus
808 4061 1015 4135 educeretur.
1069 4065 1163 4136 llaec
1190 4064 1249 4137 luit
1272 4067 1371 4138 sortis
1387 4063 1649 4138 Ecclesiasticus
1677 4061 1719 4134 ad
1746 4058 1934 4151 eligendum
1953 4058 2026 4130 Pa-

651 4177 829 4250 trIarcham
854 4181 957 4265 ratio,
985 4179 1165 4252 secundum
1194 4202 1292 4274 quam
1319 4178 1417 4250 electi
1442 4177 1575 4250 hrenmt
1608 4176 1695 4272 apud
1728 4172 1899 4248 ‚lacobitas
1934 4173 2025 4246 Ale-

561 4321 565 4326 ·
650 4291 856 4382 xandrinos,
882 4293 1097 4366 Patriarchac
1122 4294 1271 4369 loannes
1297 4293 1448 4366 XLVIII.
1477 4303 1510 4365 et
1534 4291 1679 4364 Michael
1704 4289 1825 4364 LXXI.

362 4410 432 4464 Alibi
459 4429 561 4483 quoquc
591 4431 638 4468 aa·

327 4495 385 4550 (lem
403 4513 459 4552 sors
477 4507 605 4568 usurpata.

753 4406 793 4480 b.
835 4405 1026 4480 Adhibitam
1053 4430 1186 4504 quoque
1211 4408 1300 4481 illam
1326 4409 1431 4481 hrisse
1458 4408 1502 4480 ad
1529 4407 1729 4480 electionem
1761 4406 1922 4501 Episcopi
1953 4404 2026 4476 bli-

651 4543 747 4610 srae,
773 4522 916 4615 legimus
942 4527 976 4594 in
1007 4525 1076 4596 vita
1109 4523 1251 4596 Macarii
1282 4526 1370 4596 Patr.
1399 4523 1518 4595 LXIX.
1579 4521 1698 4617 Neque
1731 4519 1911 4613 singularis
1941 4518 2025 4591 haec

648 4638 710 4709 luit
733 4637 987 4711 Alexandrinae
1012 4637 1189 4712 EcclcsIac
1216 4637 1444 4727 cousuetud03
1471 4660 1549 4709 narn
1576 4636 1694 4709 eadem
1721 4636 1809 4732 apud
1841 4635 2025 4709 Nestoris-

646 4773 710 4826 nos
736 4754 960 4848 usurpabatur
987 4753 1030 4826 ad
1055 4752 1252 4826 electionem
1279 4752 1443 4827 Catholici
1469 4755 1520 4826 sui
1545 4751 1788 4845 Bagdadcnsis,
1816 4755 1873 4847 qui
1899 4773 2024 4847 supre-

648 4889 722 4938 mus
757 4868 947 4941 Patriarcha
981 4871 1066 4942 ilbus
1094 4879 1209 4941 sectae
1236 4880 1298 4940 cst.
1350 4868 1450 4942 Nova
1491 4889 1573 4940 sano
1611 4866 1694 4939 baec
1728 4871 1814 4939 ratio
1848 4866 2023 4940 electionis

648 4973 822 5076 tranquille
849 4984 1083 5078 peragendae,
1110 4982 1480 5079 componendammque
1507 4984 1811 5056 controversiarum
1844 4979 2024 5052 hluhamc-

648 5096 743 5171 danis
770 5099 852 5194 ipsis
878 5108 960 5170 nota
987 5109 1020 5170 et
1046 5100 1187 5194 probata
1213 5097 1284 5170 luit
1336 5097 1422 5170 Nam
1448 5099 1483 5168 in
1509 5099 1579 5168 vita
1606 5096 1725 5195 Cprilh
1758 5097 1897 5190 legitur,
1934 5095 2023 5190 quod
