4670 6046
612 650 1297 742 mlllnuolnnoovnonnsntsnu.
1561 654 1635 728 235

278 849 394 914 landam
417 865 487 912 esse
510 867 549 912 ex
571 847 728 932 Diptychis
749 847 866 930 Regum
888 845 1076 926 memoriam,
1101 845 1170 928 quia
1190 851 1263 906 tunc
1290 844 1393 908 hostes
1420 841 1577 907 Ecclesiae
1607 847 1638 904 et

279 947 386 1014 nefarii
408 956 519 1012 essent.
566 949 626 1014 Sed
648 948 689 1010 ait
711 964 780 1010 esse
803 945 946 1026 quosdam
967 946 1068 1028 Reges
1097 945 1221 1024 impios,
1252 944 1281 1004 id
1311 952 1359 1007 est
1387 939 1638 1014 Muhamednnos;

280 1047 540 1112 Calchedoneuses
563 1046 707 1130 quosdam
729 1045 862 1126 nequitia
883 1063 944 1108 uon
966 1043 1142 1118 inferiores,
1165 1061 1221 1124 pro
1245 1042 1352 1124 quihus
1373 1050 1473 1105 ιειιιειι
1491 1041 1639 1104 orandum

279 1147 332 1222 sit,
354 1148 423 1226 quia
446 1146 482 1208 ab
505 1145 563 1210 illis
585 1165 647 1228 pax
669 1145 769 1221 orbis,
791 1161 848 1225 pro
872 1161 930 1222 qua
952 1143 1109 1224 deprecari
1130 1142 1267 1206 Ecclesia
1292 1140 1395 1224 jubet,
1417 1139 1528 1222 pendet
1559 1157 1638 1221 quo-
1713 1129 1717 1140 '

279 1244 444 1308 dammodo.
474 1243 577 1325 ltaque
591 1245 702 1327 ubique
723 1243 818 1306 ferme
840 1241 959 1306 undem
981 1259 1037 1324 pro
1060 1241 1117 1304 illis
1140 1243 1291 1305 orationes
1307 1240 1563 1323 praescribuntur,
1586 1237 1640 1300 sed

277 1343 442 1419 hocloco,
464 1344 495 1406 in
518 1344 664 1426 aliquibus
686 1342 847 1424 liturgiis,
877 1349 910 1403 ιιι
938 1343 969 1404 in
998 1342 1053 1405 hac
1082 1341 1246 1420 Basiliana,
1277 1341 1392 1423 Regum
1419 1338 1499 1402 nulla
1527 1339 1639 1401 mentio

279 1451 342 1522 est,
366 1443 501 1524 quavmis
523 1442 607 1505 initio
629 1459 686 1524 pro
708 1441 767 1504 illis
790 1448 904 1504 oretur.
948 1441 982 1504 ln
1003 1441 1138 1504 secunda
1159 1459 1236 1522 quae
1259 1447 1305 1502 est
1324 1438 1475 1523 Gregorii,
1497 1457 1554 1518 pro
1575 1437 1641 1500 ne-

277 1543 366 1624 gihns
395 1540 591 1618 Christianis,
624 1559 731 1622 nempe
766 1533 992 1626 φιλοχρίστοις
1020 1547 1168 1602 ιειειιιιιιιι
1197 1559 1236 1602 ex
1265 1541 1384 1621 antiqua
1413 1535 1640 1614 consuetudine,

279 1641 400 1722 qnando
422 1639 520 1703 adhuc
542 1640 598 1703 suh
621 1639 796 1705 Christianis
823 1638 1055 1720 imperatoribus
1081 1639 1225 1722 Aegyptii
1254 1637 1408 1702 vivebant:
1436 1657 1526 1718 quem
1556 1653 1641 1699 risum

279 1741 434 1804 confirmat
455 1739 651 1816 Abulbiroat,
675 1740 743 1803 dum
765 1741 845 1802 iuter
866 1739 939 1802 alias
962 1739 1113 1801 orationes
1135 1746 1275 1801 recenset
1295 1730 1458 1818 βασιλέων
1479 1725 1642 1800 παλάτιον

278 1857 387 1919 nempe
405 1858 466 1918 pro
488 1838 610 1918 regibus
639 1847 668 1902 et
696 1841 748 1920 qui
772 1839 804 1900 ia
832 1837 962 1902 Palatio.
1006 1838 1051 1900 Ea
1080 1855 1174 1920 porro
1205 1835 1372 1900 differentia
1401 1843 1464 1912 est,
1491 1843 1524 1898 ut
1545 1837 1582 1898 iis
1611 1835 1642 1896 in

278 1937 449 2013 Provincis,
480 1955 557 2020 quae
588 1936 773 2000 Christianos
795 1938 947 2020 principes
962 1936 1122 2015 habehant,
1144 1955 1206 1998 non
1221 1938 1317 2000 solum
1333 1943 1473 2000 oraretur
1488 1953 1545 2016 pro
1559 1935 1642 2016 ipsis,

278 2037 333 2102 sed
355 2036 476 2100 uomina
500 2054 604 2100 eorum
626 2038 845 2112 recitarentur,
868 2035 1114 2118 quemadmodum
1138 2037 1316 2098 observatur
1337 2036 1368 2097 in
1394 2033 1517 2096 Graecis
1538 2033 1642 2095 Litur-

278 2137 354 2220 giis,
376 2154 501 2218 quarum
524 2135 636 2200 diversi
659 2135 780 2203 codices
803 2135 1004 2217 imperatores
1026 2137 1178 2198 nominant
1199 2137 1278 2198 illius
1301 2136 1446 2217 temporis
1459 2150 1519 2214 qno
1538 2133 1643 2212 scripti

279 2234 409 2298 luerunt.
454 2235 486 2302 Si
508 2253 606 2317 neque
630 2235 806 2314 Christiani,
830 2253 929 2315 neque
952 2234 1085 2317 ejusdem
1107 2242 1210 2298 sectae
1232 2233 1367 2309 fuerunt,
1389 2234 1558 2296 nominatim
1580 2249 1642 2296 non

280 2333 479 2417 appellantur.
522 2334 624 2416 ltaque
648 2353 714 2396 cnm
736 2334 943 2397 Muhamedoni
964 2343 1028 2398 ιοιο
1056 2331 1165 2397 dudum
1193 2333 1317 2396 Oriente
1344 2333 1511 2414 potiantur,
1541 2350 1640 2413 neque

280 2435 397 2497 inistis
427 2434 569 2516 liturgiis
592 2435 809 2516 Aegyptiacis,
842 2452 941 2515 neque
963 2434 993 2497 iu
1014 2430 1189 2497 Jaoohitieis
1212 2433 1373 2514 Syrorum,
1404 2439 1454 2494 aut
1482 2431 1641 2494 Nestoria-

281 2535 343 2613 nis,
366 2540 418 2596 aut
433 2533 505 2594 aliis
527 2532 664 2610 tandem,
686 2533 854 2598 nominatus
875 2533 1027 2615 reperitur
1049 2534 1190 2613 princeps
1212 2531 1290 2594 ullus
1312 2530 1562 2606 Muhamedonus,
1586 2529 1644 2593 etsi

280 2632 388 2696 multos
419 2630 578 2694 Christiani
608 2632 774 2696 benevolos
804 2632 922 2713 experti
950 2639 1027 2696 sunt.
1078 2631 1239 2695 Antiochia
1268 2638 1391 2711 recepta
1421 2649 1438 2693 a
1467 2628 1643 2694 Christianis

282 2749 342 2794 non
379 2729 492 2806 semel,
521 2731 711 2812 postmodum
740 2732 795 2795 luit
834 2751 890 2812 per
922 2731 1072 2796 saeculum
1102 2729 1197 2794 ferme
1226 2730 1375 2813 integrum
1402 2731 1432 2792 in
1461 2730 1647 2798 Francorum

283 2837 447 2912 potestate:
470 2837 500 2891 at
521 2833 589 2911 quia
612 2838 673 2894 tum
692 2831 798 2896 Graeci
820 2832 1031 2913 imperatores,
1054 2841 1114 2896 tum
1126 2832 1246 2906 Franci,
1269 2831 1532 2894 Calchedoueuses
1546 2839 1643 2909 eraut,

283 2939 371 3011 aque
394 2927 471 2991 adeo
493 2928 638 2994 haeretici
660 2950 677 2992 a
699 2931 841 2994 Jacohitis
860 2931 1086 3014 judicabantur,
1108 2930 1189 2994 nulla
1219 2947 1321 2992 eorum
1348 2939 1512 3010 temporum
1540 2930 1643 2992 hilur-

283 3029 352 3110 giae
374 3027 557 3108 exemplaria
580 3038 759 3106 occurrunt,
786 3031 837 3092 ubi
860 3030 995 3094 alterutri
1016 3032 1219 3106 nominentur,
1248 3031 1278 3092 in
1303 3030 1504 3093 Jacobitarum
1533 3029 1643 3094 Antio-

284 3125 464 3205 chenorum,
488 3134 538 3190 aut
561 3127 793 3192 Palaestinoruro
816 3129 977 3194 codicibus.
1022 3130 1088 3193 Duo
1115 3131 1208 3213 igitur
1229 3137 1341 3192 tanturn
1360 3131 1498 3211 exempla
1517 3139 1586 3194 sunt
1613 3133 1643 3194 in

285 3222 478 3288 Orientalium
502 3226 736 3291 Christianorum
758 3228 858 3307 libris,
881 3229 1080 3292 Armeuorum
1103 3231 1154 3312 qui
1174 3246 1266 3310 reges
1284 3229 1442 3310 aliquando
1457 3229 1643 3294 Christianos

283 3321 467 3402 habuerunt,
490 3344 616 3406 quorum
638 3327 756 3391 nomina
780 3347 818 3391 ex
840 3329 996 3410 Diptvohis
1018 3337 1301 3404 commemorantur;
1330 3337 1361 3392 ει
1389 3329 1570 3410 Aethiopum
1593 3333 1644 3412 qui

284 3439 404 3504 semper
426 3425 680 3516 suh'Christianis
702 3428 836 3510 Regibus
859 3426 993 3492 luerunt.
1042 3427 1149 3491 Adhuc
1171 3429 1201 3490 in
1229 3428 1353 3492 istorum
1379 3428 1514 3510 liturgia
1544 3433 1643 3493 nomi-

284 3523 346 3585 nati
367 3527 575 3605 reperiuntur,
598 3545 657 3590 uon
680 3527 768 3590 modo
792 3528 841 3608 qui
864 3528 1031 3618 regnabant
1054 3544 1120 3588 oum
1143 3525 1210 3588 libri
1232 3527 1336 3608 scripti
1348 3525 1478 3606 luerunt,
1501 3528 1555 3591 sed
1578 3548 1644 3593 ma-

280 3625 366 3706 jores
389 3643 509 3704 eorum,
532 3634 563 3688 ει
583 3633 705 3690 veteres
734 3644 804 3718 nou,
817 3627 919 3706 pauci,
954 3628 1004 3707 qui
1031 3626 1148 3688 virtutis
1171 3631 1222 3687 aut
1242 3626 1362 3707 pietatis
1392 3623 1469 3688 lama
1497 3629 1645 3708 quondam

284 3725 465 3805 floruerant,
488 3733 521 3788 ut
541 3725 798 3804 Gabra-blasiani,
820 3724 1049 3806 Constantinus,
1071 3725 1246 3803 Fresennai,
1272 3723 1422 3802 holibola,
1445 3725 1645 3806 Zara-Jacob,

285 3832 316 3888 ει
339 3825 399 3889 alii.

373 3925 517 4006 Sequitur
537 3923 632 3986 altera
652 3942 741 4005 pars,
764 3939 841 4005 quae
864 3933 910 3988 est
932 3933 1103 3986 sanctorum
1126 3925 1378 4002 commemoratio,
1400 3943 1509 4008 nempe
1531 3943 1591 3990 non
1613 3933 1645 3989 ut
1689 3941 1835 3994 sarcarum
1852 3957 1964 4008 asume-

283 4039 341 4104 pro
364 4022 422 4086 illis
445 4030 558 4102 oretur,
581 4023 636 4086 sed
658 4031 691 4086 ut
705 4041 762 4105 per
784 4041 888 4086 eorum
910 4041 1020 4104 preces
1043 4031 1074 4088 et
1095 4024 1341 4100 intercessiones,
1363 4022 1445 4088 Deus
1467 4027 1772 4092 misereaturnontio·

286 4123 524 4204 supplicantium.
569 4124 697 4186 Primum
718 4140 793 4185 vero
816 4121 895 4203 apud
917 4141 1021 4187 omnes
1043 4122 1197 4186 Ecclesias
1223 4125 1389 4186 nominatur
1418 4126 1513 4209 Virgo
1541 4129 1646 4206 illaria,

286 4240 363 4305 erga
386 4240 474 4302 quam
496 4222 649 4286 notissima
672 4230 719 4286 est
740 4224 868 4286 omnium
888 4223 1082 4288 Orientalium
1102 4226 1215 4305 pietas,
1237 4225 1415 4306 praesertim
1429 4225 1645 4290 Jacobitarum:

286 4322 337 4402 qui
360 4329 482 4402 praeter
503 4319 678 4403 frequentes
701 4322 738 4385 ad
761 4340 825 4384 eam
848 4323 878 4385 iu
901 4323 966 4404 ipsa
989 4324 1123 4407 Liturgia
1146 4325 1317 4403 orationes,
1345 4325 1513 4406 singulares
1541 4325 1647 4388 multas

285 4419 415 4498 hahent,
439 4423 468 4482 in
490 4420 567 4483 libro
591 4422 642 4504 qui
664 4439 741 4486 voce
770 4421 886 4486 Graeca
909 4423 1070 4486 lheotohr'a
1092 4422 1273 4504 appellatur,
1297 4424 1383 4505 quasi
1410 4424 1510 4505 hymni
1534 4443 1551 4487 a
1572 4425 1648 4488 Dei-

286 4535 400 4602 param.
444 4520 534 4583 Extat
556 4521 607 4584 ille
630 4523 660 4584 in
681 4520 865 4584 bibliotheca
888 4520 983 4605 Regia
1013 4520 1139 4604 Coptica
1170 4529 1200 4584 ει
1226 4521 1375 4602 Arabiae,
1409 4533 1646 4605 recenseturque

287 4619 324 4682 ab
347 4619 523 4686 Ahulhircat
544 4622 623 4683 inter
646 4621 719 4686 alios
742 4621 836 4685 libros
858 4621 1099 4684 Ecclesiasticus.
1142 4621 1253 4685 Multae
1276 4640 1396 4703 quoque
1418 4623 1504 4706 hujus
1524 4625 1646 4707 generis

288 4718 479 4784 continentur
501 4720 530 4783 in
552 4719 686 4804 hiturgia
708 4720 905 4802 Aethiopica,
929 4738 1005 4801 quae
1028 4740 1094 4784 curo
1118 4720 1240 4784 Conone
1263 4719 1404 4785 Generoli
1430 4731 1501 4803 post
1529 4723 1647 4786 Novum

287 4819 511 4883 Testamentum
533 4817 644 4883 Romae
669 4819 747 4884 edita
770 4827 830 4896 est;
853 4829 1038 4902 vocaturque
1061 4821 1174 4884 idcirco
1196 4819 1335 4902 Litorqio
1360 4831 1484 4884 ιαιιειαε
1510 4821 1647 4885 Marica:

287 4917 392 4999 plures
414 4920 444 4980 in
465 4919 542 4983 libro
564 4918 726 5000 singulari,
756 4938 844 5000 quem
873 4927 983 4984 vocant
1012 4917 1182 5000 Orqcnam:
1214 4927 1244 4982 et
1273 4921 1303 4982 in
1330 4919 1462 4984 breviori
1484 4921 1648 4986 secundum

288 5015 493 5082 hebdomadae
515 5019 581 5083 dies
604 5019 766 5100 disposito,
790 5021 875 5101 cujus
898 5025 1000 5082 extant
1014 5019 1097 5080 varia
1110 5019 1549 5100 exemplariainllibliotheois.
1584 5021 1649 5084 Ne-

290 5134 348 5198 que
370 5117 465 5180 oilleio
487 5137 543 5183 suo
570 5118 679 5182 desunt
706 5119 893 5198 Nestoriani,
919 5118 1054 5200 quamvis
1081 5117 1204 5182 Mariam
1232 5128 1346 5203 negent
1375 5139 1444 5184 esse
1473 5122 1648 5204 Deiparam3

328 5255 444 5332 uret
890 5281 893 5287 ·
1393 5239 1443 5314 ιε
