4760 6038
623 481 1310 594 snrorronnooarr.
1604 489 1656 562 ar

173 753 175 768 ‚
278 683 311 746 et
335 672 444 765 gloria
471 667 605 766 plenmn
632 679 704 760 est,
732 669 820 764 quod
846 690 910 742 nos
939 689 1056 745 omnes
1084 675 1246 766 consequi
1272 694 1466 768 speramuS,
1501 695 1564 770 per
1593 677 1656 745 in-

217 821 222 840 ·
277 790 516 860 tarcessioncm
543 789 709 860 Dominae
736 787 881 858 omnium
906 797 1078 877 nostrum,
1104 798 1240 860 sanctae
1259 791 1430 878 genitricis
1443 791 1528 880 Dei,
1557 814 1655 865 sem-

275 926 402 1000 perque
428 902 579 994 Virginis
606 901 752 973 Mariae:
786 911 820 973 et
855 911 997 995 quatuor
1026 901 1210 974 lucidorum
1243 902 1438 992 Michaelis,
1474 903 1654 996 Gabrielis,

277 1018 475 1115 Raphaelis,
503 1028 536 1091 et
562 1007 721 1090 Surielis':
749 1027 783 1088 et
810 1027 951 1112 quatuor
977 1019 1164 1119 animalium
1198 1022 1491 1114 incorporeorum:
1525 1029 1559 1092 et
1591 1025 1654 1094 vi-

279 1139 360 1228 ginti
396 1144 538 1229 quatuor
571 1132 874 1228 Presbyterornm,
911 1129 1091 1206 Cherubim
1126 1143 1160 1205 et
1192 1133 1388 1230 Seraphim,
1425 1146 1460 1207 et
1495 1135 1655 1210 Ordinum

277 1251 490 1324 coelestium:
517 1259 551 1320 et
576 1271 638 1344 per
666 1251 836 1320 orationes
858 1247 1124 1321 Patriarcharnm
1152 1260 1185 1321 et
1203 1249 1460 1346 Prophetarum:
1487 1251 1653 1325 loannis-

276 1367 464 1462 Baptistae,
492 1374 526 1435 et
548 1375 679 1435 centum
700 1363 919 1459 quadraginta
943 1373 1084 1460 quatuor
1101 1362 1253 1454 millium,
1283 1365 1491 1437 dominorum
1508 1377 1653 1439 nostro-

275 1505 348 1554 rum
365 1479 626 1575 Apostolorum,
654 1488 687 1550 ct
705 1481 802 1574 primi
816 1481 1042 1584 Diaconorum
1058 1479 1235 1576 Stephani:
1263 1491 1297 1552 et
1317 1482 1358 1554 D.
1377 1481 1483 1575 Regis
1502 1481 1653 1576 Georgii,

276 1599 376 1668 totius
404 1592 497 1667 chori
522 1606 722 1690 martyrum,
751 1605 785 1666 et
811 1593 904 1668 chori
931 1599 1278 1689 crucesignatorum,
1305 1601 1452 1694 piorum,
1475 1598 1654 1690 justorum,

275 1715 442 1806 virginum
476 1711 694 1807 prudentum,
728 1723 763 1784 et
793 1735 983 1808 puerorum.
1045 1711 1239 1784 Benedictio
1278 1713 1403 1806 Angeli
1443 1714 1507 1786 diei
1542 1703 1653 1787 istius:

274 1827 465 1900 benedictio
494 1826 672 1901 Genitricis
699 1829 764 1900 Dei
798 1827 945 1901 Sanctae
977 1827 1106 1899 llariae
1141 1839 1304 1923 patronae
1337 1830 1432 1902 istius
1464 1827 1654 1922 Ecclesiae,

276 1955 309 2016 et
333 1942 428 2035 hujus
446 1944 512 2016 diei
530 1965 595 2040 quo
611 1945 684 2036 ejus
703 1947 865 2016 memoria
881 1940 1084 2016 celebratur:
1106 1942 1356 2016 henedictiones
1374 1965 1487 2015 eornm
1504 1956 1654 2036 sanctae,

275 2063 428 2152 gratiae,
454 2063 613 2150 virtutes,
641 2060 750 2150 dona,
778 2061 922 2152 auxilia,
949 2061 1108 2155 patientia
1134 2068 1168 2131 et
1194 2063 1316 2131 caritas
1344 2081 1478 2150 eornm,
1505 2063 1570 2133 sint
1584 2084 1655 2135 no-

275 2173 406 2248 hiscum
432 2197 539 2271 usquc
565 2179 599 2247 in
626 2175 806 2248 saeculum.
860 2177 979 2252 Amen.

644 2446 730 2517 Alio
758 2446 880 2516 Oratio
909 2445 1109 2516 Gratiarum
1135 2448 1292 2517 actionis.

382 2647 514 2748 Gratias
524 2652 654 2742 agimus
664 2650 722 2724 tibi
731 2651 957 2724 Paternoster
966 2662 1082 2724 sancte
1098 2653 1324 2746 omnipotens,
1340 2653 1452 2722 omnia
1464 2658 1655 2746 praestans,
1692 2721 1700 2738 ,

276 2775 413 2839 creator
440 2769 606 2857 omnium,
634 2771 689 2862 qui
717 2766 836 2839 dedisti
862 2764 961 2840 nohis
978 2767 1064 2838 hunc
1090 2766 1199 2840 cibum
1223 2777 1394 2857 sanctum,
1421 2765 1654 2854 immortalem,

273 2885 473 2979 mysticnm3
502 2885 557 2976 qui
585 2885 741 2978 aperuisti
768 2883 866 2955 nohis
893 2885 983 2956 viam
1013 2887 1120 2973 vitae,
1147 2886 1203 2977 qni
1230 2882 1404 2955 ostendisti
1429 2881 1528 2955 nohis
1547 2885 1655 2956 serni-

274 3010 346 3071 tam
372 3021 437 3093 qua
464 2997 722 3072 ascenderemus
750 2998 792 3070 ad
819 2998 972 3089 coelum,
1000 3003 1054 3094 qui
1081 2999 1221 3092 largitus
1253 3021 1291 3073 es
1324 3001 1435 3073 servis
1466 3002 1530 3070 tuis
1564 2998 1655 3069 mul-

274 3112 445 3185 titudinem
460 3113 641 3186 bonorum:
657 3124 706 3205 tu,
722 3116 866 3204 Domino
880 3112 969 3186 bone
983 3125 1113 3186 amator
1127 3115 1314 3204 hominum,
1330 3137 1498 3188 conserva
1512 3118 1655 3216 gratiam

276 3228 357 3299 doni
384 3230 429 3298 tui
456 3231 490 3299 in
515 3228 633 3320 nohis,
660 3241 695 3302 ut
721 3253 789 3303 non
817 3233 861 3306 sit
886 3230 984 3303 nobis
1013 3232 1056 3303 ad
1083 3230 1407 3319 condemnationem,
1436 3231 1497 3304 sed
1524 3234 1567 3305 sit
1591 3253 1656 3303 re-

275 3345 393 3437 quies,
420 3342 550 3436 gloria,
579 3348 751 3440 acquisitio
779 3350 890 3440 vitae,
918 3347 1123 3420 confirmatio
1152 3351 1283 3419 animae
1310 3355 1343 3417 ot
1369 3349 1494 3442 puritas
1509 3351 1656 3442 corpori,

275 3467 312 3529 ut
342 3459 498 3530 vivamus
525 3463 560 3531 in
587 3471 638 3552 te,
666 3473 699 3533 et
727 3461 965 3558 adimpleamus
989 3467 1149 3556 justitiam
1176 3464 1264 3534 omni
1291 3472 1461 3557 tempore:
1488 3473 1524 3535 ut
1544 3463 1656 3556 glori-

277 3573 398 3644 ficetur
425 3596 548 3648 nornen
575 3584 663 3649 tuum
691 3579 726 3649 in
751 3579 871 3668 nobis,
899 3591 933 3652 et
958 3578 1015 3652 tibi
1044 3580 1182 3653 debetur
1207 3576 1333 3668 lionor,
1360 3575 1488 3670 gloria,
1517 3587 1580 3650 etc.
