4686 6060
828 592 1364 673 hhllllhllDlllNO.
1708 590 1782 664 395

400 803 531 874 corum,
559 791 592 854 et
617 785 777 857 univorsa
805 781 903 880 plebs
930 779 1168 856 osculabuntur
1202 801 1336 852 manum
1363 782 1455 871 ejus,
1487 779 1585 874 eique
1612 779 1783 875 adpreca-

404 897 542 988 huntur,
568 891 605 970 nt
630 897 724 972 Deus
757 897 848 971 illum
874 899 958 996 ipsis
989 897 1140 993 perficiat
1164 905 1336 993 pastorem
1362 891 1504 984 honum,
1544 903 1579 966 et
1608 913 1672 988 per
1707 916 1782 966 eum

404 1016 499 1108 ipsos
527 1036 660 1109 quoquo
686 1015 845 1111 perficiat.
873 1013 930 1087 Ad
955 1013 1055 1085 tinem
1081 1011 1256 1105 Litnrgiae
1282 1013 1407 1107 primus
1434 1012 1508 1105 ipse
1527 1009 1783 1082 communicabit

406 1131 513 1202 sacris
539 1133 709 1226 mysteriis
742 1141 777 1203 et
809 1129 883 1202 aliis
910 1129 1063 1202 omnihus
1086 1131 1184 1220 juxta
1212 1127 1360 1200 ordinem
1395 1148 1490 1198 suum
1517 1129 1784 1200 communionem

407 1242 591 1332 distribuet,
619 1245 822 1341 dimittetque
849 1265 910 1317 eos
937 1266 1123 1340 cumpace
1151 1253 1184 1315 et
1209 1241 1453 1315 benedictione.
1765 1249 1770 1258 '

510 1359 631 1433 Fusius
658 1361 759 1457 paulo
787 1360 940 1433 eamdem
966 1357 1194 1434 ἀκολουθίαν
1220 1361 1294 1431 sive
1309 1357 1442 1430 Rituum
1470 1356 1514 1429 ad
1532 1355 1783 1430 Ordinationem
1831 1359 2105 1414 naaamexnmnn-

344 1565 349 1579 ι
406 1473 621 1547 Patriarchae
647 1474 806 1566 formam,
832 1474 938 1547 refert
962 1474 1170 1548 Ahulhircat.
1222 1474 1335 1545 Primo
1363 1469 1544 1564 observat,
1579 1481 1615 1545 ut
1647 1475 1677 1546 si
1705 1473 1782 1544 ele·
1797 1454 1845 1500 ω’·

407 1600 480 1662 ctus
506 1589 607 1663 hrerit
634 1613 680 1663 ex
706 1591 824 1664 ordine
852 1591 1091 1681 saecularium,
1130 1599 1229 1684 atque
1264 1589 1349 1662 adeo
1382 1588 1605 1662 Monasticum
1636 1588 1784 1662 habitum

408 1715 506 1777 antea
532 1727 600 1778 non
627 1709 829 1803 susceperit,
856 1705 1046 1778 celebretur
1072 1727 1154 1798 erga
1182 1727 1273 1795 eum,
1301 1705 1450 1778 Officium
1466 1707 1630 1800 integrum
1653 1704 1784 1777 hahitus

407 1821 613 1916 imponendi,
646 1845 719 1895 cum
756 1823 961 1896 orationihus
996 1824 1183 1912 consuetis,
1224 1825 1500 1918 imponanturque
1534 1824 1600 1917 ipsi
1631 1821 1785 1913 singulae

407 1935 584 2010 schematis
612 1959 674 2012 sen
699 1935 830 2010 habitus
857 1939 1012 2030 Angehoi
1036 1947 1171 2034 partes,
1199 1941 1245 2010 ita
1272 1941 1359 2010 enim
1385 1946 1510 2010 vocant
1534 1936 1784 2030 Religiosorum

403 2060 519 2125 vestes
546 2073 682 2140 sacras,
710 2053 752 2125 de
779 2052 897 2148 quihus
925 2063 1018 2126 extat
1044 2054 1136 2127 Ordo
1165 2053 1342 2146 singularis
1369 2055 1403 2124 in
1430 2054 1574 2127 diversis
1601 2050 1783 2126 Codioihus

404 2167 486 2240 lllss.
512 2165 722 2261 Expectatur
748 2169 867 2241 deinde
893 2173 1048 2266 proxima
1076 2170 1148 2246 dies
1183 2169 1375 2261 Dominica,
1412 2179 1509 2241 extra
1543 2191 1641 2264 quam
1675 2167 1783 2240 Ordi-

400 2285 557 2356 nationes
583 2281 699 2355 faoero
725 2307 794 2356 non
821 2285 914 2359 licet:
942 2297 1057 2381 atque,
1084 2297 1120 2359 ot
1147 2295 1281 2361 autores
1308 2285 1525 2376 altinonam,
1552 2307 1595 2357 eo
1623 2286 1784 2379 temporis

404 2397 604 2488 intervallo,
631 2401 660 2470 si
686 2399 744 2506 vel
771 2402 914 2498 simplex
939 2401 1124 2476 Monachus
1152 2411 1223 2493 est,
1258 2411 1294 2474 ut
1326 2401 1417 2474 multi
1452 2411 1530 2473 tunc
1565 2411 1662 2472 erant
1692 2400 1783 2480 nullo

408 2511 534 2586 Ordine
565 2513 803 2590 Ecclesiastico
838 2520 1001 2610 insigniti,
1030 2519 1145 2614 quales
1171 2516 1320 2614 plerique
1351 2513 1530 2618 tyxltowi
1556 2537 1617 2590 seu
1643 2515 1786 2586 Reclaoa'

408 2649 492 2724 quos
519 2629 630 2703 Hadia
655 2643 798 2723 vocant,
826 2644 924 2706 extra
942 2634 1107 2707 coenobia
1127 2638 1162 2707 in
1175 2634 1279 2708 Gellis
1299 2635 1474 2723 viventes,
1500 2643 1578 2704 tuno
1593 2630 1782 2727 incipiendo

407 2744 659 2835 aDiaconatu,
685 2769 796 2821 novus
824 2748 950 2824 electrrs
978 2751 1212 2841 ordinabatur,
1247 2754 1292 2824 ita
1320 2761 1355 2821 ut
1390 2761 1467 2822 ante
1501 2749 1589 2821 diem
1623 2750 1782 2820 Domini-
1864 2789 1869 2806 x

406 2882 480 2934 cam
507 2864 662 2954 proxima
689 2875 902 2959 sequentem,
931 2865 974 2939 ad
1000 2867 1189 2960 Hegumeni
1216 2868 1291 2941 sive
1317 2865 1605 2939 Archimandritae
1633 2865 1783 2957 dignita-,-

406 2987 473 3049 tem
499 2991 767 3070 promoveretur.
821 2979 906 3054 Oum
933 2981 1095 3056 destinata
1123 2983 1194 3058 dies
1219 2981 1328 3056 illuxit
1354 2982 1477 3075 ligatus
1504 2981 1715 3076 deportatur,
1742 2976 1785 3048 ad

406 3089 595 3165 Ecclesiam
621 3092 657 3166 S.
684 3095 809 3188 Marci,
845 3097 902 3170 uhi
937 3102 1140 3173 conveniunt
1171 3121 1288 3194 omnes
1319 3096 1483 3195 Episcopi
1514 3107 1549 3169 et
1579 3097 1783 3169 saeculares.

406 3207 489 3282 Post
516 3207 688 3284 Oanonem
714 3213 926 3286 Psalmodiae
954 3215 1171 3310 completum,
1197 3214 1261 3287 hoc
1289 3225 1342 3288 est
1368 3213 1517 3287 Officium
1535 3204 1616 3284 'diet
1641 3211 1784 3283 illotuti-

406 3345 506 3413 num,
544 3327 658 3422 incipit
698 3326 859 3422 Litnrgia.
924 3329 1090 3405 Absoluta
1134 3333 1370 3426 scripturarum
1408 3329 1570 3417 lectione,
1609 3326 1784 3399 solvrmtur

405 3441 540 3512 vincula
568 3441 686 3536 quihus
713 3444 839 3518 electris
866 3448 1121 3540 constringitur:
1149 3446 1307 3519 diversae
1334 3455 1444 3518 autem
1459 3445 1639 3517 Lectiones
1654 3443 1783 3514 veteris

406 3557 554 3650 novique
582 3557 785 3633 Testamenti
811 3560 983 3655 leguntur,
1008 3565 1137 3659 partitis
1164 3561 1386 3635 hunctionihus
1412 3565 1498 3632 inter
1522 3558 1715 3654 Episcopos
1752 3566 1785 3627 et

408 3671 621 3744 Sacerdotes.
673 3673 782 3748 Finita
809 3677 955 3751 lectione
980 3679 1123 3751 Actuum
1142 3677 1397 3773 Apostolorum,
1422 3675 1688 3750 Archidiaconus
1716 3672 1783 3744 ad-

407 3798 510 3860 vocat
535 3787 747 3886 Episcopos,
775 3796 830 3887 qui
858 3793 901 3866 ad
927 3794 1033 3866 altare
1060 3795 1240 3883 accedunt,
1267 3803 1301 3865 et
1327 3796 1361 3865 in
1378 3794 1566 3865 sanctuario
1581 3791 1691 3863 locum
1719 3813 1785 3860 ca-

407 3906 512 4000 piunt,
533 3909 635 3998 'Juxta
662 3929 745 3980 suae
764 3907 990 3983 Ordinationis
1017 3912 1252 4006 antiquitatem.
1292 3909 1489 3982 Advocatur
1510 3907 1630 3979 deindo
1647 3907 1785 3997 electus,

409 4023 465 4114 qui
493 4043 512 4092 a
539 4018 669 4095 duobus
696 4023 937 4100 Sacerdotibus
964 4049 1011 4099 ex
1035 4036 1176 4122 utraque
1190 4037 1287 4122 parte
1306 4047 1383 4098 eum
1398 4023 1585 4097 tenentibus
1603 4021 1785 4109 adducitur,

408 4136 482 4210 solo
511 4137 667 4211 stichario
693 4139 825 4214 indutus
851 4149 886 4214 et
910 4141 1045 4215 mantile
1072 4146 1162 4215 circa
1188 4142 1309 4214 collum
1323 4139 1467 4229 hahens,
1494 4141 1604 4234 capite
1618 4140 1784 4211 inchoato.

407 4251 612 4326 Sacerdotes
638 4255 823 4349 procedunt
844 4262 942 4350 Juxta
970 4259 1120 4331 ordinem
1147 4281 1258 4332 suum:
1286 4270 1352 4330 turn
1387 4259 1549 4351 antiquior
1580 4253 1781 4350 Episcopus,

406 4367 631 4464 praecedente
663 4369 931 4474 Archidiacono,
966 4377 1022 4470 qui
1054 4386 1166 4468 gestat
1200 4375 1351 4447 codicem
1384 4371 1664 4464 Evangeliorum:
1701 4367 1784 4440 alius

407 4484 578 4557 Sacerdos
604 4484 671 4557 fert
696 4489 883 4562 incensum:
910 4499 1093 4585 sequuntur
1119 4491 1292 4563 ordinatim
1318 4488 1479 4577 Diaconi,
1506 4510 1581 4559 cum
1617 4484 1783 4573 omnihus,

405 4600 587 4701 psallentes
614 4621 729 4674 coram
754 4603 944 4696 Evangelio
972 4615 1105 4679 sancto:
1134 4627 1316 4701 omnesque
1350 4603 1571 4699 procumbunt
1603 4611 1636 4673 et
1667 4621 1782 4672 vene-

406 4725 522 4788 rantur
549 4716 664 4790 altare.
717 4718 906 4816 Episcopus
933 4733 1168 4810 consecrator,
1197 4722 1284 4795 dicta
1301 4723 1453 4793 oratione
1472 4716 1662 4810 Evangelii,
1692 4715 1782 4788 alta-

406 4835 503 4928 rique
529 4833 687 4922 salutato,
715 4835 812 4908 sedet
846 4857 948 4932 snper
981 4835 1150 4928 thronm,
1182 4838 1248 4909 hoc
1281 4846 1334 4910 cst
1366 4835 1481 4908 sedem
1512 4829 1783 4918 Patriarchalem,
1855 4845 1858 4848 ·

409 4970 593 5045 omnesque
620 4947 782 5045 Episcopi
806 4949 882 5023 hinc
909 4961 943 5023 et
968 4953 1045 5024 inde
1077 4952 1252 5025 consident
1273 4957 1371 5046 juxta
1399 4949 1547 5024 ordinem
1575 4969 1684 5023 suum:
1712 4947 1783 5018 Sa-

409 5063 564 5137 cerdotes
592 5074 626 5136 et
651 5066 794 5138 Diaconi
821 5070 1005 5140 consistunt
1030 5071 1064 5140 in
1088 5067 1166 5142 loeo
1193 5067 1360 5158 inferiori,
1386 5077 1422 5141 ut
1449 5069 1547 5139 etiam
1571 5062 1698 5137 electus
1724 5061 1783 5134 i-

447 5198 561 5244 Tomnst
1526 5183 1575 5256 66
