<?xml version="1.0" encoding="UTF-8"?>
<!DOCTYPE html PUBLIC "-//W3C//DTD XHTML 1.0 Transitional//EN"
    "http://www.w3.org/TR/xhtml1/DTD/xhtml1-transitional.dtd">
<html xmlns="http://www.w3.org/1999/xhtml" xml:lang="en" lang="en">
 <head>
  <title>
</title>
<meta http-equiv="Content-Type" content="text/html;charset=utf-8" />
  <meta name='ocr-system' content='tesseract 3.04.00' />
  <meta name='ocr-capabilities' content='ocr_page ocr_carea ocr_par ocr_line ocrx_word'/>
</head>
<body>
  <div class='ocr_page' id='page_1' title='image "./liturgiarumorie03renagoog_0365.png"; bbox 0 0 4680 6044; ppageno 0'>
   <div class='ocr_carea' id='block_1_1' title="bbox 776 635 1794 714">
    <p class='ocr_par' dir='ltr' id='par_1_1' title="bbox 776 635 1794 714">
     <span class='ocr_line' id='line_1_1' title="bbox 776 635 1794 714; baseline 0.006 -5"><span class='ocrx_word' id='word_1_1' title='bbox 776 637 852 710; x_wconf 83' lang='lat'><strong>202</strong></span> <span class='ocrx_word' id='word_1_2' title='bbox 1253 635 1660 714; x_wconf 77' lang='lat' dir='ltr'>COMMENTARIUS</span> <span class='ocrx_word' id='word_1_3' title='bbox 1791 651 1794 656; x_wconf 85' lang='lat'>&#39;</span> 
     </span>
    </p>
   </div>
   <div class='ocr_carea' id='block_1_2' title="bbox 774 820 2141 1281">
    <p class='ocr_par' dir='ltr' id='par_1_2' title="bbox 774 820 2141 1281">
     <span class='ocr_line' id='line_1_2' title="bbox 775 820 2139 905; baseline 0.005 -22"><span class='ocrx_word' id='word_1_4' title='bbox 775 838 837 883; x_wconf 93' lang='lat' dir='ltr'><strong>non</strong></span> <span class='ocrx_word' id='word_1_5' title='bbox 859 820 964 901; x_wconf 84' lang='lat' dir='ltr'><strong>liquet,</strong></span> <span class='ocrx_word' id='word_1_6' title='bbox 987 829 1038 884; x_wconf 87' lang='lat' dir='ltr'><strong>aut</strong></span> <span class='ocrx_word' id='word_1_7' title='bbox 1059 823 1233 905; x_wconf 88' lang='lat' dir='ltr'><strong>suspicandi</strong></span> <span class='ocrx_word' id='word_1_8' title='bbox 1254 822 1340 886; x_wconf 89' lang='lat' dir='ltr'><strong>locus</strong></span> <span class='ocrx_word' id='word_1_9' title='bbox 1364 829 1419 884; x_wconf 88' lang='lat' dir='ltr'><strong>est.</strong></span> <span class='ocrx_word' id='word_1_10' title='bbox 1462 821 1674 884; x_wconf 72' lang='lat' dir='ltr'><strong>teramnae</strong></span> <span class='ocrx_word' id='word_1_11' title='bbox 1702 820 1860 885; x_wconf 80' lang='lat' dir='ltr'><strong>difficultas</strong></span> <span class='ocrx_word' id='word_1_12' title='bbox 1888 823 1976 886; x_wconf 88' lang='lat' dir='ltr'><strong>iacile</strong></span> <span class='ocrx_word' id='word_1_13' title='bbox 1998 825 2139 890; x_wconf 86' lang='lat' dir='ltr'><strong>solvitur:</strong></span> 
     </span>
     <span class='ocr_line' id='line_1_3' title="bbox 774 919 2140 1006; baseline 0.005 -24"><span class='ocrx_word' id='word_1_14' title='bbox 774 939 843 983; x_wconf 84' lang='lat' dir='ltr'><strong>narn</strong></span> <span class='ocrx_word' id='word_1_15' title='bbox 865 920 1025 983; x_wconf 71' lang='lat' dir='ltr'><strong>Orationes</strong></span> <span class='ocrx_word' id='word_1_16' title='bbox 1046 922 1078 982; x_wconf 90' lang='lat' dir='ltr'><strong>in</strong></span> <span class='ocrx_word' id='word_1_17' title='bbox 1101 921 1233 984; x_wconf 86' lang='lat' dir='ltr'><strong>codicem</strong></span> <span class='ocrx_word' id='word_1_18' title='bbox 1257 921 1465 1001; x_wconf 74' lang='lat' dir='ltr'><strong>transcriptae,</strong></span> <span class='ocrx_word' id='word_1_19' title='bbox 1490 936 1550 981; x_wconf 93' lang='lat' dir='ltr'><strong>non</strong></span> <span class='ocrx_word' id='word_1_20' title='bbox 1572 937 1677 982; x_wconf 90' lang='lat' dir='ltr'><strong>omnes</strong></span> <span class='ocrx_word' id='word_1_21' title='bbox 1700 919 1849 1000; x_wconf 91' lang='lat' dir='ltr'><strong>dicuutur,</strong></span> <span class='ocrx_word' id='word_1_22' title='bbox 1876 923 1931 985; x_wconf 88' lang='lat' dir='ltr'><strong>sed</strong></span> <span class='ocrx_word' id='word_1_23' title='bbox 1956 922 2032 987; x_wconf 88' lang='lat' dir='ltr'><strong>aliae</strong></span> <span class='ocrx_word' id='word_1_24' title='bbox 2055 933 2140 1006; x_wconf 86' lang='lat' dir='ltr'><strong>atque</strong></span> 
     </span>
     <span class='ocr_line' id='line_1_4' title="bbox 775 1013 2140 1104; baseline 0.004 -22"><span class='ocrx_word' id='word_1_25' title='bbox 775 1019 862 1095; x_wconf 86' lang='lat' dir='ltr'><strong>aliae,</strong></span> <span class='ocrx_word' id='word_1_26' title='bbox 885 1037 941 1100; x_wconf 91' lang='lat' dir='ltr'><strong>pro</strong></span> <span class='ocrx_word' id='word_1_27' title='bbox 964 1025 1131 1102; x_wconf 88' lang='lat' dir='ltr'><strong>temporum</strong></span> <span class='ocrx_word' id='word_1_28' title='bbox 1153 1021 1335 1084; x_wconf 88' lang='lat' dir='ltr'><strong>diversitate.</strong></span> <span class='ocrx_word' id='word_1_29' title='bbox 1356 1019 1460 1099; x_wconf 88' lang='lat' dir='ltr'><strong>ltaque</strong></span> <span class='ocrx_word' id='word_1_30' title='bbox 1483 1020 1593 1081; x_wconf 87' lang='lat' dir='ltr'><strong>eliste</strong></span> <span class='ocrx_word' id='word_1_31' title='bbox 1616 1013 1828 1104; x_wconf 73' lang='lat' dir='ltr'><strong>Hpade&#39;cewc,</strong></span> <span class='ocrx_word' id='word_1_32' title='bbox 1859 1029 1889 1083; x_wconf 92' lang='lat' dir='ltr'><strong>et</strong></span> <span class='ocrx_word' id='word_1_33' title='bbox 1917 1022 1995 1084; x_wconf 85' lang='lat' dir='ltr'><strong>aliae</strong></span> <span class='ocrx_word' id='word_1_34' title='bbox 2026 1024 2140 1104; x_wconf 88' lang='lat' dir='ltr'><strong>positae</strong></span> 
     </span>
     <span class='ocr_line' id='line_1_5' title="bbox 774 1116 2141 1204; baseline 0.006 -26"><span class='ocrx_word' id='word_1_35' title='bbox 774 1116 851 1180; x_wconf 88' lang='lat' dir='ltr'><strong>locis</strong></span> <span class='ocrx_word' id='word_1_36' title='bbox 884 1136 946 1182; x_wconf 92' lang='lat' dir='ltr'><strong>non</strong></span> <span class='ocrx_word' id='word_1_37' title='bbox 980 1120 1060 1200; x_wconf 89' lang='lat' dir='ltr'><strong>suis,</strong></span> <span class='ocrx_word' id='word_1_38' title='bbox 1090 1119 1263 1182; x_wconf 77' lang='lat' dir='ltr'><strong>recitandae</strong></span> <span class='ocrx_word' id='word_1_39' title='bbox 1293 1126 1365 1182; x_wconf 92' lang='lat' dir='ltr'><strong>sunt</strong></span> <span class='ocrx_word' id='word_1_40' title='bbox 1381 1119 1469 1204; x_wconf 79' lang='lat' dir='ltr'><strong>juxta</strong></span> <span class='ocrx_word' id='word_1_41' title='bbox 1504 1135 1690 1180; x_wconf 89' lang='lat' dir='ltr'><strong>conununem</strong></span> <span class='ocrx_word' id='word_1_42' title='bbox 1719 1117 1870 1182; x_wconf 86' lang='lat' dir='ltr'><strong>ordinem:</strong></span> <span class='ocrx_word' id='word_1_43' title='bbox 1901 1139 2002 1202; x_wconf 88' lang='lat' dir='ltr'><strong>neque</strong></span> <span class='ocrx_word' id='word_1_44' title='bbox 2032 1122 2141 1186; x_wconf 84' lang='lat' dir='ltr'><strong>diversi</strong></span> 
     </span>
     <span class='ocr_line' id='line_1_6' title="bbox 775 1215 1084 1281; baseline 0.013 -3"><span class='ocrx_word' id='word_1_45' title='bbox 775 1215 852 1278; x_wconf 89' lang='lat' dir='ltr'><strong>ritus</strong></span> <span class='ocrx_word' id='word_1_46' title='bbox 875 1217 983 1281; x_wconf 85' lang='lat' dir='ltr'><strong>indicia</strong></span> <span class='ocrx_word' id='word_1_47' title='bbox 1005 1227 1084 1281; x_wconf 91' lang='lat' dir='ltr'><strong>sunt.</strong></span> 
     </span>
    </p>
   </div>
   <div class='ocr_carea' id='block_1_3' title="bbox 450 1302 2141 1497">
    <p class='ocr_par' dir='ltr' id='par_1_3' title="bbox 450 1302 2141 1497">
     <span class='ocr_line' id='line_1_7' title="bbox 502 1302 2141 1401; baseline 0.007 -29"><span class='ocrx_word' id='word_1_48' title='bbox 502 1302 590 1372; x_wconf 77' lang='lat' dir='ltr'><strong>ititm&#39;</strong></span> <span class='ocrx_word' id='word_1_49' title='bbox 607 1321 703 1375; x_wconf 79' lang='lat' dir='ltr'><strong>diversi</strong></span> <span class='ocrx_word' id='word_1_50' title='bbox 729 1323 763 1375; x_wconf 83' lang='lat' dir='ltr'><strong>ad</strong></span> <span class='ocrx_word' id='word_1_51' title='bbox 864 1315 909 1380; x_wconf 88' lang='lat' dir='ltr'><strong>Eo</strong></span> <span class='ocrx_word' id='word_1_52' title='bbox 933 1325 1030 1380; x_wconf 88' lang='lat' dir='ltr'><strong>autem</strong></span> <span class='ocrx_word' id='word_1_53' title='bbox 1053 1318 1208 1401; x_wconf 83' lang='lat' dir='ltr'><strong>Liturgiae</strong></span> <span class='ocrx_word' id='word_1_54' title='bbox 1229 1316 1318 1394; x_wconf 91' lang='lat' dir='ltr'><strong>loco,</strong></span> <span class='ocrx_word' id='word_1_55' title='bbox 1346 1315 1460 1379; x_wconf 87' lang='lat' dir='ltr'><strong>diversi</strong></span> <span class='ocrx_word' id='word_1_56' title='bbox 1488 1315 1563 1376; x_wconf 88' lang='lat' dir='ltr'><strong>ritus</strong></span> <span class='ocrx_word' id='word_1_57' title='bbox 1586 1324 1709 1380; x_wconf 89' lang='lat' dir='ltr'><strong>veteres</strong></span> <span class='ocrx_word' id='word_1_58' title='bbox 1738 1319 1894 1399; x_wconf 91' lang='lat' dir='ltr'><strong>proprium</strong></span> <span class='ocrx_word' id='word_1_59' title='bbox 1920 1318 2021 1384; x_wconf 90' lang='lat' dir='ltr'><strong>locum</strong></span> <span class='ocrx_word' id='word_1_60' title='bbox 2049 1318 2141 1384; x_wconf 87' lang='lat' dir='ltr'><strong>babe-</strong></span> 
     </span>
     <span class='ocr_line' id='line_1_8' title="bbox 450 1407 2141 1497; baseline 0.004 -20"><span class='ocrx_word' id='word_1_61' title='bbox 450 1421 507 1460; x_wconf 59' lang='grc' dir='ltr'><strong>Μ</strong></span> <span class='ocrx_word' id='word_1_62' title='bbox 516 1407 647 1478; x_wconf 71' lang='lat' dir='ltr'><strong>liturgiae</strong></span> <span class='ocrx_word' id='word_1_63' title='bbox 664 1419 763 1479; x_wconf 63' lang='lat' dir='ltr'><strong>imm</strong></span> <span class='ocrx_word' id='word_1_64' title='bbox 774 1413 864 1489; x_wconf 86' lang='lat' dir='ltr'><strong>bant,</strong></span> <span class='ocrx_word' id='word_1_65' title='bbox 893 1416 945 1496; x_wconf 85' lang='lat' dir='ltr'><strong>qui</strong></span> <span class='ocrx_word' id='word_1_66' title='bbox 977 1416 1087 1480; x_wconf 91' lang='lat' dir='ltr'><strong>dudum</strong></span> <span class='ocrx_word' id='word_1_67' title='bbox 1115 1434 1177 1479; x_wconf 95' lang='lat' dir='ltr'><strong>non</strong></span> <span class='ocrx_word' id='word_1_68' title='bbox 1206 1415 1416 1479; x_wconf 87' lang='lat' dir='ltr'><strong>adscribuntur</strong></span> <span class='ocrx_word' id='word_1_69' title='bbox 1442 1415 1473 1475; x_wconf 92' lang='lat' dir='ltr'><strong>in</strong></span> <span class='ocrx_word' id='word_1_70' title='bbox 1496 1412 1668 1494; x_wconf 77' lang='lat' dir='ltr'><strong>codicibus,</strong></span> <span class='ocrx_word' id='word_1_71' title='bbox 1692 1417 1762 1497; x_wconf 87' lang='lat' dir='ltr'><strong>quia</strong></span> <span class='ocrx_word' id='word_1_72' title='bbox 1785 1417 2014 1484; x_wconf 89' lang='lat' dir='ltr'><strong>obsoleverunt.</strong></span> <span class='ocrx_word' id='word_1_73' title='bbox 2061 1420 2141 1483; x_wconf 80' lang='lat' dir='ltr'><strong>Tunc</strong></span> 
     </span>
    </p>
   </div>
   <div class='ocr_carea' id='block_1_4' title="bbox 450 1491 667 1552">
    <p class='ocr_par' dir='ltr' id='par_1_4' title="bbox 450 1491 667 1552">
     <span class='ocr_line' id='line_1_9' title="bbox 450 1491 667 1552; baseline 0.023 -6"><span class='ocrx_word' id='word_1_74' title='bbox 450 1491 512 1546; x_wconf 85' lang='lat' dir='ltr'><strong>olim</strong></span> <span class='ocrx_word' id='word_1_75' title='bbox 530 1491 667 1552; x_wconf 78' lang='lat' dir='ltr'><strong>observati.</strong></span> 
     </span>
    </p>
   </div>
   <div class='ocr_carea' id='block_1_5' title="bbox 763 1512 2142 3776">
    <p class='ocr_par' dir='ltr' id='par_1_5' title="bbox 763 1512 2142 3776">
     <span class='ocr_line' id='line_1_10' title="bbox 774 1512 2140 1600; baseline 0.004 -24"><span class='ocrx_word' id='word_1_76' title='bbox 774 1515 854 1576; x_wconf 90' lang='lat' dir='ltr'><strong>enim</strong></span> <span class='ocrx_word' id='word_1_77' title='bbox 877 1515 1064 1598; x_wconf 84' lang='lat' dir='ltr'><strong>significabat</strong></span> <span class='ocrx_word' id='word_1_78' title='bbox 1084 1516 1251 1579; x_wconf 80' lang='lat' dir='ltr'><strong>Diaconos:</strong></span> <span class='ocrx_word' id='word_1_79' title='bbox 1274 1513 1320 1577; x_wconf 93' lang='lat' dir='ltr'><strong>Ne</strong></span> <span class='ocrx_word' id='word_1_80' title='bbox 1341 1516 1408 1596; x_wconf 67' lang='lat' dir='ltr'><strong>pars</strong></span> <span class='ocrx_word' id='word_1_81' title='bbox 1429 1533 1470 1574; x_wconf 75' lang='lat' dir='ltr'><strong>ec</strong></span> <span class='ocrx_word' id='word_1_82' title='bbox 1493 1512 1740 1578; x_wconf 80' lang='lat' dir='ltr'><strong>Cateabamenis:</strong></span> <span class='ocrx_word' id='word_1_83' title='bbox 1761 1536 1799 1578; x_wconf 93' lang='lat' dir='ltr'><strong>ne</strong></span> <span class='ocrx_word' id='word_1_84' title='bbox 1813 1519 1881 1598; x_wconf 74' lang='lat' dir='ltr'><strong>pide</strong></span> <span class='ocrx_word' id='word_1_85' title='bbox 1894 1539 1935 1579; x_wconf 76' lang='lat' dir='ltr'><strong>ex</strong></span> <span class='ocrx_word' id='word_1_86' title='bbox 1955 1519 2140 1600; x_wconf 73' lang='lat' dir='ltr'><strong>infidelibus:</strong></span> 
     </span>
     <span class='ocr_line' id='line_1_11' title="bbox 773 1615 2141 1698; baseline 0.004 -23"><span class='ocrx_word' id='word_1_87' title='bbox 773 1633 812 1675; x_wconf 89' lang='lat' dir='ltr'><strong>ne</strong></span> <span class='ocrx_word' id='word_1_88' title='bbox 840 1615 907 1694; x_wconf 80' lang='lat' dir='ltr'><strong>quis</strong></span> <span class='ocrx_word' id='word_1_89' title='bbox 932 1634 972 1675; x_wconf 85' lang='lat' dir='ltr'><strong>ea</strong></span> <span class='ocrx_word' id='word_1_90' title='bbox 999 1615 1176 1676; x_wconf 76' lang='lat' dir='ltr'><strong>haereticis:</strong></span> <span class='ocrx_word' id='word_1_91' title='bbox 1205 1635 1244 1677; x_wconf 88' lang='lat' dir='ltr'><strong>ne</strong></span> <span class='ocrx_word' id='word_1_92' title='bbox 1269 1615 1337 1695; x_wconf 81' lang='lat' dir='ltr'><strong>pais</strong></span> <span class='ocrx_word' id='word_1_93' title='bbox 1366 1619 1474 1675; x_wconf 81' lang='lat' dir='ltr'><strong>cnara</strong></span> <span class='ocrx_word' id='word_1_94' title='bbox 1495 1615 1679 1694; x_wconf 80' lang='lat' dir='ltr'><strong>qnempiam,</strong></span> <span class='ocrx_word' id='word_1_95' title='bbox 1710 1634 1748 1676; x_wconf 90' lang='lat' dir='ltr'><strong>ne</strong></span> <span class='ocrx_word' id='word_1_96' title='bbox 1774 1617 1841 1695; x_wconf 75' lang='lat' dir='ltr'><strong>puts</strong></span> <span class='ocrx_word' id='word_1_97' title='bbox 1869 1619 1901 1678; x_wconf 87' lang='lat' dir='ltr'><strong>in</strong></span> <span class='ocrx_word' id='word_1_98' title='bbox 1921 1617 2090 1698; x_wconf 74' lang='lat' dir='ltr'><strong>ippoertst,</strong></span> <span class='ocrx_word' id='word_1_99' title='bbox 2112 1625 2141 1680; x_wconf 91' lang='lat' dir='ltr'><strong>et</strong></span> 
     </span>
     <span class='ocr_line' id='line_1_12' title="bbox 774 1710 2141 1797; baseline 0.004 -23"><span class='ocrx_word' id='word_1_100' title='bbox 774 1710 832 1774; x_wconf 85' lang='lat' dir='ltr'><strong>alia</strong></span> <span class='ocrx_word' id='word_1_101' title='bbox 855 1730 932 1792; x_wconf 89' lang='lat' dir='ltr'><strong>quae</strong></span> <span class='ocrx_word' id='word_1_102' title='bbox 954 1715 1161 1795; x_wconf 87' lang='lat' dir='ltr'><strong>exprimuntur</strong></span> <span class='ocrx_word' id='word_1_103' title='bbox 1183 1713 1286 1776; x_wconf 93' lang='lat' dir='ltr'><strong>ultimo</strong></span> <span class='ocrx_word' id='word_1_104' title='bbox 1313 1711 1564 1796; x_wconf 77' lang='lat' dir='ltr'><strong>constitutionum</strong></span> <span class='ocrx_word' id='word_1_105' title='bbox 1582 1711 1826 1793; x_wconf 87' lang='lat' dir='ltr'><strong>Apostolicarum</strong></span> <span class='ocrx_word' id='word_1_106' title='bbox 1854 1713 1945 1792; x_wconf 94' lang='lat' dir='ltr'><strong>libro,</strong></span> <span class='ocrx_word' id='word_1_107' title='bbox 1966 1714 2141 1797; x_wconf 86' lang='lat' dir='ltr'><strong>tacobbqne</strong></span> 
     </span>
     <span class='ocr_line' id='line_1_13' title="bbox 774 1809 2141 1896; baseline 0.003 -24"><span class='ocrx_word' id='word_1_108' title='bbox 774 1810 992 1874; x_wconf 89' lang='lat' dir='ltr'><strong>attribuuntur:</strong></span> <span class='ocrx_word' id='word_1_109' title='bbox 1014 1831 1153 1894; x_wconf 88' lang='lat' dir='ltr'><strong>quaeque</strong></span> <span class='ocrx_word' id='word_1_110' title='bbox 1174 1813 1318 1896; x_wconf 85' lang='lat' dir='ltr'><strong>leguntur</strong></span> <span class='ocrx_word' id='word_1_111' title='bbox 1339 1813 1370 1873; x_wconf 92' lang='lat' dir='ltr'><strong>in</strong></span> <span class='ocrx_word' id='word_1_112' title='bbox 1392 1811 1485 1873; x_wconf 87' lang='lat' dir='ltr'><strong>llarci</strong></span> <span class='ocrx_word' id='word_1_113' title='bbox 1509 1809 1634 1889; x_wconf 87' lang='lat' dir='ltr'><strong>Graeca,</strong></span> <span class='ocrx_word' id='word_1_114' title='bbox 1658 1819 1689 1874; x_wconf 89' lang='lat' dir='ltr'><strong>et</strong></span> <span class='ocrx_word' id='word_1_115' title='bbox 1711 1811 1777 1874; x_wconf 89' lang='lat' dir='ltr'><strong>aliis</strong></span> <span class='ocrx_word' id='word_1_116' title='bbox 1799 1811 1953 1895; x_wconf 82' lang='lat' dir='ltr'><strong>liturgiis.</strong></span> <span class='ocrx_word' id='word_1_117' title='bbox 1977 1812 2011 1874; x_wconf 95' lang='lat' dir='ltr'><strong>ln</strong></span> <span class='ocrx_word' id='word_1_118' title='bbox 2035 1813 2141 1896; x_wconf 90' lang='lat' dir='ltr'><strong>Copti-</strong></span> 
     </span>
     <span class='ocr_line' id='line_1_14' title="bbox 773 1910 2141 1994; baseline 0.001 -22"><span class='ocrx_word' id='word_1_119' title='bbox 773 1910 817 1973; x_wconf 91' lang='lat' dir='ltr'><strong>cis</strong></span> <span class='ocrx_word' id='word_1_120' title='bbox 840 1910 952 1973; x_wconf 90' lang='lat' dir='ltr'><strong>nullum</strong></span> <span class='ocrx_word' id='word_1_121' title='bbox 970 1912 1032 1994; x_wconf 86' lang='lat' dir='ltr'><strong>jam</strong></span> <span class='ocrx_word' id='word_1_122' title='bbox 1054 1913 1180 1975; x_wconf 91' lang='lat' dir='ltr'><strong>istorum</strong></span> <span class='ocrx_word' id='word_1_123' title='bbox 1202 1919 1329 1994; x_wconf 88' lang='lat' dir='ltr'><strong>apparet</strong></span> <span class='ocrx_word' id='word_1_124' title='bbox 1351 1910 1526 1992; x_wconf 81' lang='lat' dir='ltr'><strong>vestigium:</strong></span> <span class='ocrx_word' id='word_1_125' title='bbox 1549 1917 1693 1991; x_wconf 85' lang='lat' dir='ltr'><strong>superest</strong></span> <span class='ocrx_word' id='word_1_126' title='bbox 1716 1919 1815 1974; x_wconf 88' lang='lat' dir='ltr'><strong>tamen</strong></span> <span class='ocrx_word' id='word_1_127' title='bbox 1837 1911 1999 1974; x_wconf 88' lang='lat' dir='ltr'><strong>obscurum</strong></span> <span class='ocrx_word' id='word_1_128' title='bbox 2023 1913 2141 1993; x_wconf 84' lang='lat' dir='ltr'><strong>aliquod</strong></span> 
     </span>
     <span class='ocr_line' id='line_1_15' title="bbox 771 2008 2140 2095; baseline 0.002 -23"><span class='ocrx_word' id='word_1_129' title='bbox 771 2010 803 2072; x_wconf 94' lang='lat' dir='ltr'><strong>in</strong></span> <span class='ocrx_word' id='word_1_130' title='bbox 825 2010 962 2095; x_wconf 82' lang='lat' dir='ltr'><strong>liturgia</strong></span> <span class='ocrx_word' id='word_1_131' title='bbox 983 2010 1179 2092; x_wconf 78' lang='lat' dir='ltr'><strong>Aethiopica,</strong></span> <span class='ocrx_word' id='word_1_132' title='bbox 1203 2030 1281 2092; x_wconf 83' lang='lat' dir='ltr'><strong>quae</strong></span> <span class='ocrx_word' id='word_1_133' title='bbox 1310 2010 1430 2073; x_wconf 92' lang='lat' dir='ltr'><strong>dicitur.</strong></span> <span class='ocrx_word' id='word_1_134' title='bbox 1445 2008 1564 2071; x_wconf 88' lang='lat' dir='ltr'><strong>Domini</strong></span> <span class='ocrx_word' id='word_1_135' title='bbox 1592 2010 1689 2072; x_wconf 90' lang='lat' dir='ltr'><strong>nostri</strong></span> <span class='ocrx_word' id='word_1_136' title='bbox 1715 2010 1791 2072; x_wconf 86' lang='lat' dir='ltr'><strong>lesu</strong></span> <span class='ocrx_word' id='word_1_137' title='bbox 1821 2010 1948 2091; x_wconf 85' lang='lat' dir='ltr'><strong>Christi,</strong></span> <span class='ocrx_word' id='word_1_138' title='bbox 1979 2010 2033 2074; x_wconf 92' lang='lat' dir='ltr'><strong>ubi</strong></span> <span class='ocrx_word' id='word_1_139' title='bbox 2061 2014 2140 2075; x_wconf 88' lang='lat' dir='ltr'><strong>circa</strong></span> 
     </span>
     <span class='ocr_line' id='line_1_16' title="bbox 771 2107 2141 2192; baseline 0.001 -19"><span class='ocrx_word' id='word_1_140' title='bbox 771 2109 967 2173; x_wconf 81' lang='lat' dir='ltr'><strong>Pmeiationis</strong></span> <span class='ocrx_word' id='word_1_141' title='bbox 989 2110 1103 2172; x_wconf 91' lang='lat' dir='ltr'><strong>initium</strong></span> <span class='ocrx_word' id='word_1_142' title='bbox 1124 2110 1276 2174; x_wconf 87' lang='lat' dir='ltr'><strong>Diaconus</strong></span> <span class='ocrx_word' id='word_1_143' title='bbox 1301 2108 1381 2172; x_wconf 87' lang='lat' dir='ltr'><strong>dicit.</strong></span> <span class='ocrx_word' id='word_1_144' title='bbox 1426 2107 1462 2170; x_wconf 89' lang='lat' dir='ltr'><strong>Si</strong></span> <span class='ocrx_word' id='word_1_145' title='bbox 1488 2109 1556 2188; x_wconf 80' lang='lat' dir='ltr'><strong>qais</strong></span> <span class='ocrx_word' id='word_1_146' title='bbox 1590 2109 1764 2190; x_wconf 74' lang='lat' dir='ltr'><strong>hypocrisin</strong></span> <span class='ocrx_word' id='word_1_147' title='bbox 1799 2112 1944 2192; x_wconf 77' lang='lat' dir='ltr'><strong>capitacit</strong></span> <span class='ocrx_word' id='word_1_148' title='bbox 1971 2113 2055 2173; x_wconf 84' lang='lat' dir='ltr'><strong>intra</strong></span> <span class='ocrx_word' id='word_1_149' title='bbox 2088 2131 2141 2174; x_wconf 89' lang='lat' dir='ltr'><strong>cor</strong></span> 
     </span>
     <span class='ocr_line' id='line_1_17' title="bbox 771 2206 2141 2289; baseline 0.001 -19"><span class='ocrx_word' id='word_1_150' title='bbox 771 2227 870 2287; x_wconf 86' lang='lat' dir='ltr'><strong>saum,</strong></span> <span class='ocrx_word' id='word_1_151' title='bbox 895 2211 1091 2289; x_wconf 72' lang='lat' dir='ltr'><strong>confiteatur:</strong></span> <span class='ocrx_word' id='word_1_152' title='bbox 1114 2211 1166 2289; x_wconf 84' lang='lat' dir='ltr'><strong>pai</strong></span> <span class='ocrx_word' id='word_1_153' title='bbox 1185 2210 1294 2272; x_wconf 82' lang='lat' dir='ltr'><strong>incidit</strong></span> <span class='ocrx_word' id='word_1_154' title='bbox 1312 2211 1345 2269; x_wconf 84' lang='lat' dir='ltr'><strong>in</strong></span> <span class='ocrx_word' id='word_1_155' title='bbox 1364 2212 1531 2288; x_wconf 86' lang='lat' dir='ltr'><strong>peccatum,</strong></span> <span class='ocrx_word' id='word_1_156' title='bbox 1554 2226 1592 2268; x_wconf 88' lang='lat' dir='ltr'><strong>ne</strong></span> <span class='ocrx_word' id='word_1_157' title='bbox 1613 2206 1812 2270; x_wconf 76' lang='lat' dir='ltr'><strong>obliviscebar</strong></span> <span class='ocrx_word' id='word_1_158' title='bbox 1832 2209 1915 2287; x_wconf 83' lang='lat' dir='ltr'><strong>iliud,</strong></span> <span class='ocrx_word' id='word_1_159' title='bbox 1938 2215 2042 2272; x_wconf 83' lang='lat' dir='ltr'><strong>utnon</strong></span> <span class='ocrx_word' id='word_1_160' title='bbox 2063 2210 2141 2272; x_wconf 87' lang='lat' dir='ltr'><strong>abli-</strong></span> 
     </span>
     <span class='ocr_line' id='line_1_18' title="bbox 767 2300 2142 2390; baseline 0 -20"><span class='ocrx_word' id='word_1_161' title='bbox 767 2309 853 2370; x_wconf 84' lang='lat' dir='ltr'><strong>oioni</strong></span> <span class='ocrx_word' id='word_1_162' title='bbox 873 2309 1023 2372; x_wconf 72' lang='lat' dir='ltr'><strong>badebir.</strong></span> <span class='ocrx_word' id='word_1_163' title='bbox 1059 2307 1120 2383; x_wconf 83' lang='lat' dir='ltr'><strong>Oai</strong></span> <span class='ocrx_word' id='word_1_164' title='bbox 1139 2310 1214 2370; x_wconf 83' lang='lat' dir='ltr'><strong>citio</strong></span> <span class='ocrx_word' id='word_1_165' title='bbox 1236 2308 1337 2388; x_wconf 67' lang='grc' dir='ltr'>αλίᾳιιο</span> <span class='ocrx_word' id='word_1_166' title='bbox 1358 2307 1466 2368; x_wconf 82' lang='lat' dir='ltr'><strong>mentis</strong></span> <span class='ocrx_word' id='word_1_167' title='bbox 1487 2305 1618 2382; x_wconf 88' lang='lat' dir='ltr'><strong>laborat,</strong></span> <span class='ocrx_word' id='word_1_168' title='bbox 1639 2325 1677 2367; x_wconf 90' lang='lat' dir='ltr'><strong>ne</strong></span> <span class='ocrx_word' id='word_1_169' title='bbox 1699 2308 1843 2368; x_wconf 81' lang='lat' dir='ltr'><strong>accedat:</strong></span> <span class='ocrx_word' id='word_1_170' title='bbox 1864 2308 1917 2388; x_wconf 84' lang='lat' dir='ltr'><strong>pai</strong></span> <span class='ocrx_word' id='word_1_171' title='bbox 1928 2300 2071 2386; x_wconf 82' lang='lat' dir='ltr'><strong>pollutus,</strong></span> <span class='ocrx_word' id='word_1_172' title='bbox 2092 2311 2142 2390; x_wconf 81' lang='lat' dir='ltr'><strong>pari</strong></span> 
     </span>
     <span class='ocr_line' id='line_1_19' title="bbox 765 2404 2139 2487; baseline 0.002 -20"><span class='ocrx_word' id='word_1_173' title='bbox 765 2407 905 2486; x_wconf 83' lang='lat' dir='ltr'><strong>impuras</strong></span> <span class='ocrx_word' id='word_1_174' title='bbox 927 2415 986 2484; x_wconf 80' lang='lat' dir='ltr'><strong>est,</strong></span> <span class='ocrx_word' id='word_1_175' title='bbox 1010 2407 1109 2470; x_wconf 65' lang='lat' dir='ltr'><strong>meat.</strong></span> <span class='ocrx_word' id='word_1_176' title='bbox 1154 2407 1200 2470; x_wconf 88' lang='lat' dir='ltr'><strong>Eo</strong></span> <span class='ocrx_word' id='word_1_177' title='bbox 1228 2425 1304 2470; x_wconf 84' lang='lat' dir='ltr'><strong>vero</strong></span> <span class='ocrx_word' id='word_1_178' title='bbox 1335 2405 1504 2469; x_wconf 89' lang='lat' dir='ltr'><strong>testimonio</strong></span> <span class='ocrx_word' id='word_1_179' title='bbox 1534 2405 1602 2485; x_wconf 87' lang='lat' dir='ltr'><strong>cepi</strong></span> <span class='ocrx_word' id='word_1_180' title='bbox 1629 2404 1698 2468; x_wconf 83' lang='lat' dir='ltr'><strong>leve</strong></span> <span class='ocrx_word' id='word_1_181' title='bbox 1724 2406 1830 2469; x_wconf 90' lang='lat' dir='ltr'><strong>saltem</strong></span> <span class='ocrx_word' id='word_1_182' title='bbox 1860 2406 2001 2469; x_wconf 91' lang='lat' dir='ltr'><strong>indicium</strong></span> <span class='ocrx_word' id='word_1_183' title='bbox 2029 2414 2139 2487; x_wconf 88' lang='lat' dir='ltr'><strong>potest,</strong></span> 
     </span>
     <span class='ocr_line' id='line_1_20' title="bbox 767 2502 2139 2586; baseline 0.002 -21"><span class='ocrx_word' id='word_1_184' title='bbox 767 2502 822 2566; x_wconf 85' lang='lat' dir='ltr'><strong>bas</strong></span> <span class='ocrx_word' id='word_1_185' title='bbox 853 2503 1055 2570; x_wconf 88' lang='lat' dir='ltr'><strong>Diaconorum</strong></span> <span class='ocrx_word' id='word_1_186' title='bbox 1086 2505 1349 2584; x_wconf 88' lang='lat' dir='ltr'><strong>obnunciationes‚</strong></span> <span class='ocrx_word' id='word_1_187' title='bbox 1384 2522 1462 2586; x_wconf 87' lang='lat' dir='ltr'><strong>quae</strong></span> <span class='ocrx_word' id='word_1_188' title='bbox 1491 2504 1654 2584; x_wconf 83' lang='lat' dir='ltr'><strong>antiquitus</strong></span> <span class='ocrx_word' id='word_1_189' title='bbox 1685 2521 1858 2572; x_wconf 90' lang='lat' dir='ltr'><strong>communes</strong></span> <span class='ocrx_word' id='word_1_190' title='bbox 1894 2506 1948 2568; x_wconf 89' lang='lat' dir='ltr'><strong>toti</strong></span> <span class='ocrx_word' id='word_1_191' title='bbox 1984 2504 2139 2568; x_wconf 82' lang='lat' dir='ltr'><strong>Ecclesiae</strong></span> 
     </span>
     <span class='ocr_line' id='line_1_21' title="bbox 766 2603 2140 2687; baseline 0 -21"><span class='ocrx_word' id='word_1_192' title='bbox 766 2603 899 2681; x_wconf 85' lang='lat' dir='ltr'><strong>luerunt,</strong></span> <span class='ocrx_word' id='word_1_193' title='bbox 922 2605 952 2666; x_wconf 94' lang='lat' dir='ltr'><strong>in</strong></span> <span class='ocrx_word' id='word_1_194' title='bbox 974 2603 1166 2687; x_wconf 82' lang='lat' dir='ltr'><strong>Aegyptiace</strong></span> <span class='ocrx_word' id='word_1_195' title='bbox 1188 2622 1249 2667; x_wconf 91' lang='lat' dir='ltr'><strong>non</strong></span> <span class='ocrx_word' id='word_1_196' title='bbox 1278 2605 1404 2668; x_wconf 88' lang='lat' dir='ltr'><strong>amissas</strong></span> <span class='ocrx_word' id='word_1_197' title='bbox 1435 2603 1546 2666; x_wconf 87' lang='lat' dir='ltr'><strong>tuisse:</strong></span> <span class='ocrx_word' id='word_1_198' title='bbox 1576 2621 1683 2666; x_wconf 87' lang='lat' dir='ltr'><strong>verum</strong></span> <span class='ocrx_word' id='word_1_199' title='bbox 1717 2623 1784 2666; x_wconf 92' lang='lat' dir='ltr'><strong>cum</strong></span> <span class='ocrx_word' id='word_1_200' title='bbox 1813 2624 1831 2668; x_wconf 92' lang='lat' dir='ltr'><strong>a</strong></span> <span class='ocrx_word' id='word_1_201' title='bbox 1857 2603 2140 2668; x_wconf 86' lang='lat' dir='ltr'><strong>ldubemedanornm</strong></span> 
     </span>
     <span class='ocr_line' id='line_1_22' title="bbox 767 2702 2138 2785; baseline 0.001 -21"><span class='ocrx_word' id='word_1_202' title='bbox 767 2703 964 2784; x_wconf 84' lang='lat' dir='ltr'><strong>temporibus,</strong></span> <span class='ocrx_word' id='word_1_203' title='bbox 987 2705 1145 2766; x_wconf 85' lang='lat' dir='ltr'><strong>maximum</strong></span> <span class='ocrx_word' id='word_1_204' title='bbox 1167 2702 1323 2785; x_wconf 82' lang='lat' dir='ltr'><strong>disciplina</strong></span> <span class='ocrx_word' id='word_1_205' title='bbox 1346 2703 1556 2766; x_wconf 89' lang='lat' dir='ltr'><strong>detrimentum</strong></span> <span class='ocrx_word' id='word_1_206' title='bbox 1578 2704 1706 2784; x_wconf 84' lang='lat' dir='ltr'><strong>ceperit,</strong></span> <span class='ocrx_word' id='word_1_207' title='bbox 1727 2705 1822 2767; x_wconf 88' lang='lat' dir='ltr'><strong>inseri</strong></span> <span class='ocrx_word' id='word_1_208' title='bbox 1851 2702 2006 2766; x_wconf 88' lang='lat' dir='ltr'><strong>codicibus</strong></span> <span class='ocrx_word' id='word_1_209' title='bbox 2036 2703 2138 2766; x_wconf 91' lang='lat' dir='ltr'><strong>desie-</strong></span> 
     </span>
     <span class='ocr_line' id='line_1_23' title="bbox 765 2800 2137 2884; baseline 0 -20"><span class='ocrx_word' id='word_1_210' title='bbox 765 2810 848 2881; x_wconf 91' lang='lat' dir='ltr'><strong>runt,</strong></span> <span class='ocrx_word' id='word_1_211' title='bbox 878 2821 956 2884; x_wconf 86' lang='lat' dir='ltr'><strong>quaa</strong></span> <span class='ocrx_word' id='word_1_212' title='bbox 979 2821 1019 2864; x_wconf 86' lang='lat' dir='ltr'><strong>ex</strong></span> <span class='ocrx_word' id='word_1_213' title='bbox 1044 2803 1215 2884; x_wconf 87' lang='lat' dir='ltr'><strong>quotidiano</strong></span> <span class='ocrx_word' id='word_1_214' title='bbox 1245 2821 1303 2866; x_wconf 92' lang='lat' dir='ltr'><strong>usu</strong></span> <span class='ocrx_word' id='word_1_215' title='bbox 1329 2801 1447 2866; x_wconf 87' lang='lat' dir='ltr'><strong>sublata</strong></span> <span class='ocrx_word' id='word_1_216' title='bbox 1477 2801 1610 2868; x_wconf 86' lang='lat' dir='ltr'><strong>fuerant.</strong></span> <span class='ocrx_word' id='word_1_217' title='bbox 1654 2802 1762 2883; x_wconf 85' lang='lat' dir='ltr'><strong>Neque</strong></span> <span class='ocrx_word' id='word_1_218' title='bbox 1792 2804 1871 2865; x_wconf 93' lang='lat' dir='ltr'><strong>enim</strong></span> <span class='ocrx_word' id='word_1_219' title='bbox 1893 2802 1955 2882; x_wconf 88' lang='lat' dir='ltr'><strong>jam</strong></span> <span class='ocrx_word' id='word_1_220' title='bbox 1986 2800 2137 2864; x_wconf 86' lang='lat' dir='ltr'><strong>Catecbu-</strong></span> 
     </span>
     <span class='ocr_line' id='line_1_24' title="bbox 766 2899 2136 2984; baseline 0 -22"><span class='ocrx_word' id='word_1_221' title='bbox 766 2901 846 2962; x_wconf 94' lang='lat' dir='ltr'><strong>meni</strong></span> <span class='ocrx_word' id='word_1_222' title='bbox 875 2901 1003 2982; x_wconf 85' lang='lat' dir='ltr'><strong>publici,</strong></span> <span class='ocrx_word' id='word_1_223' title='bbox 1035 2900 1126 2964; x_wconf 91' lang='lat' dir='ltr'><strong>multo</strong></span> <span class='ocrx_word' id='word_1_224' title='bbox 1154 2903 1251 2965; x_wconf 92' lang='lat' dir='ltr'><strong>minus</strong></span> <span class='ocrx_word' id='word_1_225' title='bbox 1280 2903 1487 2984; x_wconf 86' lang='lat' dir='ltr'><strong>poenitentes,</strong></span> <span class='ocrx_word' id='word_1_226' title='bbox 1516 2899 1569 2963; x_wconf 92' lang='lat' dir='ltr'><strong>ulli</strong></span> <span class='ocrx_word' id='word_1_227' title='bbox 1596 2909 1787 2982; x_wconf 85' lang='lat' dir='ltr'><strong>supererant.</strong></span> <span class='ocrx_word' id='word_1_228' title='bbox 1832 2901 1926 2983; x_wconf 89' lang='lat' dir='ltr'><strong>Hujus</strong></span> <span class='ocrx_word' id='word_1_229' title='bbox 1954 2901 2136 2977; x_wconf 85' lang='lat' dir='ltr'><strong>mutationis,</strong></span> 
     </span>
     <span class='ocr_line' id='line_1_25' title="bbox 764 2997 2137 3083; baseline -0.001 -21"><span class='ocrx_word' id='word_1_230' title='bbox 764 3000 968 3082; x_wconf 83' lang='lat' dir='ltr'><strong>antiquaeque</strong></span> <span class='ocrx_word' id='word_1_231' title='bbox 998 3001 1113 3081; x_wconf 88' lang='lat' dir='ltr'><strong>pariter</strong></span> <span class='ocrx_word' id='word_1_232' title='bbox 1142 3000 1317 3083; x_wconf 85' lang='lat' dir='ltr'><strong>disciplinae</strong></span> <span class='ocrx_word' id='word_1_233' title='bbox 1340 3002 1541 3064; x_wconf 90' lang='lat' dir='ltr'><strong>testimonium</strong></span> <span class='ocrx_word' id='word_1_234' title='bbox 1568 3001 1689 3083; x_wconf 81' lang='lat' dir='ltr'><strong>insigne</strong></span> <span class='ocrx_word' id='word_1_235' title='bbox 1718 2999 1847 3064; x_wconf 89' lang='lat' dir='ltr'><strong>babetur</strong></span> <span class='ocrx_word' id='word_1_236' title='bbox 1874 3000 1905 3061; x_wconf 92' lang='lat' dir='ltr'><strong>in</strong></span> <span class='ocrx_word' id='word_1_237' title='bbox 1933 2997 2137 3060; x_wconf 86' lang='lat' dir='ltr'><strong>Jacobitarum</strong></span> 
     </span>
     <span class='ocr_line' id='line_1_26' title="bbox 766 3097 2138 3179; baseline -0.004 -16"><span class='ocrx_word' id='word_1_238' title='bbox 766 3099 914 3178; x_wconf 77' lang='lat' dir='ltr'><strong>Syrorum</strong></span> <span class='ocrx_word' id='word_1_239' title='bbox 935 3099 1150 3163; x_wconf 90' lang='lat' dir='ltr'><strong>Nomocanone</strong></span> <span class='ocrx_word' id='word_1_240' title='bbox 1173 3101 1276 3163; x_wconf 86' lang='lat' dir='ltr'><strong>verbis</strong></span> <span class='ocrx_word' id='word_1_241' title='bbox 1299 3100 1405 3164; x_wconf 88' lang='lat' dir='ltr'><strong>Jacobi</strong></span> <span class='ocrx_word' id='word_1_242' title='bbox 1433 3099 1591 3164; x_wconf 86' lang='lat' dir='ltr'><strong>Edesseni.</strong></span> <span class='ocrx_word' id='word_1_243' title='bbox 1615 3097 1711 3176; x_wconf 87' lang='lat' dir='ltr'><strong>Olim,</strong></span> <span class='ocrx_word' id='word_1_244' title='bbox 1734 3102 1793 3179; x_wconf 86' lang='lat' dir='ltr'><strong>ait,</strong></span> <span class='ocrx_word' id='word_1_245' title='bbox 1817 3106 1892 3179; x_wconf 83' lang='lat' dir='ltr'><strong>post</strong></span> <span class='ocrx_word' id='word_1_246' title='bbox 1917 3099 2138 3176; x_wconf 78' lang='lat' dir='ltr'><strong>seripmramm</strong></span> 
     </span>
     <span class='ocr_line' id='line_1_27' title="bbox 766 3196 2138 3281; baseline -0.001 -22"><span class='ocrx_word' id='word_1_247' title='bbox 766 3197 922 3261; x_wconf 63' lang='lat' dir='ltr'><strong>mationem</strong></span> <span class='ocrx_word' id='word_1_248' title='bbox 951 3200 1137 3263; x_wconf 73' lang='lat' dir='ltr'><strong>mambamr</strong></span> <span class='ocrx_word' id='word_1_249' title='bbox 1163 3203 1262 3263; x_wconf 89' lang='lat' dir='ltr'><strong>aratio</strong></span> <span class='ocrx_word' id='word_1_250' title='bbox 1284 3220 1376 3281; x_wconf 88' lang='lat' dir='ltr'><strong>saper</strong></span> <span class='ocrx_word' id='word_1_251' title='bbox 1396 3201 1562 3278; x_wconf 80' lang='lat' dir='ltr'><strong>audientes,</strong></span> <span class='ocrx_word' id='word_1_252' title='bbox 1592 3205 1623 3260; x_wconf 91' lang='lat' dir='ltr'><strong>et</strong></span> <span class='ocrx_word' id='word_1_253' title='bbox 1643 3200 1708 3260; x_wconf 88' lang='lat' dir='ltr'><strong>alta</strong></span> <span class='ocrx_word' id='word_1_254' title='bbox 1733 3219 1809 3263; x_wconf 87' lang='lat' dir='ltr'><strong>acce</strong></span> <span class='ocrx_word' id='word_1_255' title='bbox 1835 3196 2039 3260; x_wconf 70' lang='lat' dir='ltr'><strong>camaena</strong></span> <span class='ocrx_word' id='word_1_256' title='bbox 2058 3197 2138 3258; x_wconf 88' lang='lat' dir='ltr'><strong>Dic-</strong></span> 
     </span>
     <span class='ocr_line' id='line_1_28' title="bbox 766 3295 2137 3380; baseline -0.001 -22"><span class='ocrx_word' id='word_1_257' title='bbox 766 3315 878 3359; x_wconf 88' lang='lat' dir='ltr'><strong>canas:</strong></span> <span class='ocrx_word' id='word_1_258' title='bbox 901 3297 980 3361; x_wconf 88' lang='lat' dir='ltr'><strong>abite</strong></span> <span class='ocrx_word' id='word_1_259' title='bbox 1004 3298 1175 3362; x_wconf 88' lang='lat' dir='ltr'><strong>audientes:</strong></span> <span class='ocrx_word' id='word_1_260' title='bbox 1198 3307 1288 3380; x_wconf 85' lang='lat' dir='ltr'><strong>atque</strong></span> <span class='ocrx_word' id='word_1_261' title='bbox 1309 3301 1354 3360; x_wconf 87' lang='lat' dir='ltr'><strong>ita</strong></span> <span class='ocrx_word' id='word_1_262' title='bbox 1375 3299 1548 3362; x_wconf 70' lang='lat' dir='ltr'><strong>mandbant</strong></span> <span class='ocrx_word' id='word_1_263' title='bbox 1568 3298 1623 3359; x_wconf 71' lang='lat' dir='ltr'><strong>stab</strong></span> <span class='ocrx_word' id='word_1_264' title='bbox 1644 3317 1737 3360; x_wconf 89' lang='lat' dir='ltr'><strong>manu</strong></span> <span class='ocrx_word' id='word_1_265' title='bbox 1758 3298 1979 3378; x_wconf 81' lang='lat' dir='ltr'><strong>Epiccaporum</strong></span> <span class='ocrx_word' id='word_1_266' title='bbox 2000 3303 2055 3358; x_wconf 87' lang='lat' dir='ltr'><strong>ant</strong></span> <span class='ocrx_word' id='word_1_267' title='bbox 2075 3295 2137 3357; x_wconf 82' lang='lat' dir='ltr'><strong>Sa·</strong></span> 
     </span>
     <span class='ocr_line' id='line_1_29' title="bbox 765 3393 2137 3478; baseline -0.001 -20"><span class='ocrx_word' id='word_1_268' title='bbox 765 3398 940 3459; x_wconf 72' lang='lat' dir='ltr'><strong>cerdonem:</strong></span> <span class='ocrx_word' id='word_1_269' title='bbox 963 3405 994 3459; x_wconf 89' lang='lat' dir='ltr'><strong>et</strong></span> <span class='ocrx_word' id='word_1_270' title='bbox 1013 3398 1148 3475; x_wconf 70' lang='lat' dir='ltr'><strong>manna</strong></span> <span class='ocrx_word' id='word_1_271' title='bbox 1171 3399 1260 3462; x_wconf 81' lang='lat' dir='ltr'><strong>cimai</strong></span> <span class='ocrx_word' id='word_1_272' title='bbox 1281 3401 1381 3474; x_wconf 88' lang='lat' dir='ltr'><strong>etiam,</strong></span> <span class='ocrx_word' id='word_1_273' title='bbox 1403 3398 1613 3478; x_wconf 70' lang='lat' dir='ltr'><strong>Eneapnmeni,</strong></span> <span class='ocrx_word' id='word_1_274' title='bbox 1637 3395 1864 3472; x_wconf 85' lang='lat' dir='ltr'><strong>Catecburneni,</strong></span> <span class='ocrx_word' id='word_1_275' title='bbox 1887 3401 1918 3456; x_wconf 91' lang='lat' dir='ltr'><strong>et</strong></span> <span class='ocrx_word' id='word_1_276' title='bbox 1937 3393 2137 3469; x_wconf 84' lang='lat' dir='ltr'><strong>Paenitentes,</strong></span> 
     </span>
     <span class='ocr_line' id='line_1_30' title="bbox 765 3494 2137 3578; baseline -0.002 -21"><span class='ocrx_word' id='word_1_277' title='bbox 765 3513 857 3574; x_wconf 80' lang='lat' dir='ltr'><strong>super</strong></span> <span class='ocrx_word' id='word_1_278' title='bbox 885 3515 960 3577; x_wconf 80' lang='lat' dir='ltr'><strong>anas</strong></span> <span class='ocrx_word' id='word_1_279' title='bbox 986 3499 1087 3558; x_wconf 89' lang='lat' dir='ltr'><strong>oratio</strong></span> <span class='ocrx_word' id='word_1_280' title='bbox 1114 3499 1280 3577; x_wconf 75' lang='lat' dir='ltr'><strong>penitimis</strong></span> <span class='ocrx_word' id='word_1_281' title='bbox 1315 3497 1503 3560; x_wconf 80' lang='lat' dir='ltr'><strong>recitabatur</strong></span> <span class='ocrx_word' id='word_1_282' title='bbox 1535 3515 1556 3557; x_wconf 90' lang='lat' dir='ltr'><strong>a</strong></span> <span class='ocrx_word' id='word_1_283' title='bbox 1584 3495 1768 3573; x_wconf 84' lang='lat' dir='ltr'><strong>Sacerdote,</strong></span> <span class='ocrx_word' id='word_1_284' title='bbox 1802 3504 1874 3578; x_wconf 81' lang='lat' dir='ltr'><strong>poet</strong></span> <span class='ocrx_word' id='word_1_285' title='bbox 1905 3494 2137 3555; x_wconf 67' lang='lat' dir='ltr'><strong>admonitionem</strong></span> 
     </span>
     <span class='ocr_line' id='line_1_31' title="bbox 763 3591 2138 3676; baseline -0.004 -20"><span class='ocrx_word' id='word_1_286' title='bbox 763 3594 911 3657; x_wconf 87' lang='lat' dir='ltr'><strong>Diacani:</strong></span> <span class='ocrx_word' id='word_1_287' title='bbox 942 3615 1066 3676; x_wconf 70' lang='lat' dir='ltr'><strong>camare</strong></span> <span class='ocrx_word' id='word_1_288' title='bbox 1096 3595 1330 3659; x_wconf 84' lang='lat' dir='ltr'><strong>benedictionem</strong></span> <span class='ocrx_word' id='word_1_289' title='bbox 1357 3598 1562 3676; x_wconf 81' lang='lat' dir='ltr'><strong>accepissent,</strong></span> <span class='ocrx_word' id='word_1_290' title='bbox 1585 3595 1720 3659; x_wconf 74' lang='lat' dir='ltr'><strong>exibant.</strong></span> <span class='ocrx_word' id='word_1_291' title='bbox 1766 3595 2041 3668; x_wconf 67' lang='lat' dir='ltr'><strong>taenearum</strong></span> <span class='ocrx_word' id='word_1_292' title='bbox 2063 3591 2138 3652; x_wconf 84' lang='lat' dir='ltr'><strong>baec</strong></span> 
     </span>
     <span class='ocr_line' id='line_1_32' title="bbox 764 3677 2136 3776; baseline -0.003 -22"><span class='ocrx_word' id='word_1_293' title='bbox 764 3691 884 3754; x_wconf 80' lang='lat' dir='ltr'><strong>motata</strong></span> <span class='ocrx_word' id='word_1_294' title='bbox 905 3695 975 3773; x_wconf 87' lang='lat' dir='ltr'><strong>sint,</strong></span> <span class='ocrx_word' id='word_1_295' title='bbox 995 3702 1066 3776; x_wconf 82' lang='lat' dir='ltr'><strong>post</strong></span> <span class='ocrx_word' id='word_1_296' title='bbox 1087 3693 1242 3757; x_wconf 69' lang='lat' dir='ltr'><strong>lesionem</strong></span> <span class='ocrx_word' id='word_1_297' title='bbox 1257 3697 1480 3775; x_wconf 78' lang='lat' dir='ltr'><strong>scripturaram</strong></span> <span class='ocrx_word' id='word_1_298' title='bbox 1501 3694 1613 3755; x_wconf 85' lang='lat' dir='ltr'><strong>dicitur</strong></span> <span class='ocrx_word' id='word_1_299' title='bbox 1625 3692 1732 3756; x_wconf 85' lang='lat' dir='ltr'><strong>Oratio</strong></span> <span class='ocrx_word' id='word_1_300' title='bbox 1746 3693 1890 3756; x_wconf 77' lang='lat' dir='ltr'><strong>introitus</strong></span> <span class='ocrx_word' id='word_1_301' title='bbox 1913 3697 1986 3766; x_wconf 86' lang='lat' dir='ltr'><strong>(seu</strong></span> <span class='ocrx_word' id='word_1_302' title='bbox 2007 3677 2136 3761; x_wconf 69' lang='lat' dir='ltr'><strong>eieddav</strong></span> 
     </span>
    </p>
   </div>
   <div class='ocr_carea' id='block_1_6' title="bbox 657 3779 2135 3876">
    <p class='ocr_par' dir='ltr' id='par_1_6' title="bbox 657 3779 2135 3876">
     <span class='ocr_line' id='line_1_33' title="bbox 657 3779 2135 3876; baseline -0.005 -20"><span class='ocrx_word' id='word_1_303' title='bbox 657 3843 661 3856; x_wconf 75' lang='grc'><strong><em>,</em></strong></span> <span class='ocrx_word' id='word_1_304' title='bbox 764 3779 925 3876; x_wconf 75' lang='grc' dir='ltr'><strong>μεγάληςε</strong></span> <span class='ocrx_word' id='word_1_305' title='bbox 949 3812 1018 3856; x_wconf 90' lang='lat' dir='ltr'><strong>nam</strong></span> <span class='ocrx_word' id='word_1_306' title='bbox 1040 3801 1098 3873; x_wconf 90' lang='lat' dir='ltr'><strong>est,</strong></span> <span class='ocrx_word' id='word_1_307' title='bbox 1121 3800 1154 3855; x_wconf 92' lang='lat' dir='ltr'><strong>ut</strong></span> <span class='ocrx_word' id='word_1_308' title='bbox 1176 3793 1319 3873; x_wconf 81' lang='lat' dir='ltr'><strong>diximus,</strong></span> <span class='ocrx_word' id='word_1_309' title='bbox 1343 3792 1455 3856; x_wconf 87' lang='lat' dir='ltr'><strong>delatio</strong></span> <span class='ocrx_word' id='word_1_310' title='bbox 1480 3792 1629 3855; x_wconf 90' lang='lat' dir='ltr'><strong>donorum</strong></span> <span class='ocrx_word' id='word_1_311' title='bbox 1660 3792 1935 3856; x_wconf 85' lang='lat' dir='ltr'><strong>consecrandorum</strong></span> <span class='ocrx_word' id='word_1_312' title='bbox 1958 3809 1975 3852; x_wconf 88' lang='lat' dir='ltr'><strong>a</strong></span> <span class='ocrx_word' id='word_1_313' title='bbox 1998 3787 2135 3852; x_wconf 89' lang='lat' dir='ltr'><strong>Protbesi</strong></span> 
     </span>
    </p>
   </div>
   <div class='ocr_carea' id='block_1_7' title="bbox 761 3887 2137 4768">
    <p class='ocr_par' dir='ltr' id='par_1_7' title="bbox 761 3887 2137 4768">
     <span class='ocr_line' id='line_1_34' title="bbox 764 3887 2134 3973; baseline -0.001 -22"><span class='ocrx_word' id='word_1_314' title='bbox 764 3889 802 3952; x_wconf 91' lang='lat' dir='ltr'><strong>ad</strong></span> <span class='ocrx_word' id='word_1_315' title='bbox 825 3890 929 3970; x_wconf 88' lang='lat' dir='ltr'><strong>altare,</strong></span> <span class='ocrx_word' id='word_1_316' title='bbox 954 3911 1032 3973; x_wconf 87' lang='lat' dir='ltr'><strong>quae</strong></span> <span class='ocrx_word' id='word_1_317' title='bbox 1054 3900 1087 3955; x_wconf 91' lang='lat' dir='ltr'><strong>ut</strong></span> <span class='ocrx_word' id='word_1_318' title='bbox 1109 3891 1189 3973; x_wconf 86' lang='lat' dir='ltr'><strong>apud</strong></span> <span class='ocrx_word' id='word_1_319' title='bbox 1212 3891 1345 3955; x_wconf 89' lang='lat' dir='ltr'><strong>Graecos</strong></span> <span class='ocrx_word' id='word_1_320' title='bbox 1369 3893 1411 3954; x_wconf 89' lang='lat' dir='ltr'><strong>ita</strong></span> <span class='ocrx_word' id='word_1_321' title='bbox 1433 3900 1463 3955; x_wconf 92' lang='lat' dir='ltr'><strong>et</strong></span> <span class='ocrx_word' id='word_1_322' title='bbox 1486 3891 1565 3973; x_wconf 90' lang='lat' dir='ltr'><strong>apud</strong></span> <span class='ocrx_word' id='word_1_323' title='bbox 1587 3893 1683 3972; x_wconf 84' lang='lat' dir='ltr'><strong>Syros</strong></span> <span class='ocrx_word' id='word_1_324' title='bbox 1706 3909 1768 3956; x_wconf 91' lang='lat' dir='ltr'><strong>non</strong></span> <span class='ocrx_word' id='word_1_325' title='bbox 1789 3893 1847 3954; x_wconf 91' lang='lat' dir='ltr'><strong>nisi</strong></span> <span class='ocrx_word' id='word_1_326' title='bbox 1868 3897 1940 3971; x_wconf 90' lang='lat' dir='ltr'><strong>post</strong></span> <span class='ocrx_word' id='word_1_327' title='bbox 1969 3887 2134 3967; x_wconf 85' lang='lat' dir='ltr'><strong>scripturas</strong></span> 
     </span>
     <span class='ocr_line' id='line_1_35' title="bbox 762 3985 2135 4074; baseline -0.004 -22"><span class='ocrx_word' id='word_1_328' title='bbox 762 3989 857 4052; x_wconf 87' lang='lat' dir='ltr'><strong>lectas</strong></span> <span class='ocrx_word' id='word_1_329' title='bbox 880 3991 1051 4072; x_wconf 84' lang='lat' dir='ltr'><strong>perficitur:</strong></span> <span class='ocrx_word' id='word_1_330' title='bbox 1075 3991 1154 4073; x_wconf 89' lang='lat' dir='ltr'><strong>apud</strong></span> <span class='ocrx_word' id='word_1_331' title='bbox 1178 3990 1324 4072; x_wconf 83' lang='lat' dir='ltr'><strong>Coptitas,</strong></span> <span class='ocrx_word' id='word_1_332' title='bbox 1355 3999 1443 4054; x_wconf 85' lang='lat' dir='ltr'><strong>antea</strong></span> <span class='ocrx_word' id='word_1_333' title='bbox 1470 4009 1557 4070; x_wconf 86' lang='lat' dir='ltr'><strong>quam</strong></span> <span class='ocrx_word' id='word_1_334' title='bbox 1580 3990 1736 4074; x_wconf 81' lang='lat' dir='ltr'><strong>legantur)</strong></span> <span class='ocrx_word' id='word_1_335' title='bbox 1765 3990 1873 4052; x_wconf 86' lang='lat' dir='ltr'><strong>deinde</strong></span> <span class='ocrx_word' id='word_1_336' title='bbox 1905 3989 2017 4050; x_wconf 85' lang='lat' dir='ltr'><strong>dicitnr</strong></span> <span class='ocrx_word' id='word_1_337' title='bbox 2046 3985 2135 4067; x_wconf 75' lang='lat' dir='ltr'><strong>Syrn-</strong></span> 
     </span>
     <span class='ocr_line' id='line_1_36' title="bbox 764 4087 2136 4171; baseline -0.001 -22"><span class='ocrx_word' id='word_1_338' title='bbox 764 4087 862 4150; x_wconf 86' lang='lat' dir='ltr'><strong>balam</strong></span> <span class='ocrx_word' id='word_1_339' title='bbox 881 4091 969 4170; x_wconf 62' lang='lat' dir='ltr'><strong>fida,</strong></span> <span class='ocrx_word' id='word_1_340' title='bbox 997 4092 1077 4171; x_wconf 76' lang='lat' dir='ltr'><strong>prad</strong></span> <span class='ocrx_word' id='word_1_341' title='bbox 1104 4091 1144 4152; x_wconf 89' lang='lat' dir='ltr'><strong>ab</strong></span> <span class='ocrx_word' id='word_1_342' title='bbox 1173 4092 1256 4152; x_wconf 85' lang='lat' dir='ltr'><strong>anmi</strong></span> <span class='ocrx_word' id='word_1_343' title='bbox 1281 4091 1394 4171; x_wconf 86' lang='lat' dir='ltr'><strong>popnto</strong></span> <span class='ocrx_word' id='word_1_344' title='bbox 1417 4091 1647 4171; x_wconf 83' lang='lat' dir='ltr'><strong>pronsmciatnr.</strong></span> <span class='ocrx_word' id='word_1_345' title='bbox 1692 4090 1862 4171; x_wconf 76' lang='lat' dir='ltr'><strong>Separatur</strong></span> <span class='ocrx_word' id='word_1_346' title='bbox 1887 4095 1950 4150; x_wconf 90' lang='lat' dir='ltr'><strong>tres</strong></span> <span class='ocrx_word' id='word_1_347' title='bbox 1971 4087 2136 4161; x_wconf 65' lang='lat' dir='ltr'><strong>maanes,</strong></span> 
     </span>
     <span class='ocr_line' id='line_1_37' title="bbox 761 4187 2137 4268; baseline 0.001 -20"><span class='ocrx_word' id='word_1_348' title='bbox 761 4187 866 4265; x_wconf 80' lang='lat' dir='ltr'><strong>Pacis,</strong></span> <span class='ocrx_word' id='word_1_349' title='bbox 889 4191 1088 4268; x_wconf 78' lang='lat' dir='ltr'><strong>impositionis</strong></span> <span class='ocrx_word' id='word_1_350' title='bbox 1109 4207 1259 4265; x_wconf 75' lang='lat' dir='ltr'><strong>mammam,</strong></span> <span class='ocrx_word' id='word_1_351' title='bbox 1283 4197 1313 4252; x_wconf 92' lang='lat' dir='ltr'><strong>et</strong></span> <span class='ocrx_word' id='word_1_352' title='bbox 1333 4189 1496 4252; x_wconf 82' lang='lat' dir='ltr'><strong>ablationis</strong></span> <span class='ocrx_word' id='word_1_353' title='bbox 1517 4189 1703 4268; x_wconf 87' lang='lat' dir='ltr'><strong>anapborae,</strong></span> <span class='ocrx_word' id='word_1_354' title='bbox 1726 4209 1780 4252; x_wconf 82' lang='lat' dir='ltr'><strong>sea</strong></span> <span class='ocrx_word' id='word_1_355' title='bbox 1801 4189 1868 4252; x_wconf 87' lang='lat' dir='ltr'><strong>aeti.</strong></span> <span class='ocrx_word' id='word_1_356' title='bbox 1893 4189 1963 4250; x_wconf 75' lang='lat' dir='ltr'><strong>lien</strong></span> <span class='ocrx_word' id='word_1_357' title='bbox 1984 4187 2137 4251; x_wconf 77' lang='lat' dir='ltr'><strong>Sacerdos</strong></span> 
     </span>
     <span class='ocr_line' id='line_1_38' title="bbox 762 4287 2137 4369; baseline 0 -20"><span class='ocrx_word' id='word_1_358' title='bbox 762 4293 810 4348; x_wconf 87' lang='lat' dir='ltr'><strong>ter</strong></span> <span class='ocrx_word' id='word_1_359' title='bbox 836 4305 926 4350; x_wconf 79' lang='lat' dir='ltr'><strong>cmtce</strong></span> <span class='ocrx_word' id='word_1_360' title='bbox 955 4290 1056 4369; x_wconf 81' lang='lat' dir='ltr'><strong>sipnat</strong></span> <span class='ocrx_word' id='word_1_361' title='bbox 1078 4289 1221 4368; x_wconf 80' lang='lat' dir='ltr'><strong>poputum</strong></span> <span class='ocrx_word' id='word_1_362' title='bbox 1256 4290 1378 4351; x_wconf 76' lang='lat' dir='ltr'><strong>dican:</strong></span> <span class='ocrx_word' id='word_1_363' title='bbox 1409 4287 1547 4352; x_wconf 84' lang='lat' dir='ltr'><strong>Charitas</strong></span> <span class='ocrx_word' id='word_1_364' title='bbox 1576 4288 1632 4350; x_wconf 87' lang='lat' dir='ltr'><strong>Dei</strong></span> <span class='ocrx_word' id='word_1_365' title='bbox 1660 4289 1755 4351; x_wconf 83' lang='lat' dir='ltr'><strong>Patris</strong></span> <span class='ocrx_word' id='word_1_366' title='bbox 1787 4295 1844 4352; x_wconf 92' lang='lat' dir='ltr'><strong>etc.</strong></span> <span class='ocrx_word' id='word_1_367' title='bbox 1888 4288 2007 4350; x_wconf 82' lang='lat' dir='ltr'><strong>Deinde</strong></span> <span class='ocrx_word' id='word_1_368' title='bbox 2031 4289 2137 4367; x_wconf 71' lang='lat' dir='ltr'><strong>imiprt</strong></span> 
     </span>
     <span class='ocr_line' id='line_1_39' title="bbox 763 4383 2135 4480; baseline 0.001 -33"><span class='ocrx_word' id='word_1_369' title='bbox 763 4383 950 4449; x_wconf 87' lang='lat' dir='ltr'><strong>Oblationem</strong></span> <span class='ocrx_word' id='word_1_370' title='bbox 968 4390 1056 4468; x_wconf 84' lang='lat' dir='ltr'><strong>prins</strong></span> <span class='ocrx_word' id='word_1_371' title='bbox 1077 4388 1243 4480; x_wconf 63' lang='lat' dir='ltr'><strong>mannen</strong></span> <span class='ocrx_word' id='word_1_372' title='bbox 1266 4395 1295 4450; x_wconf 93' lang='lat' dir='ltr'><strong>et</strong></span> <span class='ocrx_word' id='word_1_373' title='bbox 1316 4389 1421 4450; x_wconf 78' lang='lat' dir='ltr'><strong>diceris</strong></span> <span class='ocrx_word' id='word_1_374' title='bbox 1443 4387 1565 4453; x_wconf 87' lang='lat' dir='ltr'><strong>Sursum</strong></span> <span class='ocrx_word' id='word_1_375' title='bbox 1589 4387 1690 4450; x_wconf 90' lang='lat' dir='ltr'><strong>corda.</strong></span> <span class='ocrx_word' id='word_1_376' title='bbox 1723 4387 1818 4460; x_wconf 85' lang='lat' dir='ltr'><strong>Quam</strong></span> <span class='ocrx_word' id='word_1_377' title='bbox 1839 4405 1916 4451; x_wconf 85' lang='lat' dir='ltr'><strong>vero</strong></span> <span class='ocrx_word' id='word_1_378' title='bbox 1939 4386 2135 4450; x_wconf 88' lang='lat' dir='ltr'><strong>haecomnia</strong></span> 
     </span>
     <span class='ocr_line' id='line_1_40' title="bbox 762 4484 2134 4570; baseline 0.001 -23"><span class='ocrx_word' id='word_1_379' title='bbox 762 4484 916 4567; x_wconf 81' lang='lat' dir='ltr'><strong>Liturgiae</strong></span> <span class='ocrx_word' id='word_1_380' title='bbox 939 4486 1010 4550; x_wconf 91' lang='lat' dir='ltr'><strong>buic</strong></span> <span class='ocrx_word' id='word_1_381' title='bbox 1033 4494 1157 4550; x_wconf 90' lang='lat' dir='ltr'><strong>nostrae</strong></span> <span class='ocrx_word' id='word_1_382' title='bbox 1180 4489 1370 4567; x_wconf 81' lang='lat' dir='ltr'><strong>conveniant,</strong></span> <span class='ocrx_word' id='word_1_383' title='bbox 1392 4494 1486 4570; x_wconf 90' lang='lat' dir='ltr'><strong>patet,</strong></span> <span class='ocrx_word' id='word_1_384' title='bbox 1508 4487 1656 4568; x_wconf 91' lang='lat' dir='ltr'><strong>simulque</strong></span> <span class='ocrx_word' id='word_1_385' title='bbox 1671 4485 1826 4567; x_wconf 84' lang='lat' dir='ltr'><strong>Syriacum</strong></span> <span class='ocrx_word' id='word_1_386' title='bbox 1840 4489 1938 4565; x_wconf 89' lang='lat' dir='ltr'><strong>ritum,</strong></span> <span class='ocrx_word' id='word_1_387' title='bbox 1963 4494 2014 4548; x_wconf 92' lang='lat' dir='ltr'><strong>aut</strong></span> <span class='ocrx_word' id='word_1_388' title='bbox 2037 4486 2134 4550; x_wconf 86' lang='lat' dir='ltr'><strong>Grae-</strong></span> 
     </span>
     <span class='ocr_line' id='line_1_41' title="bbox 764 4584 2135 4668; baseline 0 -22"><span class='ocrx_word' id='word_1_389' title='bbox 764 4602 841 4662; x_wconf 93' lang='lat' dir='ltr'><strong>cum,</strong></span> <span class='ocrx_word' id='word_1_390' title='bbox 866 4585 903 4647; x_wconf 87' lang='lat' dir='ltr'><strong>ab</strong></span> <span class='ocrx_word' id='word_1_391' title='bbox 925 4585 1118 4668; x_wconf 78' lang='lat' dir='ltr'><strong>Aegyptiace</strong></span> <span class='ocrx_word' id='word_1_392' title='bbox 1140 4603 1201 4649; x_wconf 93' lang='lat' dir='ltr'><strong>non</strong></span> <span class='ocrx_word' id='word_1_393' title='bbox 1225 4585 1358 4664; x_wconf 74' lang='lat' dir='ltr'><strong>differre,</strong></span> <span class='ocrx_word' id='word_1_394' title='bbox 1381 4589 1438 4650; x_wconf 90' lang='lat' dir='ltr'><strong>nisi</strong></span> <span class='ocrx_word' id='word_1_395' title='bbox 1460 4588 1489 4649; x_wconf 95' lang='lat' dir='ltr'><strong>in</strong></span> <span class='ocrx_word' id='word_1_396' title='bbox 1512 4585 1569 4649; x_wconf 88' lang='lat' dir='ltr'><strong>illis</strong></span> <span class='ocrx_word' id='word_1_397' title='bbox 1601 4605 1679 4666; x_wconf 88' lang='lat' dir='ltr'><strong>quae</strong></span> <span class='ocrx_word' id='word_1_398' title='bbox 1700 4588 1822 4650; x_wconf 84' lang='lat' dir='ltr'><strong>mutatio</strong></span> <span class='ocrx_word' id='word_1_399' title='bbox 1846 4584 2021 4667; x_wconf 88' lang='lat' dir='ltr'><strong>disciplinae</strong></span> <span class='ocrx_word' id='word_1_400' title='bbox 2045 4587 2135 4648; x_wconf 86' lang='lat' dir='ltr'><strong>annit-</strong></span> 
     </span>
     <span class='ocr_line' id='line_1_42' title="bbox 763 4684 1862 4768; baseline 0.002 -22"><span class='ocrx_word' id='word_1_401' title='bbox 763 4691 831 4747; x_wconf 91' lang='lat' dir='ltr'><strong>tere</strong></span> <span class='ocrx_word' id='word_1_402' title='bbox 853 4686 963 4768; x_wconf 84' lang='lat' dir='ltr'><strong>coegit,</strong></span> <span class='ocrx_word' id='word_1_403' title='bbox 987 4694 1020 4748; x_wconf 89' lang='lat' dir='ltr'><strong>nt</strong></span> <span class='ocrx_word' id='word_1_404' title='bbox 1043 4695 1091 4748; x_wconf 92' lang='lat' dir='ltr'><strong>est</strong></span> <span class='ocrx_word' id='word_1_405' title='bbox 1115 4684 1407 4749; x_wconf 85' lang='lat' dir='ltr'><strong>Catecbumenorum</strong></span> <span class='ocrx_word' id='word_1_406' title='bbox 1429 4693 1460 4748; x_wconf 91' lang='lat' dir='ltr'><strong>et</strong></span> <span class='ocrx_word' id='word_1_407' title='bbox 1481 4686 1697 4748; x_wconf 85' lang='lat' dir='ltr'><strong>Paenitentium</strong></span> <span class='ocrx_word' id='word_1_408' title='bbox 1721 4687 1862 4749; x_wconf 91' lang='lat' dir='ltr'><strong>dimissio.</strong></span> 
     </span>
    </p>
   </div>
   <div class='ocr_carea' id='block_1_8' title="bbox 440 4783 2134 4967">
    <p class='ocr_par' dir='ltr' id='par_1_8' title="bbox 440 4783 2134 4967">
     <span class='ocr_line' id='line_1_43' title="bbox 487 4783 2134 4866; baseline -0.005 -13"><span class='ocrx_word' id='word_1_409' title='bbox 487 4807 675 4863; x_wconf 74' lang='lat' dir='ltr'><strong>benedictionis</strong></span> <span class='ocrx_word' id='word_1_410' title='bbox 693 4809 749 4862; x_wconf 87' lang='lat' dir='ltr'><strong>tor·</strong></span> <span class='ocrx_word' id='word_1_411' title='bbox 849 4784 945 4848; x_wconf 89' lang='lat' dir='ltr'><strong>Porro</strong></span> <span class='ocrx_word' id='word_1_412' title='bbox 967 4784 1017 4847; x_wconf 89' lang='lat' dir='ltr'><strong>illa</strong></span> <span class='ocrx_word' id='word_1_413' title='bbox 1039 4784 1219 4862; x_wconf 87' lang='lat' dir='ltr'><strong>benedictio,</strong></span> <span class='ocrx_word' id='word_1_414' title='bbox 1243 4783 1388 4848; x_wconf 73' lang='lat' dir='ltr'><strong>Charitas</strong></span> <span class='ocrx_word' id='word_1_415' title='bbox 1408 4785 1468 4848; x_wconf 88' lang='lat' dir='ltr'><strong>Dei</strong></span> <span class='ocrx_word' id='word_1_416' title='bbox 1488 4785 1605 4862; x_wconf 85' lang='lat' dir='ltr'><strong>Patris,</strong></span> <span class='ocrx_word' id='word_1_417' title='bbox 1627 4789 1731 4866; x_wconf 79' lang='lat' dir='ltr'><strong>pratia</strong></span> <span class='ocrx_word' id='word_1_418' title='bbox 1752 4786 1831 4862; x_wconf 82' lang='lat' dir='ltr'><strong>Filii,</strong></span> <span class='ocrx_word' id='word_1_419' title='bbox 1854 4790 1884 4847; x_wconf 91' lang='lat' dir='ltr'><strong>et</strong></span> <span class='ocrx_word' id='word_1_420' title='bbox 1904 4784 2134 4846; x_wconf 81' lang='lat' dir='ltr'><strong>commrmicatic</strong></span> 
     </span>
     <span class='ocr_line' id='line_1_44' title="bbox 440 4881 2133 4967; baseline -0.003 -18"><span class='ocrx_word' id='word_1_421' title='bbox 440 4893 508 4948; x_wconf 81' lang='lat' dir='ltr'><strong>mata</strong></span> <span class='ocrx_word' id='word_1_422' title='bbox 526 4897 707 4965; x_wconf 73' lang='lat' dir='ltr'><strong>antiquissima.</strong></span> <span class='ocrx_word' id='word_1_423' title='bbox 762 4881 896 4962; x_wconf 66' lang='lat' dir='ltr'><strong>Spiritu</strong></span> <span class='ocrx_word' id='word_1_424' title='bbox 916 4885 1017 4945; x_wconf 80' lang='lat' dir='ltr'><strong>sarmti</strong></span> <span class='ocrx_word' id='word_1_425' title='bbox 1037 4884 1172 4947; x_wconf 89' lang='lat' dir='ltr'><strong>desumta</strong></span> <span class='ocrx_word' id='word_1_426' title='bbox 1196 4893 1243 4948; x_wconf 90' lang='lat' dir='ltr'><strong>est</strong></span> <span class='ocrx_word' id='word_1_427' title='bbox 1265 4904 1305 4948; x_wconf 87' lang='lat' dir='ltr'><strong>ex</strong></span> <span class='ocrx_word' id='word_1_428' title='bbox 1328 4885 1357 4948; x_wconf 82' lang='lat'><strong>2.</strong></span> <span class='ocrx_word' id='word_1_429' title='bbox 1380 4884 1418 4947; x_wconf 87' lang='lat' dir='ltr'><strong>ad</strong></span> <span class='ocrx_word' id='word_1_430' title='bbox 1441 4883 1613 4948; x_wconf 90' lang='lat' dir='ltr'><strong>Corinthios</strong></span> <span class='ocrx_word' id='word_1_431' title='bbox 1638 4904 1704 4967; x_wconf 88' lang='lat' dir='ltr'><strong>cap.</strong></span> <span class='ocrx_word' id='word_1_432' title='bbox 1738 4884 1789 4950; x_wconf 87' lang='lat'><strong>13.</strong></span> <span class='ocrx_word' id='word_1_433' title='bbox 1812 4889 1843 4958; x_wconf 77' lang='lat' dir='ltr'><strong>s.</strong></span> <span class='ocrx_word' id='word_1_434' title='bbox 1873 4881 1923 4945; x_wconf 86' lang='lat'><strong>13.</strong></span> <span class='ocrx_word' id='word_1_435' title='bbox 1952 4900 2040 4962; x_wconf 83' lang='lat' dir='ltr'><strong>quam</strong></span> <span class='ocrx_word' id='word_1_436' title='bbox 2063 4899 2133 4946; x_wconf 88' lang='lat' dir='ltr'><strong>esse</strong></span> 
     </span>
    </p>
   </div>
   <div class='ocr_carea' id='block_1_9' title="bbox 764 4969 2134 5070">
    <p class='ocr_par' dir='ltr' id='par_1_9' title="bbox 764 4969 2134 5070">
     <span class='ocr_line' id='line_1_45' title="bbox 764 4969 2134 5070; baseline 0 -26"><span class='ocrx_word' id='word_1_437' title='bbox 764 4975 799 5044; x_wconf 81' lang='grc' dir='ltr'><strong>ἐν</strong></span> <span class='ocrx_word' id='word_1_438' title='bbox 820 4969 945 5054; x_wconf 79' lang='grc' dir='ltr'>πάσαις</span> <span class='ocrx_word' id='word_1_439' title='bbox 965 4981 1039 5055; x_wconf 80' lang='grc' dir='ltr'><strong><em>ταῖς</em></strong></span> <span class='ocrx_word' id='word_1_440' title='bbox 1060 4976 1245 5067; x_wconf 76' lang='grc' dir='ltr'><strong>ἐκκλησίαις</strong></span> <span class='ocrx_word' id='word_1_441' title='bbox 1255 4981 1314 5069; x_wconf 84' lang='grc' dir='ltr'><strong>τῆς</strong></span> <span class='ocrx_word' id='word_1_442' title='bbox 1335 4979 1495 5070; x_wconf 76' lang='grc' dir='ltr'><strong>μυστικῆς</strong></span> <span class='ocrx_word' id='word_1_443' title='bbox 1523 4979 1728 5070; x_wconf 74' lang='grc' dir='ltr'><strong>λειτουργίας</strong></span> <span class='ocrx_word' id='word_1_444' title='bbox 1750 4976 1939 5070; x_wconf 72' lang='grc' dir='ltr'><strong>προοίμιον,</strong></span> <span class='ocrx_word' id='word_1_445' title='bbox 1952 4985 1986 5044; x_wconf 84' lang='lat' dir='ltr'><strong>in</strong></span> <span class='ocrx_word' id='word_1_446' title='bbox 1998 4981 2134 5044; x_wconf 76' lang='lat' dir='ltr'><strong>omnibns</strong></span> 
     </span>
    </p>
   </div>
   <div class='ocr_carea' id='block_1_10' title="bbox 477 5065 2133 5182">
    <p class='ocr_par' dir='ltr' id='par_1_10' title="bbox 477 5065 2133 5182">
     <span class='ocr_line' id='line_1_46' title="bbox 477 5065 2133 5182; baseline -0.008 -26"><span class='ocrx_word' id='word_1_447' title='bbox 477 5099 563 5158; x_wconf 74' lang='lat' dir='ltr'><strong>iteca</strong></span> <span class='ocrx_word' id='word_1_448' title='bbox 580 5103 628 5174; x_wconf 75' lang='lat' dir='ltr'><strong>ap.</strong></span> <span class='ocrx_word' id='word_1_449' title='bbox 649 5103 709 5156; x_wconf 81' lang='lat' dir='ltr'><strong>tto.</strong></span> <span class='ocrx_word' id='word_1_450' title='bbox 763 5081 912 5146; x_wconf 77' lang='lat' dir='ltr'><strong>Ecclesiis</strong></span> <span class='ocrx_word' id='word_1_451' title='bbox 939 5084 1083 5166; x_wconf 66' lang='lat' dir='ltr'><strong>myricae</strong></span> <span class='ocrx_word' id='word_1_452' title='bbox 1110 5082 1269 5164; x_wconf 83' lang='lat' dir='ltr'><strong>bitarpioe</strong></span> <span class='ocrx_word' id='word_1_453' title='bbox 1300 5086 1506 5166; x_wconf 84' lang='lat' dir='ltr'><strong>proaemium,</strong></span> <span class='ocrx_word' id='word_1_454' title='bbox 1539 5085 1643 5148; x_wconf 88' lang='lat' dir='ltr'><strong>scribit</strong></span> <span class='ocrx_word' id='word_1_455' title='bbox 1678 5084 1889 5149; x_wconf 82' lang='lat' dir='ltr'><strong>&#39;theodoretus</strong></span> <span class='ocrx_word' id='word_1_456' title='bbox 1916 5080 1955 5146; x_wconf 87' lang='lat' dir='ltr'><strong>ad</strong></span> <span class='ocrx_word' id='word_1_457' title='bbox 1987 5065 2133 5182; x_wconf 79' lang='lat' dir='ltr'><strong>loannem</strong></span> 
     </span>
    </p>
   </div>
   <div class='ocr_carea' id='block_1_11' title="bbox 0 0 2344 6041">
    <p class='ocr_par' dir='ltr' id='par_1_11' title="bbox 0 0 2344 6041">
     <span class='ocr_line' id='line_1_47' title="bbox 0 0 2344 6041; baseline 0 0"><span class='ocrx_word' id='word_1_458' title='bbox 0 0 2344 6041; x_wconf 95' lang='lat' dir='ltr'><strong> </strong></span> 
     </span>
    </p>
   </div>
  </div>
 </body>
</html>
