4680 6044
583 607 635 682 AD
653 603 858 682 LITURGIAM
876 601 1069 682 torriculi
1085 604 1116 680 S.
1131 603 1276 680 BASILII.
1544 600 1620 674 187

248 800 279 857 et
301 793 334 854 in
356 793 418 855 vita
440 791 612 873 quotidiana
635 807 708 854 usus
731 796 814 869 erat,
844 796 877 852 ut
904 787 1031 870 Coptica
1059 805 1147 850 sacra
1177 787 1276 851 officia
1298 785 1503 849 Alexandriae
1533 784 1620 848 cele-

244 893 408 956 brarentur
429 891 611 968 instituisse,
634 891 660 953 si
684 890 750 970 quis
773 889 939 967 existimet,
963 886 1084 952 dillieile
1107 889 1164 951 erit
1186 891 1307 950 omnino
1329 894 1362 948 ιιι
1381 886 1542 948 contrariis
1564 903 1621 947 ra-

245 993 378 1055 tionibus
403 992 479 1055 haeo
500 992 673 1073 conjectura
697 995 862 1051 evertatur.
892 987 1003 1052 Saltem
1025 987 1062 1050 ab
1086 1005 1123 1050 eo
1147 993 1197 1049 aut
1218 988 1357 1067 proximo
1379 985 1521 1061 saeculo,
1552 1003 1619 1046 cum

243 1090 349 1173 lingua
365 1092 481 1154 Graeca
502 1091 532 1152 iu
546 1089 691 1172 Aegypto
710 1104 806 1170 prope
828 1087 947 1167 penitus
970 1085 1181 1166 obsolevisset,
1204 1087 1464 1166 successissetque
1486 1085 1618 1148 Arabica

245 1193 278 1254 in
301 1192 369 1272 ejus
391 1169 507 1268 locum,
530 1190 666 1272 vulgaris
690 1186 877 1250 consuetudo
900 1185 1068 1249 introducta
1091 1193 1139 1248 est
1161 1196 1194 1250 ut
1214 1187 1293 1250 inter
1316 1185 1465 1267 Coptitas,
1492 1184 1550 1248 hoc
1573 1191 1621 1247 est

246 1292 368 1355 nativos
391 1289 577 1371 Aegyptios,
600 1289 651 1370 qui
673 1287 811 1369 plerique
834 1284 988 1349 Jacobitae
1012 1293 1116 1365 erant,
1143 1305 1242 1367 neque
1272 1286 1358 1350 aliam
1388 1293 1512 1366 praeter
1533 1302 1618 1347 suam

245 1391 382 1475 linguam
402 1396 566 1467 noverant,
590 1405 677 1450 sacra
699 1385 805 1450 Officia
827 1387 857 1448 in
880 1384 985 1447 eadem
1007 1385 1072 1466 ipsa
1094 1385 1197 1466 lingua
1225 1384 1460 1448 celebrarentur.
1512 1383 1619 1466 Neque

248 1491 329 1554 enim
352 1488 480 1551 dubitari
503 1495 603 1569 potest
628 1486 699 1568 quin
722 1485 882 1566 antiquitus
904 1483 1026 1568 linguae
1048 1484 1230 1547 vernaculae
1253 1503 1325 1547 usus
1348 1483 1532 1547 inlicelesiis
1548 1483 1619 1546 lue-

246 1590 305 1668 rit,
329 1607 388 1650 nec
411 1587 448 1650 de
472 1606 507 1650 ea
531 1587 754 1668 requaeritur.
800 1581 921 1646 Certum
944 1592 1042 1647 autem
1065 1593 1096 1648 et
1123 1593 1209 1647 extra
1237 1603 1353 1648 omnem
1382 1585 1619 1646 controversiam

247 1707 319 1750 esse
343 1686 451 1765 debet,
474 1685 511 1748 ab
534 1704 570 1748 ea
593 1705 681 1769 mam
704 1683 898 1765 designamus
921 1683 1062 1764 Epocha,
1087 1701 1142 1746 seu
1163 1685 1287 1747 saeculo
1309 1684 1447 1765 proximo
1471 1691 1542 1765 post
1561 1699 1621 1744 oe-

248 1795 390 1868 cupatam
421 1787 597 1870 Aegyptum
628 1803 645 1846 a
675 1783 853 1858 Saracenis,
887 1780 1092 1844 Alexandriae
1122 1791 1153 1845 et
1179 1784 1210 1844 in
1238 1790 1299 1844 tota
1329 1782 1424 1845 ferme
1450 1783 1620 1860 Provincia,

246 1894 374 1970 praeter
395 1904 483 1967 quam
504 1888 536 1948 in
558 1883 727 1961 Thebaide,
749 1883 790 1944 ita
813 1883 952 1944 amissam
975 1900 1044 1944 esse
1066 1882 1186 1964 linguae
1201 1880 1411 1966 Aegyptiacae
1434 1883 1513 1963 apud
1529 1881 1621 1945 Chri-

246 1989 381 2065 stianos,
406 1986 457 2067 qui
478 1985 535 2047 soli
559 2004 596 2047 ea
618 1983 779 2046 utebantur
801 1980 1017 2064 cognitionem,
1039 1989 1073 2042 ut
1100 1999 1161 2043 non
1184 1982 1242 2042 nisi
1265 1984 1343 2044 inter
1374 1981 1480 2044 doctos
1503 2000 1618 2064 super-

246 2092 350 2164 esset,
379 2086 486 2165 quibus
516 2084 607 2145 etiam
635 2082 672 2143 ad
696 2100 761 2145 eam
784 2081 1015 2161 comparandam
1037 2080 1086 2142 via
1108 2097 1168 2143 non
1192 2080 1279 2142 aliter
1300 2080 1440 2161 patebat,
1471 2099 1558 2162 quam
1587 2092 1620 2146 ιιι

246 2203 318 2248 eam
340 2184 440 2248 studio
463 2181 663 2248 addiscerent.
688 2183 799 2258 Verum
822 2179 899 2260 apud
922 2178 1042 2260 plebem
1065 2181 1217 2264 incognita
1239 2196 1365 2260 prorsus
1383 2183 1536 2262 remansit,
1559 2199 1621 2244 non

246 2287 348 2347 minus
372 2302 458 2365 quam
484 2285 617 2360 Graeca,
642 2290 672 2344 et
694 2290 792 2344 tamen
815 2279 866 2341 ubi
889 2286 958 2362 post
981 2286 1100 2342 centum
1128 2297 1223 2342 annos
1251 2288 1301 2342 ant
1328 2281 1451 2343 circiter
1473 2279 1644 2343 Melchitis'

248 2403 307 2447 seu
331 2383 515 2446 Ortbodoxis
538 2380 684 2464 quaedam
706 2379 863 2464 Ecclesiae
885 2378 1020 2442 redditae
1042 2385 1132 2457 sunt,
1155 2397 1302 2460 suumque
1324 2378 1525 2444 Patriarebam
1547 2381 1621 2463 ipsis

247 2483 366 2547 babere
390 2501 568 2546 concessum
592 2489 654 2560 est,
677 2478 882 2562 redintegrata
904 2487 974 2541 sunt
997 2479 1077 2540 inter
1099 2497 1153 2541 eos
1177 2477 1283 2541 Officia
1304 2497 1409 2556 sacra,
1439 2487 1530 2561 prout
1552 2487 1622 2543 ante
1655 2517 1661 2526 ·

248 2582 387 2646 Arabum
409 2583 594 2644 invasionem
617 2580 863 2656 celebrabantur,
886 2577 944 2641 hoc
967 2585 1014 2641 cst
1037 2577 1154 2641 Graeca
1175 2578 1294 2662 lingua,
1319 2597 1406 2658 quam
1429 2578 1526 2643 adbuc
1545 2581 1623 2643 reti-

247 2693 341 2763 nent,
366 2683 500 2764 quamvis
523 2680 617 2762 vulgo
640 2681 743 2761 ignota
767 2677 859 2741 soret:
886 2676 1034 2758 simulque
1062 2676 1201 2759 Coptitae
1226 2677 1381 2741 Jacobitae
1402 2678 1622 2762 Aegyptianam

247 2785 458 2859 retinuerunt,
482 2783 541 2844 etsi
563 2779 668 2842 eadem
690 2777 769 2861 apud
791 2777 936 2859 populum
958 2775 1128 2838 illiteratum
1152 2777 1335 2840 obscuritate
1356 2776 1518 2842 laboraret.
1543 2779 1622 2853 Quin

249 2887 294 2947 ita
317 2883 368 2944 dat
390 2881 495 2945 sallem
517 2900 534 2942 a
557 2879 718 2964 nongentis
743 2879 827 2940 anuis
850 2875 979 2938 dubitari
1001 2893 1063 2939 non
1084 2882 1203 2957 potest3
1225 2895 1326 2958 neque
1348 2878 1486 2942 interitus
1500 2879 1622 2963 linguae

251 2981 365 3046 dudum
386 2994 514 3063 prorsus
537 2981 660 3063 ignotae
683 2995 736 3042 eos
758 2977 796 3039 ab
818 2977 940 3057 antiquo
963 2992 1019 3038 suo
1041 2978 1176 3040 instituto
1202 2979 1367 3040 revocavit.
1410 2979 1623 3042 Verumtamen

249 3091 285 3146 ut
308 3081 406 3163 plebis
436 3078 592 3143 commodo
623 3077 851 3154 consuleretur,
881 3077 1046 3138 institutum
1075 3073 1129 3138 fuit
1157 3084 1189 3138 ιιι
1218 3085 1377 3158 postquam
1405 3082 1623 3162 scripturarum

248 3182 344 3246 lectio
368 3182 489 3260 antiquo
512 3178 650 3241 idiomate
675 3175 801 3257 Coptico
824 3175 902 3238 lacta
925 3180 1024 3252 esset,
1054 3176 1153 3237 statim
1182 3176 1406 3257 explicarentur
1435 3198 1513 3261 quae
1542 3179 1622 3242 lcola

251 3289 340 3346 erant
361 3299 420 3362 per
441 3282 660 3360 interpretem,
683 3276 787 3359 lingua
808 3274 928 3358 vulgari
950 3273 1098 3353 Arabica,
1127 3276 1208 3355 quod
1230 3276 1288 3339 buc
1311 3296 1407 3360 usque
1431 3280 1621 3342 observatur.

341 3379 418 3443 Olim
441 3386 583 3459 quantum
606 3396 645 3440 ex
668 3377 759 3438 variis
782 3375 925 3438 historiae
947 3374 1155 3438 Patriarohalis
1178 3375 1252 3438 locis
1274 3379 1426 3460 conjicere
1447 3396 1621 3460 possumus,
1662 3395 1947 3466 interpreutiovulga-

249 3480 328 3542 haec
350 3479 557 3560 interpretatio
580 3477 617 3540 ad
640 3475 784 3558 populum
806 3492 866 3536 non
889 3493 929 3536 ex
951 3473 1028 3535 libro
1051 3473 1155 3550 fiebat,
1178 3475 1233 3537 sed
1255 3477 1325 3539 viva
1346 3495 1439 3540 voce:
1463 3478 1570 3541 suadet
1591 3477 1622 3540 id
1636 3482 1812 3550 risquomodo
1825 3483 1891 3535 lacta
1906 3486 1949 3540 sit.

250 3579 339 3641 locus
371 3597 411 3640 ex
439 3576 709 3641 constitutionibus
741 3572 846 3656 Cyrilli
876 3573 1065 3636 Patriarohae
1093 3591 1186 3655 supra
1212 3576 1320 3639 citatis.
1372 3576 1494 3652 Munna,
1517 3577 1622 3656 inquit,

249 3679 422 3757 scriptores
443 3675 576 3738 Arabiae
597 3675 817 3754 interpretandi
837 3675 869 3734 in
890 3671 1047 3748 Ecclesia,
1069 3673 1113 3734 od
1133 3675 1316 3754 rinprrlmem
1337 3677 1465 3755 dipem
1480 3673 1624 3737 Ordinem

250 3795 312 3837 noo
330 3777 477 3854 pertinet,
500 3776 555 3836 ned
576 3775 751 3856 quicumque
770 3771 945 3851 facultatem
967 3769 1057 3831 babet
1077 3772 1214 3848 dicendi,
1242 3775 1285 3836 od
1311 3783 1392 3837 recte
1416 3777 1624 3853 interpretan-

251 3874 339 3949 dum,
367 3875 432 3936 eice
457 3872 636 3956 Presbyter,
666 3875 731 3934 aine
759 3871 931 3946 Diaconos,
960 3891 996 3933 eo
1030 3868 1131 3951 offlno
1157 3870 1246 3952 fonpi
1270 3879 1379 3954 potent.
1441 3873 1520 3935 Nihil
1547 3889 1622 3935 vero

251 3971 456 4058 significasset
479 3973 535 4034 ista
559 3970 756 4050 Constitutio,
779 3972 806 4032 si
824 3971 886 4052 jam
908 3987 975 4033 cum
997 3969 1187 4052 promulgata
1210 3979 1277 4051 est,
1301 3972 1421 4034 labente
1445 3971 1623 4035 duodecimo

253 4069 392 4146 saeculo,
416 4071 698 4151 interpretationes,
721 4077 754 4132 ut
775 4087 855 4132 rrunc
878 4069 943 4131 heri
965 4069 1058 4147 solet,
1083 4069 1210 4132 luissent
1233 4089 1273 4132 ex
1295 4071 1450 4134 codicibus
1464 4072 1623 4134 recitatae:

252 4177 326 4232 tunc
349 4171 427 4232 enim
449 4169 555 4251 legere
577 4176 691 4232 tantum
719 4177 749 4230 et
775 4168 924 4230 elementa
954 4165 1079 4249 Coptica
1108 4186 1201 4232 nosse
1229 4172 1302 4232 satis
1333 4169 1453 4249 suisset,
1483 4178 1517 4233 ut
1542 4188 1624 4233 nuno

254 4269 334 4351 apud
358 4267 493 4351 Coptitas
517 4269 634 4332 sufficit.
679 4267 712 4330 ld
735 4267 926 4331 conlirmatur
949 4287 988 4330 ex
1011 4284 1048 4329 co
1072 4267 1152 4348 quod
1175 4269 1287 4351 legitur
1315 4271 1346 4331 in
1374 4271 1436 4333 vita
1459 4269 1565 4352 Cprilli
1588 4269 1623 4331 ll.
1659 4315 1664 4328 .

256 4369 307 4448 qui
327 4387 394 4431 cum
408 4369 566 4432 illiteratus
583 4369 703 4432 omnino
718 4365 813 4446 foret,
835 4375 993 4449 postquam
1006 4367 1043 4431 ad
1058 4369 1288 4431 Patriarohalem
1308 4369 1481 4453 dignitatem
1498 4375 1623 4432 evectus

256 4477 316 4546 est,
340 4488 480 4550 mopnom
501 4470 533 4530 in
555 4470 655 4532 studio
678 4467 871 4548 Copticorum
892 4467 1037 4530 librorum
1059 4486 1183 4546 opernm
1209 4469 1368 4548 impendit,
1393 4477 1427 4532 nt
1454 4471 1625 4549 scripturos

255 4567 298 4628 od
315 4567 458 4646 porrectum
476 4575 582 4647 posset
601 4568 806 4647 interpretari.
851 4565 884 4627 ln
907 4566 1038 4628 Historia
1067 4567 1168 4628 Vazae
1196 4567 1248 4630 dlii
1278 4567 1372 4650 Rejah
1399 4570 1450 4649 qui
1479 4568 1624 4630 miraculo

257 4664 295 4728 ad
320 4664 407 4728 hdem
431 4664 628 4729 Christianam
651 4681 819 4729 conversus
841 4673 904 4740 est,
927 4665 1069 4729 scribitur
1091 4665 1299 4746 Sacerdotem,
1328 4686 1388 4748 quo
1410 4668 1624 4748 catechisante,

255 4765 321 4846 ejus
345 4766 487 4846 mysteria
510 4765 648 4846 edidicit,
672 4765 842 4846 scripturos
863 4767 924 4844 ipsi
944 4786 984 4826 ee
1006 4763 1133 4844 Coptica
1153 4765 1257 4846 linquo
1276 4765 1411 4830 Arabiae
1438 4770 1625 4848 interpreto-

259 4871 320 4924 tnm
339 4863 446 4943 foisse.
491 4863 534 4927 lta
557 4865 594 4928 de
618 4865 722 4927 blarco
743 4863 806 4927 lilio
828 4862 1008 4942 Elhonbari,
1036 4865 1088 4943 qui
1115 4871 1174 4926 tam
1201 4865 1396 4939 vehementer
1417 4885 1539 4931 errores
1561 4868 1623 4931 Ec«

260 4961 371 5026 clesiae
394 4963 615 5028 Alexandrinae
637 4963 739 5027 varios
763 4965 925 5028 insectatus
949 4971 1013 5042 est,
1036 4969 1066 5025 ct
1089 4961 1126 5025 de
1149 4982 1209 5044 quo
1232 4965 1342 5028 dictum
1365 4974 1422 5029 mm
1444 4969 1474 5029 in
1487 4968 1625 5049 Epitome

259 5061 424 5144 ilistorica,
448 5082 536 5145 quam
558 5065 588 5126 in
609 5063 829 5127 Dissertatione
851 5062 889 5126 de
912 5063 1112 5142 Poenitentia,
1136 5063 1279 5147 legimus,
1302 5065 1382 5146 quod
1405 5067 1483 5149 apud
1506 5067 1626 5150 plebem
