4736 6064
611 489 653 564 III
678 487 884 565 LIIURGIAII
909 485 1164 566 AITIIIOPICbIl
1190 484 1408 563 PRAEFATIO.
1616 483 1689 556 471

324 698 393 748 oon
419 673 555 749 Corban
581 678 750 772 sipnificet
774 674 931 746 Arabica
957 675 1212 746 Encboristimn
1241 677 1278 744 in
1309 671 1386 744 loco
1413 695 1509 767 quem
1536 677 1622 744 citat
1650 697 1696 745 aa

325 795 483 863 versione
510 789 683 864 Canonum
708 794 989 884 Ancyranorom:
1014 790 1188 883 Lndolp'as.
1231 787 1342 880 Vulgo
1371 811 1502 882 quoque
1530 791 1696 883 significat

324 928 445 1002 panem
472 917 505 980 et
537 911 652 981 vinum
683 899 895 980 benedictum
928 910 961 978 in
995 929 1091 978 sacra
1122 903 1248 979 Coena.
1308 906 1358 976 At
1392 907 1695 999 interpretationes

312 1021 406 1091 illae
435 1023 549 1116 salsae
582 1030 667 1096 sant.
729 1023 819 1093 Nam
853 1025 889 1094 in
919 1027 1033 1117 prima
1068 1024 1254 1094 certissime
1289 1024 1405 1116 apitur
1438 1022 1480 1093 de
1514 1023 1694 1095 Oblatioae

324 1141 500 1230 sacrificii,
528 1162 596 1210 noa
623 1140 897 1212 desacromeali
923 1137 1169 1209 distributione.
1204 1136 1285 1222 (luis
1311 1159 1394 1206 aero
1420 1140 1488 1207 nisi
1510 1139 1603 1233 apud
1615 1139 1693 1208 Lu-

326 1253 489 1326 tberanos
522 1278 662 1327 coenam
695 1254 900 1327 distribuere
934 1255 1051 1326 dicit?
1093 1254 1167 1324 Aut
1199 1257 1274 1348 qais
1300 1253 1434 1322 tandem
1459 1257 1490 1325 is
1515 1257 1695 1325 minister?

324 1369 541 1441 insecundo
567 1393 668 1442 error
694 1371 830 1458 similis,
857 1392 965 1465 neque
992 1373 1079 1441 enim
1105 1371 1148 1441 de
1174 1369 1399 1441 Eocbaristia
1425 1372 1539 1463 apilur
1564 1370 1626 1439 scd
1651 1369 1694 1439 de

323 1484 471 1577 fidelium
498 1485 734 1559 oblationibus.
764 1486 805 1556 ln
832 1490 937 1557 tertia
961 1489 1074 1559 scieas
1100 1493 1135 1557 et
1159 1485 1275 1556 colens
1297 1489 1466 1578 peccauit,
1493 1505 1562 1554 non
1588 1489 1695 1556 minus

326 1608 448 1672 contra
474 1605 757 1696 sipnificationern
782 1602 1043 1694 Aetbiopicom,
1076 1626 1175 1697 quam
1201 1607 1324 1672 contra
1349 1600 1554 1693 Aelbiopnm
1570 1650 1572 1658 -
1583 1603 1694 1695 fidens,

326 1719 385 1810 qui
416 1725 663 1788 sacramentnm
699 1719 834 1812 quando
866 1718 1183 1789 communicantibus
1216 1717 1445 1804 distribuitur,
1485 1739 1554 1788 non
1593 1717 1695 1788 aliter

328 1840 455 1904 cocant
481 1856 580 1928 qaam
606 1856 728 1928 corpus
755 1843 788 1905 et
806 1837 1001 1926 sanguinem
1023 1834 1151 1906 Christi.
1185 1833 1321 1904 Nullam
1346 1837 1462 1926 itaque
1490 1839 1541 1904 tol
1566 1832 1694 1905 absur-

325 1950 444 2019 darum
470 1953 788 2042 interpretationum
812 1953 982 2020 rationem
1008 1953 1128 2022 merito
1155 1950 1338 2038 babuimus,
1368 1972 1435 2021 non
1461 1953 1570 2042 mapis
1597 1973 1695 2044 qaam

325 2063 470 2135 aliorum
497 2089 581 2158 quas
606 2069 642 2136 ia
667 2068 759 2137 nolis
786 2065 1040 2158 explicabimus.

280 2279 282 2284 Ι
427 2179 580 2250 Primam
606 2179 698 2250 illam
724 2187 818 2272 cujus
843 2185 1033 2253 versionem
1058 2184 1185 2272 damus,
1211 2194 1337 2256 cocant
1363 2189 1551 2283 Aelbiopes
1576 2190 1694 2262 Litus-

325 2298 415 2388 giam
439 2296 689 2391 Apostolorum,
720 2302 758 2367 al
783 2303 987 2368 notaaeruat
1013 2303 1071 2393 qai
1098 2301 1278 2372 editionem
1304 2313 1510 2378 serraverunt
1536 2312 1571 2379 in
1598 2315 1694 2402 ejus-

263 2445 267 2455 ·
325 2413 399 2482 dem
423 2416 511 2505 fine:
536 2413 579 2482 de
605 2435 670 2506 qao
699 2413 796 2483 tilulo
822 2420 860 2483 ut
886 2415 928 2485 de
953 2415 1110 2510 reliquis,
1146 2421 1319 2512 sufficiunt
1351 2445 1439 2515 quae
1466 2423 1508 2494 de
1534 2425 1599 2496 boc
1626 2450 1693 2496 or-

324 2535 478 2624 pnmento
495 2529 641 2600 dicimus
658 2533 694 2600 ia
712 2531 967 2603 Dissertatione
978 2537 1134 2625 praecio,
1161 2559 1239 2605 nam
1257 2535 1318 2608 illa
1334 2561 1401 2610 aon
1416 2543 1523 2612 minos
1540 2541 1694 2612 Actbio-

318 2647 411 2736 picis
438 2666 537 2739 quam
563 2643 642 2715 aliis
668 2645 899 2718 Orientalibus
923 2647 1090 2744 Lilurpiis
1121 2655 1333 2724 conueniunt.
1391 2655 1569 2728 Habentur
1602 2658 1695 2730 oliae

321 2767 510 2854 praeterea
536 2780 654 2831 nocem
680 2759 709 2830 1.
735 2763 881 2833 loannis
906 2764 1158 2861 annpelistae.
1185 2766 1231 2838 II.
1258 2768 1400 2840 Patram
1418 2772 1694 2845 Ortbodoaorum

323 2876 557 2946 Nicuenorum
584 2873 793 2948 CCCXVIII.
845 2877 911 2949 111.
946 2880 982 2951 S.
1009 2881 1198 2975 Epipbaati
1225 2884 1427 2959 Ortbodoni.
1480 2888 1542 2962 IV.
1569 2891 1696 2962 iacobi

323 2989 535 3086 Serapensis.
570 2989 606 3063 V.
632 2993 779 3064 loannis
806 2993 1042 3088 Cbrpsostomi.
1075 2998 1131 3071 VI.
1158 3000 1298 3072 Domini
1324 3009 1435 3076 nostri
1459 3008 1543 3078 lesu
1570 3007 1697 3079 Cbrisli

330 3130 418 3202 qaae
445 3108 539 3177 edito
565 3113 616 3178 est
643 3131 716 3178 oum
739 3113 862 3202 prima,
889 3113 937 3182 od
959 3116 1060 3206 finem
1086 3114 1179 3186 Noni
1209 3117 1422 3190 Testamenti.
1458 3120 1530 3195 VII.
1559 3124 1594 3195 S.
1609 3123 1694 3194 Ma-

325 3227 404 3294 riae
431 3246 530 3317 qnam
555 3226 694 3316 scripsit
719 3224 908 3315 Heriocos,
941 3229 996 3300 ael
1020 3231 1193 3323 Kpriacus
1218 3234 1510 3330 Arcbiepiscopas
1535 3237 1696 3312 Bebasae

323 3340 467 3426 ibidem,
486 3340 589 3411 edito.
624 3338 717 3412 VIII.
735 3340 771 3412 S.
791 3341 954 3437 Grcporii
972 3346 1143 3443 Tbeolopi.
1169 3348 1233 3421 IX.
1247 3349 1414 3423 Dioscori
1428 3377 1527 3448 quom
1541 3357 1695 3429 Aetbio-

322 3457 403 3548 pice
429 3459 464 3525 et
490 3455 616 3526 Latiae
649 3455 866 3530 Wanslebias
892 3460 1000 3532 edidit
1025 3463 1175 3536 Londini
1199 3464 1384 3542 MDCLXI.
1418 3471 1502 3542 Illas
1527 3473 1696 3546 babuerat

324 3593 371 3641 ea
391 3570 518 3641 Codice
539 3571 697 3642 Eduardi
717 3574 885 3646 Pococlsii
910 3584 945 3647 et
970 3578 1211 3674 descripserat,
1239 3585 1536 3681 apoprapbumque
1562 3589 1696 3661 illoram

324 3686 469 3757 babetur
502 3687 793 3788 inBibliotbeca
825 3692 905 3765 titt.
939 3693 1014 3764 PP.
1047 3695 1335 3770 Praedicatorum
1370 3705 1406 3771 in
1440 3702 1507 3774 bac
1539 3704 1624 3776 arbe
1650 3707 1697 3778 od

325 3809 475 3874 sanctum
508 3803 738 3894 Honoratum,
772 3829 817 3876 aa
849 3807 962 3904 lepoto
996 3811 1040 3882 D.
1076 3813 1245 3886 Ludooici
1279 3815 1427 3910 Pieques
1459 3819 1626 3892 Doctoris
1660 3828 1695 3893 et

325 3917 424 3989 Socii
449 3917 644 3990 Sorbonici.
696 3921 786 3992 Illud
811 3925 997 4018 exemplum
1021 3930 1103 4000 mibi
1128 3930 1272 4027 benipne
1299 3939 1556 4006 communicabit
1581 3939 1626 4010 R.
1653 3938 1695 4008 P.

324 4033 476 4106 Micbael
501 4033 655 4131 Lequien
681 4037 841 4110 doctrino
867 4047 901 4110 el
927 4043 1077 4116 editione
1104 4069 1243 4140 operum
1263 4046 1300 4118 S.
1321 4050 1468 4123 loannis
1485 4051 1697 4126 Damasceni

324 4152 524 4222 notissimas.
573 4150 655 4222 Cum
680 4153 815 4224 illoram
840 4160 1029 4230 versionem
1054 4161 1133 4232 baio
1160 4163 1355 4237 collectioni
1381 4167 1566 4261 odjonpcre
1593 4176 1695 4267 copi-

325 4272 502 4354 tossemus,
533 4267 570 4338 id
596 4291 642 4339 ea
671 4274 772 4342 unico
791 4295 855 4343 nec
873 4278 1051 4382 primaeuo
1073 4279 1262 4372 exemplari
1281 4282 1363 4372 fieri
1378 4285 1439 4352 oia
1456 4307 1560 4376 posse
1580 4308 1694 4379 opno-

322 4384 458 4470 aimus,
470 4388 505 4452 et
527 4384 640 4454 inutili
657 4384 771 4458 labori
787 4393 1050 4482 supersedimus:
1071 4399 1145 4464 loto
1162 4399 1249 4466 enim
1265 4396 1444 4494 Liturpiae
1465 4401 1696 4494 Aetbiopicae

323 4497 502 4592 dispositio
525 4522 571 4571 ea
587 4504 702 4593 prima
725 4511 882 4597 quantum
902 4530 986 4601 opus
1008 4517 1059 4582 est
1078 4509 1288 4608 intellipitar.

742 4811 1270 4854 ’ψ-
