<?xml version="1.0" encoding="UTF-8"?>
<!DOCTYPE html PUBLIC "-//W3C//DTD XHTML 1.0 Transitional//EN"
    "http://www.w3.org/TR/xhtml1/DTD/xhtml1-transitional.dtd">
<html xmlns="http://www.w3.org/1999/xhtml" xml:lang="en" lang="en">
 <head>
  <title>
</title>
<meta http-equiv="Content-Type" content="text/html;charset=utf-8" />
  <meta name='ocr-system' content='tesseract 3.04.00' />
  <meta name='ocr-capabilities' content='ocr_page ocr_carea ocr_par ocr_line ocrx_word'/>
</head>
<body>
  <div class='ocr_page' id='page_1' title='image "./liturgiarumorie03renagoog_0506.png"; bbox 0 0 4686 6060; ppageno 0'>
   <div class='ocr_carea' id='block_1_1' title="bbox 600 1112 1235 1291">
    <p class='ocr_par' dir='ltr' id='par_1_1' title="bbox 600 1112 1235 1291">
     <span class='ocr_line' id='line_1_1' title="bbox 600 1112 1235 1291; baseline -0.005 -1"><span class='ocrx_word' id='word_1_1' title='bbox 600 1112 1235 1291; x_wconf 82' lang='lat' dir='ltr'><em>hPPllNDlll</em></span> 
     </span>
    </p>
   </div>
   <div class='ocr_carea' id='block_1_2' title="bbox 443 1446 1377 1562">
    <p class='ocr_par' dir='ltr' id='par_1_2' title="bbox 443 1446 1377 1562">
     <span class='ocr_line' id='line_1_2' title="bbox 443 1446 1377 1562; baseline -0.005 -17"><span class='ocrx_word' id='word_1_2' title='bbox 443 1455 516 1545; x_wconf 76' lang='lat' dir='ltr'><em>nn</em></span> <span class='ocrx_word' id='word_1_3' title='bbox 555 1449 863 1545; x_wconf 76' lang='lat' dir='ltr'><em>struamus</em></span> <span class='ocrx_word' id='word_1_4' title='bbox 904 1446 1377 1562; x_wconf 71' lang='lat' dir='ltr'><em>nnssnnnmnnq</em></span> 
     </span>
    </p>
   </div>
   <div class='ocr_carea' id='block_1_3' title="bbox 240 1679 1608 2015">
    <p class='ocr_par' dir='ltr' id='par_1_3' title="bbox 240 1679 1608 2015">
     <span class='ocr_line' id='line_1_3' title="bbox 240 1679 1607 1772; baseline -0.007 -13"><span class='ocrx_word' id='word_1_5' title='bbox 240 1688 425 1760; x_wconf 75' lang='lat' dir='ltr'><em>Continent</em></span> <span class='ocrx_word' id='word_1_6' title='bbox 450 1685 738 1759; x_wconf 84' lang='lat' dir='ltr'><em>Dissertatioaem</em></span> <span class='ocrx_word' id='word_1_7' title='bbox 773 1683 816 1753; x_wconf 88' lang='lat' dir='ltr'><em>de</em></span> <span class='ocrx_word' id='word_1_8' title='bbox 849 1679 1065 1752; x_wconf 82' lang='lat' dir='ltr'><em>Potriarcho</em></span> <span class='ocrx_word' id='word_1_9' title='bbox 1098 1679 1340 1751; x_wconf 72' lang='lat' dir='ltr'><em>Alexandrino</em></span> <span class='ocrx_word' id='word_1_10' title='bbox 1375 1679 1607 1772; x_wconf 74' lang='lat' dir='ltr'><em>Coptilaram3</em></span> 
     </span>
     <span class='ocr_line' id='line_1_4' title="bbox 292 1794 1608 1891; baseline -0.007 -15"><span class='ocrx_word' id='word_1_11' title='bbox 292 1811 326 1877; x_wconf 88' lang='lat' dir='ltr'><em>et</em></span> <span class='ocrx_word' id='word_1_12' title='bbox 365 1808 467 1874; x_wconf 82' lang='lat' dir='ltr'><em>ritum</em></span> <span class='ocrx_word' id='word_1_13' title='bbox 502 1803 730 1873; x_wconf 68' lang='lat' dir='ltr'><em>ordinationis</em></span> <span class='ocrx_word' id='word_1_14' title='bbox 762 1799 909 1890; x_wconf 74' lang='lat' dir='ltr'><em>ejsudem</em></span> <span class='ocrx_word' id='word_1_15' title='bbox 944 1820 990 1870; x_wconf 81' lang='lat' dir='ltr'><em>ea</em></span> <span class='ocrx_word' id='word_1_16' title='bbox 1023 1796 1225 1891; x_wconf 87' lang='lat' dir='ltr'><em>Pontificoli</em></span> <span class='ocrx_word' id='word_1_17' title='bbox 1256 1794 1497 1868; x_wconf 73' lang='lat' dir='ltr'><em>Bibliothecae</em></span> <span class='ocrx_word' id='word_1_18' title='bbox 1534 1795 1608 1868; x_wconf 87' lang='lat' dir='ltr'><em>Se-</em></span> 
     </span>
     <span class='ocr_line' id='line_1_5' title="bbox 292 1918 877 2015; baseline -0.014 -24"><span class='ocrx_word' id='word_1_19' title='bbox 292 1923 494 2015; x_wconf 83' lang='lat' dir='ltr'><em>paicrionac</em></span> <span class='ocrx_word' id='word_1_20' title='bbox 520 1918 645 1989; x_wconf 80' lang='lat' dir='ltr'><em>hotine</em></span> <span class='ocrx_word' id='word_1_21' title='bbox 661 1936 877 2008; x_wconf 64' lang='lat' dir='ltr'><em>‚conoessum</em></span> 
     </span>
    </p>
   </div>
   <div class='ocr_carea' id='block_1_4' title="bbox 240 2130 1667 5112">
    <p class='ocr_par' dir='ltr' id='par_1_4' title="bbox 240 2110 1667 5112">
     <span class='ocr_line' id='line_1_6' title="bbox 342 2130 1608 2215; baseline -0.009 -10"><span class='ocrx_word' id='word_1_22' title='bbox 342 2130 495 2206; x_wconf 84' lang='lat' dir='ltr'><em>ernnnns</em></span> <span class='ocrx_word' id='word_1_23' title='bbox 530 2135 744 2200; x_wconf 80' lang='lat' dir='ltr'><em>Alexandrinis</em></span> <span class='ocrx_word' id='word_1_24' title='bbox 781 2133 985 2198; x_wconf 86' lang='lat' dir='ltr'><em>tacobitarum</em></span> <span class='ocrx_word' id='word_1_25' title='bbox 1018 2132 1203 2215; x_wconf 87' lang='lat' dir='ltr'><em>subjungere</em></span> <span class='ocrx_word' id='word_1_26' title='bbox 1232 2133 1329 2195; x_wconf 89' lang='lat' dir='ltr'><em>visum</em></span> <span class='ocrx_word' id='word_1_27' title='bbox 1358 2138 1405 2194; x_wconf 89' lang='lat' dir='ltr'><em>est</em></span> <span class='ocrx_word' id='word_1_28' title='bbox 1432 2131 1472 2195; x_wconf 90' lang='lat' dir='ltr'><em>oh</em></span> <span class='ocrx_word' id='word_1_29' title='bbox 1510 2149 1608 2215; x_wconf 90' lang='lat' dir='ltr'><em>argu-</em></span> 
     </span>
     <span class='ocr_line' id='line_1_7' title="bbox 241 2234 1611 2318; baseline -0.007 -10"><span class='ocrx_word' id='word_1_30' title='bbox 241 2247 333 2310; x_wconf 90' lang='lat' dir='ltr'><em>menti</em></span> <span class='ocrx_word' id='word_1_31' title='bbox 362 2242 615 2318; x_wconf 74' lang='lat' dir='ltr'><em>conformitatem,</em></span> <span class='ocrx_word' id='word_1_32' title='bbox 646 2239 892 2302; x_wconf 87' lang='lat' dir='ltr'><em>Dissertatiouem</em></span> <span class='ocrx_word' id='word_1_33' title='bbox 921 2238 960 2300; x_wconf 87' lang='lat' dir='ltr'><em>de</em></span> <span class='ocrx_word' id='word_1_34' title='bbox 989 2236 1161 2299; x_wconf 87' lang='lat' dir='ltr'><em>Patriareha</em></span> <span class='ocrx_word' id='word_1_35' title='bbox 1189 2234 1412 2314; x_wconf 79' lang='lat' dir='ltr'><em>Alexandrino,</em></span> <span class='ocrx_word' id='word_1_36' title='bbox 1443 2236 1611 2300; x_wconf 89' lang='lat' dir='ltr'><em>secundum</em></span> 
     </span>
     <span class='ocr_line' id='line_1_8' title="bbox 240 2322 1651 2423; baseline -0.009 -15"><span class='ocrx_word' id='word_1_37' title='bbox 240 2344 399 2408; x_wconf 84' lang='lat' dir='ltr'><strong>Ecclesiae</strong></span> <span class='ocrx_word' id='word_1_38' title='bbox 423 2342 567 2423; x_wconf 82' lang='lat' dir='ltr'><em>Copticac</em></span> <span class='ocrx_word' id='word_1_39' title='bbox 591 2338 787 2418; x_wconf 82' lang='lat' dir='ltr'><em>disciplinam,</em></span> <span class='ocrx_word' id='word_1_40' title='bbox 811 2357 851 2400; x_wconf 89' lang='lat' dir='ltr'><em>ex</em></span> <span class='ocrx_word' id='word_1_41' title='bbox 862 2336 1081 2418; x_wconf 89' lang='lat' dir='ltr'><em>probatissimis</em></span> <span class='ocrx_word' id='word_1_42' title='bbox 1102 2335 1266 2397; x_wconf 78' lang='lat' dir='ltr'><em>Autorihus</em></span> <span class='ocrx_word' id='word_1_43' title='bbox 1283 2334 1472 2416; x_wconf 88' lang='lat' dir='ltr'><em>explicatam.</em></span> <span class='ocrx_word' id='word_1_44' title='bbox 1495 2335 1611 2408; x_wconf 79' lang='lat' dir='ltr'><em>Quam·-</em></span> <span class='ocrx_word' id='word_1_45' title='bbox 1647 2322 1651 2331; x_wconf 71' lang='grc'><em>’</em></span> 
     </span>
     <span class='ocr_line' id='line_1_9' title="bbox 242 2433 1610 2518; baseline -0.006 -12"><span class='ocrx_word' id='word_1_46' title='bbox 242 2447 289 2507; x_wconf 86' lang='lat' dir='ltr'><em>vis</em></span> <span class='ocrx_word' id='word_1_47' title='bbox 312 2445 391 2506; x_wconf 92' lang='lat' dir='ltr'><em>enim</em></span> <span class='ocrx_word' id='word_1_48' title='bbox 414 2461 455 2505; x_wconf 90' lang='lat' dir='ltr'><em>ex</em></span> <span class='ocrx_word' id='word_1_49' title='bbox 477 2440 607 2504; x_wconf 80' lang='lat' dir='ltr'><em>Historia</em></span> <span class='ocrx_word' id='word_1_50' title='bbox 629 2436 824 2500; x_wconf 89' lang='lat' dir='ltr'><em>Patriarchali</em></span> <span class='ocrx_word' id='word_1_51' title='bbox 846 2455 944 2518; x_wconf 85' lang='lat' dir='ltr'>nuper</span> <span class='ocrx_word' id='word_1_52' title='bbox 966 2435 1062 2514; x_wconf 88' lang='lat' dir='ltr'><em>edita,</em></span> <span class='ocrx_word' id='word_1_53' title='bbox 1085 2435 1247 2515; x_wconf 89' lang='lat' dir='ltr'><em>praecipua</em></span> <span class='ocrx_word' id='word_1_54' title='bbox 1277 2433 1451 2516; x_wconf 90' lang='lat' dir='ltr'><em>disciplinae</em></span> <span class='ocrx_word' id='word_1_55' title='bbox 1481 2436 1520 2498; x_wconf 93' lang='lat' dir='ltr'><em>ad</em></span> <span class='ocrx_word' id='word_1_56' title='bbox 1542 2435 1610 2498; x_wconf 91' lang='lat' dir='ltr'><em>ele-</em></span> 
     </span>
     <span class='ocr_line' id='line_1_10' title="bbox 242 2533 1609 2618; baseline -0.008 -10"><span class='ocrx_word' id='word_1_57' title='bbox 242 2545 371 2608; x_wconf 89' lang='lat' dir='ltr'><em>ctionem</em></span> <span class='ocrx_word' id='word_1_58' title='bbox 403 2540 643 2604; x_wconf 87' lang='lat' dir='ltr'><em>Patriarcharum</em></span> <span class='ocrx_word' id='word_1_59' title='bbox 673 2538 837 2618; x_wconf 88' lang='lat' dir='ltr'><em>spectantis</em></span> <span class='ocrx_word' id='word_1_60' title='bbox 868 2536 984 2617; x_wconf 91' lang='lat' dir='ltr'><em>capita,</em></span> <span class='ocrx_word' id='word_1_61' title='bbox 1014 2552 1078 2596; x_wconf 93' lang='lat' dir='ltr'><em>mos</em></span> <span class='ocrx_word' id='word_1_62' title='bbox 1099 2533 1292 2597; x_wconf 85' lang='lat' dir='ltr'><em>Comitiorum</em></span> <span class='ocrx_word' id='word_1_63' title='bbox 1316 2533 1609 2613; x_wconf 88' lang='lat' dir='ltr'><em>Ecclesiasticorum,</em></span> 
     </span>
     <span class='ocr_line' id='line_1_11' title="bbox 245 2632 1610 2718; baseline -0.004 -12"><span class='ocrx_word' id='word_1_64' title='bbox 245 2644 332 2706; x_wconf 87' lang='lat' dir='ltr'><em>dotes</em></span> <span class='ocrx_word' id='word_1_65' title='bbox 369 2644 399 2704; x_wconf 90' lang='lat' dir='ltr'><em>in</em></span> <span class='ocrx_word' id='word_1_66' title='bbox 426 2639 597 2703; x_wconf 89' lang='lat' dir='ltr'><em>Patriarcha</em></span> <span class='ocrx_word' id='word_1_67' title='bbox 626 2638 801 2718; x_wconf 84' lang='lat' dir='ltr'><em>requisitae,</em></span> <span class='ocrx_word' id='word_1_68' title='bbox 831 2635 910 2699; x_wconf 91' lang='lat' dir='ltr'><em>illius</em></span> <span class='ocrx_word' id='word_1_69' title='bbox 941 2635 1095 2710; x_wconf 81' lang='lat' dir='ltr'><em>autoritas,</em></span> <span class='ocrx_word' id='word_1_70' title='bbox 1126 2632 1311 2697; x_wconf 89' lang='lat' dir='ltr'><em>Dioeceseos</em></span> <span class='ocrx_word' id='word_1_71' title='bbox 1340 2633 1465 2713; x_wconf 89' lang='lat' dir='ltr'><em>limites,</em></span> <span class='ocrx_word' id='word_1_72' title='bbox 1496 2643 1526 2699; x_wconf 92' lang='lat' dir='ltr'><em>et</em></span> <span class='ocrx_word' id='word_1_73' title='bbox 1554 2656 1610 2700; x_wconf 86' lang='lat' dir='ltr'><em>re-</em></span> 
     </span>
     <span class='ocr_line' id='line_1_12' title="bbox 243 2733 1610 2823; baseline -0.003 -19"><span class='ocrx_word' id='word_1_74' title='bbox 243 2743 325 2823; x_wconf 89' lang='lat' dir='ltr'><em>liqna</em></span> <span class='ocrx_word' id='word_1_75' title='bbox 348 2743 406 2805; x_wconf 90' lang='lat' dir='ltr'><em>alia</em></span> <span class='ocrx_word' id='word_1_76' title='bbox 427 2739 552 2822; x_wconf 80' lang='lat' dir='ltr'><em>intelligi</em></span> <span class='ocrx_word' id='word_1_77' title='bbox 574 2739 646 2800; x_wconf 90' lang='lat' dir='ltr'><em>satis</em></span> <span class='ocrx_word' id='word_1_78' title='bbox 670 2737 831 2817; x_wconf 90' lang='lat' dir='ltr'><em>perspicue</em></span> <span class='ocrx_word' id='word_1_79' title='bbox 854 2736 970 2816; x_wconf 87' lang='lat' dir='ltr'><em>possint</em></span> <span class='ocrx_word' id='word_1_80' title='bbox 977 2754 987 2809; x_wconf 92' lang='lat'>;</span> <span class='ocrx_word' id='word_1_81' title='bbox 1010 2742 1108 2796; x_wconf 90' lang='lat' dir='ltr'><em>tamen</em></span> <span class='ocrx_word' id='word_1_82' title='bbox 1130 2734 1273 2822; x_wconf 86' lang='lat' dir='ltr'><em>materiae</em></span> <span class='ocrx_word' id='word_1_83' title='bbox 1295 2733 1380 2797; x_wconf 89' lang='lat' dir='ltr'><em>istius</em></span> <span class='ocrx_word' id='word_1_84' title='bbox 1408 2736 1526 2800; x_wconf 89' lang='lat' dir='ltr'><em>novitas</em></span> <span class='ocrx_word' id='word_1_85' title='bbox 1548 2737 1610 2800; x_wconf 85' lang='lat' dir='ltr'><em>dit-</em></span> 
     </span>
     <span class='ocr_line' id='line_1_13' title="bbox 243 2830 1609 2918; baseline -0.002 -15"><span class='ocrx_word' id='word_1_86' title='bbox 243 2841 350 2903; x_wconf 87' lang='lat' dir='ltr'><em>hcilem</em></span> <span class='ocrx_word' id='word_1_87' title='bbox 375 2839 444 2902; x_wconf 87' lang='lat' dir='ltr'><em>lacit</em></span> <span class='ocrx_word' id='word_1_88' title='bbox 466 2835 672 2917; x_wconf 89' lang='lat' dir='ltr'><em>exemplorum</em></span> <span class='ocrx_word' id='word_1_89' title='bbox 689 2835 952 2915; x_wconf 84' lang='lat' dir='ltr'><em>comparationem,</em></span> <span class='ocrx_word' id='word_1_90' title='bbox 976 2832 1015 2896; x_wconf 92' lang='lat' dir='ltr'><em>ita</em></span> <span class='ocrx_word' id='word_1_91' title='bbox 1038 2840 1071 2894; x_wconf 91' lang='lat' dir='ltr'><em>ut</em></span> <span class='ocrx_word' id='word_1_92' title='bbox 1094 2851 1134 2894; x_wconf 90' lang='lat' dir='ltr'><em>ex</em></span> <span class='ocrx_word' id='word_1_93' title='bbox 1158 2830 1217 2893; x_wconf 88' lang='lat' dir='ltr'><em>illis</em></span> <span class='ocrx_word' id='word_1_94' title='bbox 1235 2831 1313 2913; x_wconf 89' lang='lat' dir='ltr'><em>juris</em></span> <span class='ocrx_word' id='word_1_95' title='bbox 1329 2834 1493 2898; x_wconf 90' lang='lat' dir='ltr'><em>communis</em></span> <span class='ocrx_word' id='word_1_96' title='bbox 1510 2837 1609 2918; x_wconf 89' lang='lat' dir='ltr'><em>aliqua</em></span> 
     </span>
     <span class='ocr_line' id='line_1_14' title="bbox 244 2931 1611 3022; baseline -0.003 -19"><span class='ocrx_word' id='word_1_97' title='bbox 244 2939 353 3022; x_wconf 84' lang='lat' dir='ltr'><em>regula</em></span> <span class='ocrx_word' id='word_1_98' title='bbox 376 2938 515 3002; x_wconf 90' lang='lat' dir='ltr'><em>constitui</em></span> <span class='ocrx_word' id='word_1_99' title='bbox 540 2931 625 2998; x_wconf 89' lang='lat' dir='ltr'><em>cerlo</em></span> <span class='ocrx_word' id='word_1_100' title='bbox 648 2934 699 2995; x_wconf 87' lang='lat' dir='ltr'><em>vix</em></span> <span class='ocrx_word' id='word_1_101' title='bbox 722 2941 821 3014; x_wconf 87' lang='lat' dir='ltr'><em>queat.</em></span> <span class='ocrx_word' id='word_1_102' title='bbox 856 2933 929 2996; x_wconf 93' lang='lat' dir='ltr'><em>lltnd</em></span> <span class='ocrx_word' id='word_1_103' title='bbox 953 2951 970 2994; x_wconf 90' lang='lat' dir='ltr'><em>a</em></span> <span class='ocrx_word' id='word_1_104' title='bbox 994 2933 1112 2995; x_wconf 91' lang='lat' dir='ltr'><em>nemine</em></span> <span class='ocrx_word' id='word_1_105' title='bbox 1135 2932 1193 2995; x_wconf 91' lang='lat' dir='ltr'><em>huc</em></span> <span class='ocrx_word' id='word_1_106' title='bbox 1215 2950 1311 3013; x_wconf 91' lang='lat' dir='ltr'><em>usque</em></span> <span class='ocrx_word' id='word_1_107' title='bbox 1335 2935 1407 2998; x_wconf 87' lang='lat' dir='ltr'><em>satis</em></span> <span class='ocrx_word' id='word_1_108' title='bbox 1431 2935 1611 3018; x_wconf 89' lang='lat' dir='ltr'><em>explicatum</em></span> 
     </span>
     <span class='ocr_line' id='line_1_15' title="bbox 246 3031 1611 3117; baseline -0.003 -14"><span class='ocrx_word' id='word_1_109' title='bbox 246 3049 304 3117; x_wconf 89' lang='lat' dir='ltr'><em>est,</em></span> <span class='ocrx_word' id='word_1_110' title='bbox 327 3057 394 3101; x_wconf 93' lang='lat' dir='ltr'><em>cum</em></span> <span class='ocrx_word' id='word_1_111' title='bbox 417 3037 550 3101; x_wconf 81' lang='lat' dir='ltr'><em>Antores</em></span> <span class='ocrx_word' id='word_1_112' title='bbox 579 3033 750 3115; x_wconf 79' lang='lat' dir='ltr'><em>Aegyptios</em></span> <span class='ocrx_word' id='word_1_113' title='bbox 781 3033 831 3116; x_wconf 91' lang='lat' dir='ltr'><em>qui</em></span> <span class='ocrx_word' id='word_1_114' title='bbox 857 3033 939 3096; x_wconf 87' lang='lat' dir='ltr'><em>luris</em></span> <span class='ocrx_word' id='word_1_115' title='bbox 957 3031 1115 3095; x_wconf 86' lang='lat' dir='ltr'><em>·Canonici</em></span> <span class='ocrx_word' id='word_1_116' title='bbox 1143 3033 1251 3112; x_wconf 91' lang='lat' dir='ltr'><em>peritia</em></span> <span class='ocrx_word' id='word_1_117' title='bbox 1280 3034 1359 3096; x_wconf 90' lang='lat' dir='ltr'><em>inter</em></span> <span class='ocrx_word' id='word_1_118' title='bbox 1386 3053 1457 3098; x_wconf 92' lang='lat' dir='ltr'><em>suos</em></span> <span class='ocrx_word' id='word_1_119' title='bbox 1484 3038 1611 3100; x_wconf 88' lang='lat' dir='ltr'><em>maxime</em></span> 
     </span>
     <span class='ocr_line' id='line_1_16' title="bbox 247 3132 1613 3215; baseline -0.004 -13"><span class='ocrx_word' id='word_1_120' title='bbox 247 3137 503 3215; x_wconf 88' lang='lat' dir='ltr'><em>commendantur,</em></span> <span class='ocrx_word' id='word_1_121' title='bbox 525 3151 614 3198; x_wconf 89' lang='lat' dir='ltr'><em>nemo</em></span> <span class='ocrx_word' id='word_1_122' title='bbox 637 3132 822 3195; x_wconf 88' lang='lat' dir='ltr'><em>cruditorum</em></span> <span class='ocrx_word' id='word_1_123' title='bbox 846 3138 967 3194; x_wconf 91' lang='lat' dir='ltr'><em>nostrae</em></span> <span class='ocrx_word' id='word_1_124' title='bbox 991 3132 1096 3193; x_wconf 90' lang='lat' dir='ltr'><em>aetatis</em></span> <span class='ocrx_word' id='word_1_125' title='bbox 1119 3133 1255 3207; x_wconf 87' lang='lat' dir='ltr'><em>noverit,</em></span> <span class='ocrx_word' id='word_1_126' title='bbox 1284 3141 1334 3194; x_wconf 89' lang='lat' dir='ltr'><em>aut</em></span> <span class='ocrx_word' id='word_1_127' title='bbox 1362 3135 1499 3215; x_wconf 89' lang='lat' dir='ltr'><em>apposite</em></span> <span class='ocrx_word' id='word_1_128' title='bbox 1522 3137 1613 3198; x_wconf 88' lang='lat' dir='ltr'><em>testi-</em></span> 
     </span>
     <span class='ocr_line' id='line_1_17' title="bbox 247 3228 1667 3317; baseline -0.002 -17"><span class='ocrx_word' id='word_1_129' title='bbox 247 3237 353 3301; x_wconf 90' lang='lat' dir='ltr'><em>moniis</em></span> <span class='ocrx_word' id='word_1_130' title='bbox 376 3235 495 3298; x_wconf 87' lang='lat' dir='ltr'><em>illorum</em></span> <span class='ocrx_word' id='word_1_131' title='bbox 516 3251 589 3296; x_wconf 92' lang='lat' dir='ltr'><em>usus</em></span> <span class='ocrx_word' id='word_1_132' title='bbox 612 3231 712 3295; x_wconf 74' lang='lat' dir='ltr'><em>tuerit,</em></span> <span class='ocrx_word' id='word_1_133' title='bbox 755 3230 797 3293; x_wconf 80' lang='lat' dir='ltr'><em>m</em></span> <span class='ocrx_word' id='word_1_134' title='bbox 824 3230 1022 3303; x_wconf 89' lang='lat' dir='ltr'><em>Elmassalus‚</em></span> <span class='ocrx_word' id='word_1_135' title='bbox 1046 3228 1223 3292; x_wconf 89' lang='lat' dir='ltr'><em>Abutbircat</em></span> <span class='ocrx_word' id='word_1_136' title='bbox 1250 3233 1369 3317; x_wconf 87' lang='lat' dir='ltr'><em>etalii,</em></span> <span class='ocrx_word' id='word_1_137' title='bbox 1401 3234 1521 3296; x_wconf 89' lang='lat' dir='ltr'><em>tradunt</em></span> <span class='ocrx_word' id='word_1_138' title='bbox 1542 3235 1612 3298; x_wconf 93' lang='lat' dir='ltr'><em>dili·</em></span> <span class='ocrx_word' id='word_1_139' title='bbox 1661 3289 1667 3302; x_wconf 88' lang='lat'><strong>.</strong></span> 
     </span>
     <span class='ocr_line' id='line_1_18' title="bbox 247 3329 1609 3420; baseline -0.001 -21"><span class='ocrx_word' id='word_1_140' title='bbox 247 3345 367 3420; x_wconf 84' lang='lat' dir='ltr'><em>genter,</em></span> <span class='ocrx_word' id='word_1_141' title='bbox 391 3335 463 3416; x_wconf 91' lang='lat' dir='ltr'><em>quid</em></span> <span class='ocrx_word' id='word_1_142' title='bbox 486 3333 622 3396; x_wconf 86' lang='lat' dir='ltr'><em>Ecclesia</em></span> <span class='ocrx_word' id='word_1_143' title='bbox 644 3330 848 3394; x_wconf 80' lang='lat' dir='ltr'><em>Alexandrina</em></span> <span class='ocrx_word' id='word_1_144' title='bbox 872 3329 1061 3407; x_wconf 89' lang='lat' dir='ltr'><em>observaret,</em></span> <span class='ocrx_word' id='word_1_145' title='bbox 1085 3329 1196 3390; x_wconf 91' lang='lat' dir='ltr'><em>tamin</em></span> <span class='ocrx_word' id='word_1_146' title='bbox 1219 3329 1368 3412; x_wconf 82' lang='lat' dir='ltr'><em>eligendis</em></span> <span class='ocrx_word' id='word_1_147' title='bbox 1391 3351 1478 3414; x_wconf 91' lang='lat' dir='ltr'><em>quam</em></span> <span class='ocrx_word' id='word_1_148' title='bbox 1501 3337 1530 3397; x_wconf 92' lang='lat' dir='ltr'><em>in</em></span> <span class='ocrx_word' id='word_1_149' title='bbox 1554 3353 1609 3399; x_wconf 90' lang='lat' dir='ltr'><em>or-</em></span> 
     </span>
     <span class='ocr_line' id='line_1_19' title="bbox 248 3428 1613 3513; baseline -0.001 -15"><span class='ocrx_word' id='word_1_150' title='bbox 248 3433 384 3498; x_wconf 90' lang='lat' dir='ltr'><em>dinandis</em></span> <span class='ocrx_word' id='word_1_151' title='bbox 407 3432 596 3510; x_wconf 85' lang='lat' dir='ltr'><em>Patriarchis,</em></span> <span class='ocrx_word' id='word_1_152' title='bbox 620 3428 700 3511; x_wconf 93' lang='lat' dir='ltr'><em>quod</em></span> <span class='ocrx_word' id='word_1_153' title='bbox 718 3431 769 3511; x_wconf 90' lang='lat' dir='ltr'><em>jus</em></span> <span class='ocrx_word' id='word_1_154' title='bbox 791 3428 850 3490; x_wconf 92' lang='lat' dir='ltr'><em>illis</em></span> <span class='ocrx_word' id='word_1_155' title='bbox 873 3435 1067 3508; x_wconf 87' lang='lat' dir='ltr'><em>competeret,</em></span> <span class='ocrx_word' id='word_1_156' title='bbox 1090 3446 1187 3510; x_wconf 88' lang='lat' dir='ltr'><em>eaque</em></span> <span class='ocrx_word' id='word_1_157' title='bbox 1210 3431 1380 3494; x_wconf 85' lang='lat' dir='ltr'><em>accuratius</em></span> <span class='ocrx_word' id='word_1_158' title='bbox 1403 3450 1491 3513; x_wconf 92' lang='lat' dir='ltr'><em>quam</em></span> <span class='ocrx_word' id='word_1_159' title='bbox 1513 3433 1613 3498; x_wconf 92' lang='lat' dir='ltr'><em>ltine-</em></span> 
     </span>
     <span class='ocr_line' id='line_1_20' title="bbox 247 3527 1612 3616; baseline -0.001 -17"><span class='ocrx_word' id='word_1_160' title='bbox 247 3538 406 3612; x_wconf 86' lang='lat' dir='ltr'><em>rariorum,</em></span> <span class='ocrx_word' id='word_1_161' title='bbox 424 3541 474 3597; x_wconf 90' lang='lat' dir='ltr'><em>aut</em></span> <span class='ocrx_word' id='word_1_162' title='bbox 484 3533 643 3616; x_wconf 86' lang='lat' dir='ltr'><em>regionum</em></span> <span class='ocrx_word' id='word_1_163' title='bbox 656 3528 869 3609; x_wconf 87' lang='lat' dir='ltr'><em>descriptores,</em></span> <span class='ocrx_word' id='word_1_164' title='bbox 884 3529 934 3608; x_wconf 94' lang='lat' dir='ltr'><em>qui</em></span> <span class='ocrx_word' id='word_1_165' title='bbox 949 3529 995 3590; x_wconf 91' lang='lat' dir='ltr'><em>sui</em></span> <span class='ocrx_word' id='word_1_166' title='bbox 1005 3527 1099 3590; x_wconf 93' lang='lat' dir='ltr'><em>solum</em></span> <span class='ocrx_word' id='word_1_167' title='bbox 1115 3531 1261 3610; x_wconf 84' lang='lat' dir='ltr'><em>temporis</em></span> <span class='ocrx_word' id='word_1_168' title='bbox 1275 3530 1421 3593; x_wconf 88' lang='lat' dir='ltr'><em>rationem</em></span> <span class='ocrx_word' id='word_1_169' title='bbox 1434 3532 1612 3614; x_wconf 87' lang='lat' dir='ltr'><em>hahuerunt,</em></span> 
     </span>
     <span class='ocr_line' id='line_1_21' title="bbox 248 3627 1612 3715; baseline 0.002 -19"><span class='ocrx_word' id='word_1_170' title='bbox 248 3643 444 3715; x_wconf 81' lang='lat' dir='ltr'><em>vetustasque</em></span> <span class='ocrx_word' id='word_1_171' title='bbox 467 3633 600 3715; x_wconf 84' lang='lat' dir='ltr'><em>origines</em></span> <span class='ocrx_word' id='word_1_172' title='bbox 623 3647 749 3712; x_wconf 90' lang='lat' dir='ltr'><em>prorsus</em></span> <span class='ocrx_word' id='word_1_173' title='bbox 772 3627 998 3710; x_wconf 86' lang='lat' dir='ltr'><em>ignoraverunt.</em></span> <span class='ocrx_word' id='word_1_174' title='bbox 1044 3628 1156 3692; x_wconf 89' lang='lat' dir='ltr'><em>Scissio</em></span> <span class='ocrx_word' id='word_1_175' title='bbox 1177 3628 1335 3692; x_wconf 88' lang='lat' dir='ltr'><em>Ecclesiae</em></span> <span class='ocrx_word' id='word_1_176' title='bbox 1358 3633 1388 3693; x_wconf 91' lang='lat' dir='ltr'><em>in</em></span> <span class='ocrx_word' id='word_1_177' title='bbox 1411 3639 1513 3713; x_wconf 88' lang='lat' dir='ltr'><em>partes</em></span> <span class='ocrx_word' id='word_1_178' title='bbox 1537 3633 1612 3700; x_wconf 92' lang='lat' dir='ltr'><em>duas</em></span> 
     </span>
     <span class='ocr_line' id='line_1_22' title="bbox 249 3727 1613 3811; baseline -0.001 -13"><span class='ocrx_word' id='word_1_179' title='bbox 249 3733 495 3798; x_wconf 80' lang='lat' dir='ltr'><em>orthodoxorum</em></span> <span class='ocrx_word' id='word_1_180' title='bbox 518 3739 549 3793; x_wconf 89' lang='lat' dir='ltr'><em>et</em></span> <span class='ocrx_word' id='word_1_181' title='bbox 569 3729 782 3804; x_wconf 88' lang='lat' dir='ltr'><em>tacobitarum,</em></span> <span class='ocrx_word' id='word_1_182' title='bbox 805 3727 959 3808; x_wconf 88' lang='lat' dir='ltr'><em>plerisque</em></span> <span class='ocrx_word' id='word_1_183' title='bbox 981 3727 1133 3810; x_wconf 87' lang='lat' dir='ltr'><em>incognita</em></span> <span class='ocrx_word' id='word_1_184' title='bbox 1146 3728 1216 3792; x_wconf 88' lang='lat' dir='ltr'><em>luit:</em></span> <span class='ocrx_word' id='word_1_185' title='bbox 1240 3737 1270 3791; x_wconf 86' lang='lat' dir='ltr'><em>et</em></span> <span class='ocrx_word' id='word_1_186' title='bbox 1292 3731 1358 3811; x_wconf 91' lang='lat' dir='ltr'><em>ipse</em></span> <span class='ocrx_word' id='word_1_187' title='bbox 1380 3730 1529 3798; x_wconf 90' lang='lat' dir='ltr'><em>ludiculus</em></span> <span class='ocrx_word' id='word_1_188' title='bbox 1552 3736 1613 3797; x_wconf 88' lang='lat' dir='ltr'><em>Pa-</em></span> 
     </span>
     <span class='ocr_line' id='line_1_23' title="bbox 248 3825 1612 3914; baseline -0.001 -18"><span class='ocrx_word' id='word_1_189' title='bbox 248 3832 455 3911; x_wconf 88' lang='lat' dir='ltr'><em>triarcharum,</em></span> <span class='ocrx_word' id='word_1_190' title='bbox 479 3831 549 3893; x_wconf 91' lang='lat' dir='ltr'><em>olim</em></span> <span class='ocrx_word' id='word_1_191' title='bbox 572 3829 740 3911; x_wconf 85' lang='lat' dir='ltr'><em>publicatus</em></span> <span class='ocrx_word' id='word_1_192' title='bbox 762 3828 793 3889; x_wconf 93' lang='lat' dir='ltr'><em>iu</em></span> <span class='ocrx_word' id='word_1_193' title='bbox 815 3827 935 3908; x_wconf 78' lang='lat' dir='ltr'><em>hirrpao</em></span> <span class='ocrx_word' id='word_1_194' title='bbox 947 3825 1133 3908; x_wconf 72' lang='lat' dir='ltr'><em>Aegyptiace</em></span> <span class='ocrx_word' id='word_1_195' title='bbox 1154 3831 1301 3905; x_wconf 77' lang='lat' dir='ltr'><em>restituto,</em></span> <span class='ocrx_word' id='word_1_196' title='bbox 1325 3850 1365 3892; x_wconf 90' lang='lat' dir='ltr'><em>ex</em></span> <span class='ocrx_word' id='word_1_197' title='bbox 1387 3832 1523 3914; x_wconf 84' lang='lat' dir='ltr'><em>utrisque</em></span> <span class='ocrx_word' id='word_1_198' title='bbox 1536 3851 1612 3896; x_wconf 90' lang='lat' dir='ltr'><em>con-</em></span> 
     </span>
     <span class='ocr_line' id='line_1_24' title="bbox 249 3924 1611 4014; baseline 0.001 -17"><span class='ocrx_word' id='word_1_199' title='bbox 249 3934 415 3998; x_wconf 89' lang='lat' dir='ltr'><em>sarcinatus</em></span> <span class='ocrx_word' id='word_1_200' title='bbox 446 3939 510 4007; x_wconf 87' lang='lat' dir='ltr'><em>est,</em></span> <span class='ocrx_word' id='word_1_201' title='bbox 535 3939 624 4010; x_wconf 91' lang='lat' dir='ltr'><em>atque</em></span> <span class='ocrx_word' id='word_1_202' title='bbox 647 3930 723 3992; x_wconf 91' lang='lat' dir='ltr'><em>adeo</em></span> <span class='ocrx_word' id='word_1_203' title='bbox 745 3926 870 4005; x_wconf 91' lang='lat' dir='ltr'><em>nullius,</em></span> <span class='ocrx_word' id='word_1_204' title='bbox 908 3927 964 3988; x_wconf 93' lang='lat' dir='ltr'><em>nisi</em></span> <span class='ocrx_word' id='word_1_205' title='bbox 995 3924 1033 3987; x_wconf 91' lang='lat' dir='ltr'><em>ad</em></span> <span class='ocrx_word' id='word_1_206' title='bbox 1060 3925 1195 3988; x_wconf 79' lang='lat' dir='ltr'><em>fraudem</em></span> <span class='ocrx_word' id='word_1_207' title='bbox 1223 3928 1401 3992; x_wconf 89' lang='lat' dir='ltr'><em>Lectorihus</em></span> <span class='ocrx_word' id='word_1_208' title='bbox 1433 3931 1611 4014; x_wconf 84' lang='lat' dir='ltr'><em>faciendam,</em></span> 
     </span>
     <span class='ocr_line' id='line_1_25' title="bbox 249 4025 1615 4110; baseline 0 -14"><span class='ocrx_word' id='word_1_209' title='bbox 249 4051 323 4096; x_wconf 91' lang='lat' dir='ltr'><em>usus</em></span> <span class='ocrx_word' id='word_1_210' title='bbox 346 4032 408 4095; x_wconf 87' lang='lat' dir='ltr'><em>luit.</em></span> <span class='ocrx_word' id='word_1_211' title='bbox 448 4031 518 4107; x_wconf 82' lang='lat' dir='ltr'><em>hlii,</em></span> <span class='ocrx_word' id='word_1_212' title='bbox 541 4029 670 4109; x_wconf 87' lang='lat' dir='ltr'><em>quasin</em></span> <span class='ocrx_word' id='word_1_213' title='bbox 693 4027 823 4090; x_wconf 86' lang='lat' dir='ltr'><em>Historia</em></span> <span class='ocrx_word' id='word_1_214' title='bbox 846 4027 983 4107; x_wconf 79' lang='lat' dir='ltr'><em>Eutychii</em></span> <span class='ocrx_word' id='word_1_215' title='bbox 1004 4043 1066 4087; x_wconf 92' lang='lat' dir='ltr'><em>non</em></span> <span class='ocrx_word' id='word_1_216' title='bbox 1088 4025 1338 4103; x_wconf 85' lang='lat' dir='ltr'><em>observaverunt,</em></span> <span class='ocrx_word' id='word_1_217' title='bbox 1362 4031 1432 4110; x_wconf 90' lang='lat' dir='ltr'><em>quia</em></span> <span class='ocrx_word' id='word_1_218' title='bbox 1454 4031 1538 4096; x_wconf 88' lang='lat' dir='ltr'><em>solos</em></span> <span class='ocrx_word' id='word_1_219' title='bbox 1552 4033 1615 4097; x_wconf 87' lang='lat' dir='ltr'><em>Or-</em></span> 
     </span>
     <span class='ocr_line' id='line_1_26' title="bbox 248 4125 1614 4216; baseline 0 -21"><span class='ocrx_word' id='word_1_220' title='bbox 248 4131 399 4195; x_wconf 86' lang='lat' dir='ltr'><em>thodoxos</em></span> <span class='ocrx_word' id='word_1_221' title='bbox 422 4137 580 4206; x_wconf 88' lang='lat' dir='ltr'><em>recenset,</em></span> <span class='ocrx_word' id='word_1_222' title='bbox 605 4147 644 4189; x_wconf 91' lang='lat' dir='ltr'><em>ex</em></span> <span class='ocrx_word' id='word_1_223' title='bbox 666 4125 902 4189; x_wconf 86' lang='lat' dir='ltr'><em>Patriarcharum</em></span> <span class='ocrx_word' id='word_1_224' title='bbox 925 4143 1050 4188; x_wconf 90' lang='lat' dir='ltr'><em>numero</em></span> <span class='ocrx_word' id='word_1_225' title='bbox 1073 4135 1267 4202; x_wconf 80' lang='lat' dir='ltr'><em>exemerunt3</em></span> <span class='ocrx_word' id='word_1_226' title='bbox 1295 4146 1396 4210; x_wconf 91' lang='lat' dir='ltr'><em>neque</em></span> <span class='ocrx_word' id='word_1_227' title='bbox 1425 4129 1500 4193; x_wconf 89' lang='lat' dir='ltr'><em>haec</em></span> <span class='ocrx_word' id='word_1_228' title='bbox 1523 4134 1614 4216; x_wconf 87' lang='lat' dir='ltr'><em>igno-</em></span> 
     </span>
     <span class='ocr_line' id='line_1_27' title="bbox 248 4225 1615 4308; baseline 0.001 -14"><span class='ocrx_word' id='word_1_229' title='bbox 248 4233 346 4295; x_wconf 91' lang='lat' dir='ltr'><em>rantia</em></span> <span class='ocrx_word' id='word_1_230' title='bbox 368 4229 441 4292; x_wconf 93' lang='lat' dir='ltr'><em>solis</em></span> <span class='ocrx_word' id='word_1_231' title='bbox 465 4247 498 4291; x_wconf 93' lang='lat' dir='ltr'><em>se</em></span> <span class='ocrx_word' id='word_1_232' title='bbox 520 4227 706 4290; x_wconf 88' lang='lat' dir='ltr'><em>literatorum</em></span> <span class='ocrx_word' id='word_1_233' title='bbox 730 4225 852 4305; x_wconf 91' lang='lat' dir='ltr'><em>scriptis</em></span> <span class='ocrx_word' id='word_1_234' title='bbox 872 4225 1027 4302; x_wconf 90' lang='lat' dir='ltr'><em>continuit,</em></span> <span class='ocrx_word' id='word_1_235' title='bbox 1039 4225 1095 4288; x_wconf 90' lang='lat' dir='ltr'><em>sed</em></span> <span class='ocrx_word' id='word_1_236' title='bbox 1110 4227 1139 4287; x_wconf 92' lang='lat' dir='ltr'><em>in</em></span> <span class='ocrx_word' id='word_1_237' title='bbox 1158 4228 1352 4308; x_wconf 84' lang='lat' dir='ltr'><em>gravissimas</em></span> <span class='ocrx_word' id='word_1_238' title='bbox 1368 4228 1615 4296; x_wconf 87' lang='lat' dir='ltr'><em>hallucinationes</em></span> 
     </span>
     <span class='ocr_line' id='line_1_28' title="bbox 248 4325 1653 4411; baseline 0.001 -19"><span class='ocrx_word' id='word_1_239' title='bbox 248 4328 387 4406; x_wconf 84' lang='lat' dir='ltr'><em>induxit,</em></span> <span class='ocrx_word' id='word_1_240' title='bbox 410 4344 487 4410; x_wconf 91' lang='lat' dir='ltr'><em>quos</em></span> <span class='ocrx_word' id='word_1_241' title='bbox 511 4326 572 4390; x_wconf 93' lang='lat' dir='ltr'><em>lalli</em></span> <span class='ocrx_word' id='word_1_242' title='bbox 594 4328 711 4389; x_wconf 88' lang='lat' dir='ltr'><em>minime</em></span> <span class='ocrx_word' id='word_1_243' title='bbox 735 4325 903 4407; x_wconf 89' lang='lat' dir='ltr'><em>oportebat.</em></span> <span class='ocrx_word' id='word_1_244' title='bbox 948 4325 1020 4398; x_wconf 85' lang='lat' dir='ltr'><em>Quis</em></span> <span class='ocrx_word' id='word_1_245' title='bbox 1044 4325 1122 4388; x_wconf 91' lang='lat' dir='ltr'><em>enim</em></span> <span class='ocrx_word' id='word_1_246' title='bbox 1145 4325 1291 4390; x_wconf 89' lang='lat' dir='ltr'><em>Clementi</em></span> <span class='ocrx_word' id='word_1_247' title='bbox 1312 4328 1388 4394; x_wconf 91' lang='lat' dir='ltr'><em>Vlll.</em></span> <span class='ocrx_word' id='word_1_248' title='bbox 1412 4346 1473 4391; x_wconf 90' lang='lat' dir='ltr'><em>non</em></span> <span class='ocrx_word' id='word_1_249' title='bbox 1495 4331 1616 4411; x_wconf 90' lang='lat' dir='ltr'><em>publice</em></span> <span class='ocrx_word' id='word_1_250' title='bbox 1651 4391 1653 4394; x_wconf 84' lang='lat'>.</span> 
     </span>
     <span class='ocr_line' id='line_1_29' title="bbox 248 4422 1616 4510; baseline 0.004 -21"><span class='ocrx_word' id='word_1_251' title='bbox 248 4429 448 4510; x_wconf 84' lang='lat' dir='ltr'><em>privatimque</em></span> <span class='ocrx_word' id='word_1_252' title='bbox 469 4425 636 4508; x_wconf 90' lang='lat' dir='ltr'><em>gratulatus</em></span> <span class='ocrx_word' id='word_1_253' title='bbox 659 4433 723 4504; x_wconf 90' lang='lat' dir='ltr'><em>est,</em></span> <span class='ocrx_word' id='word_1_254' title='bbox 750 4423 831 4506; x_wconf 92' lang='lat' dir='ltr'><em>quod</em></span> <span class='ocrx_word' id='word_1_255' title='bbox 852 4423 1018 4486; x_wconf 89' lang='lat' dir='ltr'><em>Ecclesiam</em></span> <span class='ocrx_word' id='word_1_256' title='bbox 1041 4422 1275 4487; x_wconf 81' lang='lat' dir='ltr'><em>Alexandrinam</em></span> <span class='ocrx_word' id='word_1_257' title='bbox 1304 4437 1444 4510; x_wconf 88' lang='lat' dir='ltr'><em>suscepta</em></span> <span class='ocrx_word' id='word_1_258' title='bbox 1468 4429 1616 4494; x_wconf 87' lang='lat' dir='ltr'><em>Gabrielis</em></span> 
     </span>
     <span class='ocr_line' id='line_1_30' title="bbox 248 4524 1617 4612; baseline 0.001 -22"><span class='ocrx_word' id='word_1_259' title='bbox 248 4527 440 4590; x_wconf 86' lang='lat' dir='ltr'><em>Patriarchae</em></span> <span class='ocrx_word' id='word_1_260' title='bbox 466 4525 618 4609; x_wconf 92' lang='lat' dir='ltr'><em>legatione</em></span> <span class='ocrx_word' id='word_1_261' title='bbox 648 4533 679 4588; x_wconf 88' lang='lat' dir='ltr'><em>et</em></span> <span class='ocrx_word' id='word_1_262' title='bbox 706 4524 819 4600; x_wconf 89' lang='lat' dir='ltr'><em>literis,</em></span> <span class='ocrx_word' id='word_1_263' title='bbox 855 4524 892 4586; x_wconf 92' lang='lat' dir='ltr'><em>ad</em></span> <span class='ocrx_word' id='word_1_264' title='bbox 921 4525 1063 4587; x_wconf 89' lang='lat' dir='ltr'><em>unitatem</em></span> <span class='ocrx_word' id='word_1_265' title='bbox 1093 4525 1277 4592; x_wconf 78' lang='lat' dir='ltr'><em>catholicam</em></span> <span class='ocrx_word' id='word_1_266' title='bbox 1311 4527 1500 4592; x_wconf 86' lang='lat' dir='ltr'><em>reduxisset:</em></span> <span class='ocrx_word' id='word_1_267' title='bbox 1539 4550 1617 4612; x_wconf 87' lang='lat' dir='ltr'><em>quae</em></span> 
     </span>
     <span class='ocr_line' id='line_1_31' title="bbox 250 4623 1616 4710; baseline 0.004 -22"><span class='ocrx_word' id='word_1_268' title='bbox 250 4625 381 4708; x_wconf 87' lang='lat' dir='ltr'><em>legatio,</em></span> <span class='ocrx_word' id='word_1_269' title='bbox 412 4625 638 4708; x_wconf 90' lang='lat' dir='ltr'><em>qualiscumque</em></span> <span class='ocrx_word' id='word_1_270' title='bbox 667 4623 762 4699; x_wconf 87' lang='lat' dir='ltr'><em>toret,</em></span> <span class='ocrx_word' id='word_1_271' title='bbox 785 4623 883 4687; x_wconf 81' lang='lat' dir='ltr'><em>fructu</em></span> <span class='ocrx_word' id='word_1_272' title='bbox 911 4626 1015 4688; x_wconf 89' lang='lat' dir='ltr'><em>caruit.</em></span> <span class='ocrx_word' id='word_1_273' title='bbox 1061 4626 1174 4688; x_wconf 89' lang='lat' dir='ltr'><em>Verum</em></span> <span class='ocrx_word' id='word_1_274' title='bbox 1203 4627 1295 4710; x_wconf 86' lang='lat' dir='ltr'><em>vulgo</em></span> <span class='ocrx_word' id='word_1_275' title='bbox 1322 4628 1561 4708; x_wconf 85' lang='lat' dir='ltr'><em>existimabatur,</em></span> <span class='ocrx_word' id='word_1_276' title='bbox 1583 4640 1616 4694; x_wconf 91' lang='lat' dir='ltr'><em>ut</em></span> 
     </span>
     <span class='ocr_line' id='line_1_32' title="bbox 250 4722 1616 4808; baseline 0.004 -20"><span class='ocrx_word' id='word_1_277' title='bbox 250 4726 481 4808; x_wconf 89' lang='lat' dir='ltr'><em>inscriptiones,</em></span> <span class='ocrx_word' id='word_1_278' title='bbox 510 4726 703 4803; x_wconf 90' lang='lat' dir='ltr'><em>numismata,</em></span> <span class='ocrx_word' id='word_1_279' title='bbox 735 4722 851 4804; x_wconf 91' lang='lat' dir='ltr'><em>aliaque</em></span> <span class='ocrx_word' id='word_1_280' title='bbox 881 4731 1070 4786; x_wconf 89' lang='lat' dir='ltr'><em>monumenta</em></span> <span class='ocrx_word' id='word_1_281' title='bbox 1098 4725 1218 4806; x_wconf 91' lang='lat' dir='ltr'><em>publica</em></span> <span class='ocrx_word' id='word_1_282' title='bbox 1249 4725 1345 4806; x_wconf 91' lang='lat' dir='ltr'><em>palam</em></span> <span class='ocrx_word' id='word_1_283' title='bbox 1374 4727 1502 4807; x_wconf 84' lang='lat' dir='ltr'><em>iaciunt,</em></span> <span class='ocrx_word' id='word_1_284' title='bbox 1525 4736 1616 4794; x_wconf 88' lang='lat' dir='ltr'><em>totam</em></span> 
     </span>
     <span class='ocr_line' id='line_1_33' title="bbox 251 4821 1616 4894; baseline 0.005 -7"><span class='ocrx_word' id='word_1_285' title='bbox 251 4823 420 4888; x_wconf 89' lang='lat' dir='ltr'><em>Ecclesiam</em></span> <span class='ocrx_word' id='word_1_286' title='bbox 441 4823 675 4887; x_wconf 77' lang='lat' dir='ltr'><em>Alexandrinam</em></span> <span class='ocrx_word' id='word_1_287' title='bbox 697 4821 919 4886; x_wconf 90' lang='lat' dir='ltr'><em>reconciliatam</em></span> <span class='ocrx_word' id='word_1_288' title='bbox 941 4842 1008 4887; x_wconf 92' lang='lat' dir='ltr'><em>cum</em></span> <span class='ocrx_word' id='word_1_289' title='bbox 1030 4824 1163 4888; x_wconf 86' lang='lat' dir='ltr'><em>Romana</em></span> <span class='ocrx_word' id='word_1_290' title='bbox 1185 4826 1292 4890; x_wconf 91' lang='lat' dir='ltr'><em>luisse:</em></span> <span class='ocrx_word' id='word_1_291' title='bbox 1323 4846 1389 4890; x_wconf 92' lang='lat' dir='ltr'><em>cnm</em></span> <span class='ocrx_word' id='word_1_292' title='bbox 1412 4828 1527 4893; x_wconf 90' lang='lat' dir='ltr'><em>interea</em></span> <span class='ocrx_word' id='word_1_293' title='bbox 1548 4831 1616 4894; x_wconf 85' lang='lat' dir='ltr'><em>hle-</em></span> 
     </span>
     <span class='ocr_line' id='line_1_34' title="bbox 254 4921 1617 5012; baseline 0.006 -26"><span class='ocrx_word' id='word_1_294' title='bbox 254 4923 344 4987; x_wconf 91' lang='lat' dir='ltr'><em>letius</em></span> <span class='ocrx_word' id='word_1_295' title='bbox 366 4925 439 5006; x_wconf 88' lang='lat' dir='ltr'><em>Piga</em></span> <span class='ocrx_word' id='word_1_296' title='bbox 462 4923 596 4987; x_wconf 88' lang='lat' dir='ltr'><em>Graecus</em></span> <span class='ocrx_word' id='word_1_297' title='bbox 626 4921 760 5006; x_wconf 82' lang='lat' dir='ltr'><em>ejusdem</em></span> <span class='ocrx_word' id='word_1_298' title='bbox 788 4922 977 5004; x_wconf 83' lang='lat' dir='ltr'><em>Patriarcha,</em></span> <span class='ocrx_word' id='word_1_299' title='bbox 999 4925 1092 4988; x_wconf 90' lang='lat' dir='ltr'><em>literis</em></span> <span class='ocrx_word' id='word_1_300' title='bbox 1114 4925 1235 5005; x_wconf 89' lang='lat' dir='ltr'><em>publice</em></span> <span class='ocrx_word' id='word_1_301' title='bbox 1257 4929 1378 5009; x_wconf 88' lang='lat' dir='ltr'><em>scriptis</em></span> <span class='ocrx_word' id='word_1_302' title='bbox 1408 4947 1532 5012; x_wconf 88' lang='lat' dir='ltr'><em>gravem</em></span> <span class='ocrx_word' id='word_1_303' title='bbox 1562 4949 1617 4994; x_wconf 91' lang='lat' dir='ltr'><em>ca-</em></span> 
     </span>
     <span class='ocr_line' id='line_1_35' title="bbox 256 5022 1619 5112; baseline 0.009 -28"><span class='ocrx_word' id='word_1_304' title='bbox 256 5022 397 5088; x_wconf 90' lang='lat' dir='ltr'><em>lumniam</em></span> <span class='ocrx_word' id='word_1_305' title='bbox 419 5023 477 5087; x_wconf 90' lang='lat' dir='ltr'><em>sihi</em></span> <span class='ocrx_word' id='word_1_306' title='bbox 497 5024 562 5086; x_wconf 88' lang='lat' dir='ltr'><em>lieri</em></span> <span class='ocrx_word' id='word_1_307' title='bbox 584 5029 771 5104; x_wconf 86' lang='lat' dir='ltr'><em>quereretur,</em></span> <span class='ocrx_word' id='word_1_308' title='bbox 794 5031 825 5086; x_wconf 86' lang='lat' dir='ltr'><em>et</em></span> <span class='ocrx_word' id='word_1_309' title='bbox 848 5023 1031 5088; x_wconf 85' lang='lat' dir='ltr'><em>anathemata</em></span> <span class='ocrx_word' id='word_1_310' title='bbox 1054 5025 1084 5088; x_wconf 90' lang='lat' dir='ltr'><em>in</em></span> <span class='ocrx_word' id='word_1_311' title='bbox 1107 5025 1229 5090; x_wconf 88' lang='lat' dir='ltr'><em>Latinos</em></span> <span class='ocrx_word' id='word_1_312' title='bbox 1259 5047 1315 5110; x_wconf 89' lang='lat' dir='ltr'><em>per</em></span> <span class='ocrx_word' id='word_1_313' title='bbox 1337 5037 1430 5094; x_wconf 88' lang='lat' dir='ltr'><em>totum</em></span> <span class='ocrx_word' id='word_1_314' title='bbox 1453 5030 1619 5112; x_wconf 86' lang='lat' dir='ltr'><em>Orientem,</em></span> 
     </span>
    </p>
   </div>
   <div class='ocr_carea' id='block_1_5' title="bbox 0 0 2368 6052">
    <p class='ocr_par' dir='ltr' id='par_1_5' title="bbox 0 0 2368 6052">
     <span class='ocr_line' id='line_1_36' title="bbox 0 0 2368 6052; baseline 0 0"><span class='ocrx_word' id='word_1_315' title='bbox 0 0 2368 6052; x_wconf 95' lang='lat' dir='ltr'><em> </em></span> 
     </span>
    </p>
   </div>
  </div>
 </body>
</html>
