4686 6060
650 639 726 712 338
1217 637 1448 718 NOTAE

647 829 727 902 sunt,
751 824 820 903 quia
842 822 1010 885 inchoatam
1032 824 1189 913 quamdam
1203 825 1391 886 sanctitatem
1407 825 1558 890 obtinent:
1580 833 1614 888 ut
1634 826 1714 908 apud
1736 824 1841 909 Syros,
1864 833 2020 914 mysteria,

647 922 717 1003 quia
739 923 889 1004 mysteriis
913 921 1101 985 celebrandis
1125 924 1272 986 destinata
1295 931 1372 986 sunt.
1395 924 1474 987 Nibil
1497 925 1535 988 de
1558 925 1617 987 boc
1639 927 1698 988 ritu
1713 927 1878 990 occurrit
1869 947 1900 991 rn
1922 931 2020 1011 prima

648 1019 765 1082 Graeca
789 1020 943 1105 liturgia,
966 1022 1035 1103 quia
1057 1021 1194 1084 rubricas
1218 1020 1308 1084 habet
1331 1025 1539 1104 paucissimas,
1561 1032 1595 1088 ut
1617 1023 1754 1106 plerique
1784 1035 1906 1091 veteres
1930 1031 2021 1093 codi-

649 1136 702 1182 ces
725 1119 833 1198 nullas,
857 1138 924 1183 cum
947 1123 1157 1184 caeremoniae
1181 1121 1300 1183 aliunde
1321 1123 1385 1202 peti
1407 1123 1554 1188 solerent.
1599 1125 1812 1188 Verumtamen
1834 1127 2020 1191 celebratum

647 1236 719 1282 esse
739 1219 897 1281 introitum
918 1219 1001 1282 illurn
1030 1239 1085 1283 seu
1107 1219 1274 1283 illationem
1295 1238 1462 1300 munerum,
1486 1222 1592 1286 eodem
1615 1241 1676 1303 quo
1700 1223 1779 1305 apud
1803 1224 1938 1290 Graecos
1961 1246 2021 1308 ap-

646 1324 754 1400 paratu
777 1319 807 1380 in
829 1317 967 1382 Ecclesia
989 1319 1205 1396 Alexandrina,
1228 1319 1354 1383 discitur
1377 1339 1417 1383 ex
1431 1320 1540 1384 Rituali
1561 1323 1754 1385 Patriarcbae
1777 1323 1936 1406 Gabrielis,
1949 1325 2023 1388 Au-

646 1425 714 1480 tore
737 1417 886 1483 scientiae
908 1417 1154 1499 Ecclesiasticae,
1176 1418 1353 1482 Abulbircat
1376 1430 1406 1485 et
1429 1421 1506 1503 aliis,
1529 1441 1657 1506 quorum
1679 1425 1847 1488 testimonia
1870 1424 2021 1489 referun-

646 1524 697 1580 tur
718 1517 749 1579 in
770 1515 857 1580 Notis
880 1517 917 1581 ad
939 1517 1041 1582 Basilii
1064 1517 1220 1602 Copticarn
1241 1518 1416 1602 Litargiam.

1101 1811 1156 1888 E„
1310 1811 1392 1838 ι,
1530 1810 1538 1836 r

1132 1841 1251 1910 υχιται
1277 1841 1343 1889 τον
1369 1837 1572 1912 ασπασμον.

737 2016 811 2095 Non
833 2038 918 2094 recte
940 2031 1102 2113 interpres.
1146 2031 1330 2094 salutationi
1349 2039 1539 2112 apprecatur.
1582 2018 1785 2110 Ἀσπασμός
1806 2032 2020 2096 adactionem

646 2132 805 2215 significat,
828 2131 883 2193 sed
905 2132 935 2194 in
957 2149 1015 2194 usu
1036 2130 1251 2194 Ecclesiastico
1274 2132 1484 2194 salutaticnern
1505 2133 1538 2193 ia
1559 2133 1662 2194 creato
1681 2133 1790 2211 pacis:
1813 2138 1844 2194 et
1865 2131 1925 2195 boc
1947 2133 2020 2196 loco

646 2238 679 2295 ut
701 2233 733 2293 in
757 2230 855 2294 multis
878 2231 954 2312 aliis,
978 2230 1151 2294 Orationem
1174 2248 1251 2312 quae
1275 2231 1381 2295 osculo
1410 2231 1617 2312 praemittitur.
1660 2231 1775 2294 Vocem
1797 2231 1894 2312 ipsam
1917 2232 2019 2296 Grae-

647 2349 713 2394 cam
735 2331 884 2415 Coptitae,
907 2339 939 2394 ut
962 2331 1020 2411 ipsi
1044 2331 1114 2412 Syri
1137 2337 1168 2393 et
1189 2328 1319 2408 Arabes,
1341 2332 1549 2410 retinuerunt,
1572 2337 1605 2392 ut
1632 2337 1716 2412 patet
1738 2350 1778 2393 ex
1800 2330 1891 2393 variis
1914 2329 2021 2394 Auto-

645 2429 729 2493 ribus
760 2439 790 2494 et
819 2429 950 2493 Historia
981 2427 1182 2492 Patriarcbali.
1227 2430 1337 2492 Variae
1366 2436 1435 2493 sunt
1465 2431 1618 2494 crationes
1647 2429 1732 2510 illae,
1761 2429 1838 2493 adeo
1865 2435 1915 2508 ut,
1947 2449 2020 2494 cum

646 2548 707 2592 una
729 2536 842 2593 tantum
865 2529 902 2592 ad
926 2547 1142 2612 quamcumque
1165 2527 1328 2612 liturgiam
1351 2529 1409 2593 dici
1433 2528 1549 2608 soleat,
1576 2529 1680 2611 plures
1702 2530 1733 2591 in
1755 2530 1892 2593 omnibus
1917 2549 2020 2613 prope

647 2628 808 2694 Codioibus
831 2629 1033 2711 reperiantur,
1055 2637 1088 2692 ut
1111 2637 1173 2691 tres
1195 2630 1225 2691 in
1249 2629 1365 2693 Graeca
1387 2630 1536 2694 Basiliana
1549 2629 1747 2694 Alexandrini
1768 2632 1860 2694 ritus:
1883 2627 1994 2692 duae'
1985 2648 2019 2693 ιη

646 2727 790 2811 Coptica,
821 2736 851 2793 et
876 2730 916 2791 ito
945 2728 1155 2810 frequenter
1147 2746 1177 2790 m
1210 2729 1284 2792 aliis.
1326 2729 1447 2792 illarum
1482 2729 1626 2812 aliquam,
1657 2730 1695 2793 ad
1721 2729 1835 2793 libitum
1863 2730 2021 2798 Sacerdos

647 2828 743 2912 eligit,
766 2829 838 2892 alias
862 2829 976 2891 omittit.

886 3108 933 3178 Et
955 3113 1036 3202 post
1062 3106 1209 3178 osculum
1231 3110 1332 3202 pacis
1357 3106 1536 3178 Diaconos
1563 3105 1657 3179 elata
1682 3128 1777 3180 oocc.

737 3320 831 3399 Hane
853 3315 930 3391 male
953 3327 1142 3409 interpuncta
1165 3336 1244 3391 sunt.
1290 3329 1361 3392 Post
1383 3326 1527 3390 Osculum
1549 3328 1654 3408 pacis,
1682 3327 1835 3392 Diaconos
1858 3330 1916 3394 alta
1938 3349 2021 3396 voce

647 3435 727 3499 dicit.
772 3433 883 3516 Offerre
896 3436 991 3514 juata
1012 3451 1140 3494 morem:
1162 3432 1221 3495 boc
1244 3440 1307 3509 est,
1334 3432 1509 3494 Memaaate
1531 3428 1642 3511 offerre
1668 3433 1853 3512 sacraficium
1881 3436 1957 3511 rite,
1990 3444 2023 3500 et

647 3535 809 3598 scandam
834 3533 993 3596 Ecclesiae
1025 3533 1232 3612 disciplinam:
1256 3550 1333 3612 quae
1365 3530 1526 3594 admonitio
1558 3549 1598 3592 cx
1630 3537 1750 3593 uetusta
1785 3535 2019 3616 consuetudine,

648 3635 765 3698 Graece
788 3632 896 3695 dicitur
919 3630 998 3713 apud
1022 3629 1170 3713 Coptitas:
1196 3633 1227 3694 in
1249 3648 1378 3712 quorum
1400 3630 1484 3693 libris
1507 3629 1684 3711 quibusdam
1705 3625 1908 3718 Προςφὲρειν
1929 3655 2017 3697 κατα

646 3721 767 3820 τρόπον
795 3723 893 3818 ἡμῶν.
937 3731 971 3794 ln
998 3731 1193 3814 Scaligerano
1224 3730 1302 3794 male
1331 3714 1615 3816 Προςφερὴμαται
1644 3747 1752 3840 nempe
1787 3731 1923 3795 scribere
1957 3751 2020 3796 vo-

646 3834 767 3898 luerunt
796 3825 998 3917 Ilpocpe'para
1025 3819 1110 3910 μετὰ
1138 3818 1257 3914 φόβου.
1302 3830 1374 3892 Mox
1405 3828 1443 3891 ad
1469 3829 1630 3910 populum,
1661 3816 1828 3914 Στᾶθητε,
1856 3838 1952 3911 atate,
1985 3841 2020 3897 et

647 3935 677 3995 in
706 3932 805 3996 multis
836 3929 990 3994 codicibus
1013 3929 1148 4010 additur,
1177 3922 1236 4002 Εἰς
1257 3916 1420 4002 damulas
1440 3923 1589 4011 βλέπετε.
1634 3927 1684 3992 Ad
1706 3927 1858 3992 Orientem
1879 3933 2019 4012 aspicite.

1269 4206 1390 4280 Crede.
1488 4143 1491 4158 Ι

737 4404 799 4483 Hro
820 4415 949 4478 sortasse
971 4413 1120 4476 turbatum
1143 4413 1253 4496 aliquid
1276 4422 1332 4478 est.
1360 4413 1434 4475 Nam
1457 4411 1629 4494 Symbolum
1651 4412 1682 4473 in
1704 4412 1852 4476 Basiliana
1873 4413 2019 4480 Alexan-

646 4519 730 4584 drina
753 4518 870 4583 Graeca
893 4526 923 4581 et
946 4517 1089 4599 Coptica,
1121 4518 1228 4581 dicitur
1256 4519 1339 4599 prius
1369 4537 1458 4599 quam
1480 4516 1623 4580 Osculum
1645 4516 1739 4608 pacis.
1783 4517 1888 4600 Neque
1913 4518 2019 4584 locum

645 4639 732 4684 suum
755 4628 837 4684 tenet
859 4617 963 4681 Oratio
985 4610 1197 4701 Προθὲσεως,
1221 4635 1310 4699 quae,
1332 4617 1415 4698 prius
1438 4623 1559 4680 etanta
1587 4616 1759 4694 introitum,
1790 4618 1857 4679 sire
1878 4607 2019 4690 stator

645 4720 817 4803 assignatur
839 4719 869 4781 in
891 4717 957 4780 aliis
978 4715 1131 4801 liturgiis.
1176 4717 1208 4778 ln
1230 4717 1288 4780 illis
1311 4717 1400 4778 etiam
1421 4717 1532 4779 mentio
1555 4713 1636 4778 nulla
1657 4723 1704 4778 est
1726 4715 1807 4799 signi
1829 4717 1928 4778 crucis
1958 4736 2019 4780 su-

646 4837 703 4900 per
726 4818 826 4882 oblata
847 4815 936 4896 lacti,
960 4817 1028 4880 dum
1049 4819 1193 4880 recitatur
1215 4813 1401 4898 Symbolnm3
1432 4834 1521 4897 quern
1542 4815 1649 4894 ritum,
1669 4813 1801 4878 sortasse
1830 4813 2018 4898 singularem

646 4917 740 4981 luisse
763 4921 793 4982 in
816 4916 963 4996 Ecclesia,
986 4917 1024 4980 ad
1047 4917 1132 4999 cujus
1155 4933 1242 4994 asum
1264 4914 1371 4979 Codex
1393 4913 1680 4998 Cryptalerratensis
1703 4915 1833 4995 scriptus
1857 4921 1921 4994 est,
1945 4917 2019 4979 exi-

646 5020 768 5082 stimare
789 5034 958 5100 possumus,
981 5016 1037 5080 sed
1057 5015 1282 5082 Alexandrinae
1305 5033 1492 5080 communem
1511 5013 1616 5096 luisse,
1638 5031 1701 5077 non
1723 5020 1849 5078 constat.
