4670 6046
721 541 798 614 274
1197 539 1613 619 COMMENTARIUS
1680 559 1684 566 '

808 725 872 788 lloc
902 726 970 789 loco
1001 726 1168 790 observare
1195 741 1309 806 operae
1336 726 1463 805 pretinm
1498 731 1562 800 est,
1600 723 1769 787 mistionem
1804 741 1900 806 aquae
1932 724 2087 806 lerventis,

722 819 952 902 (Zion-Graeci
974 831 1110 901 vocant,)
1142 824 1179 886 de
1209 842 1267 905 qua
1297 823 1388 885 multa
1412 822 1542 904 Symeon
1574 821 1872 901 Thessalonicensis,
1900 832 1931 886 et
1960 825 2010 886 alii
2033 843 2090 888 an-

720 922 794 1003 tiqui
823 931 853 986 et
882 925 1086 1000 recentiores,
1116 925 1320 1004 scripserunt,
1344 923 1423 1003 apud
1447 921 1583 1001 Coptitas
1613 923 1746 1004 ignorari
1776 940 1836 984 non
1865 924 1972 1000 minus,
2002 942 2089 1005 quarn

721 1021 801 1102 apud
823 1023 958 1104 reliquos
980 1023 1143 1101 lacebitas,
1167 1023 1272 1103 Syros,
1286 1021 1473 1102 Aethiopes,
1495 1027 1528 1082 ut
1551 1021 1640 1082 etiam
1664 1021 1881 1098 Nestorianos3
1904 1021 1985 1084 unde
2007 1031 2090 1103 patet

720 1136 781 1182 non
810 1124 1009 1203 antiquiorem
1045 1122 1250 1185 Ecclesiarum
1280 1119 1426 1183 divisione
1459 1137 1529 1181 csse
1558 1119 1635 1181 hanc
1671 1122 1902 1185 caeremoniam.
1948 1122 2089 1204 lleliquas

721 1237 842 1299 omnes,
874 1222 990 1284 seilicet
1020 1240 1097 1303 quae
1128 1221 1198 1283 olim
1225 1220 1464 1302 usurpabantur,
1499 1220 1703 1282 retinuerunt:
1734 1221 1820 1282 islam
1856 1239 1917 1282 non
1953 1223 2090 1285 omisisse

721 1319 871 1397 consulto,
894 1320 987 1383 veluti
1010 1338 1070 1382 non
1092 1320 1295 1382 necessariam
1326 1327 1376 1381 aut
1405 1319 1660 1398 superstitiosam,
1691 1317 1745 1380 sed
1772 1320 1893 1382 omnino
1922 1322 2090 1384 nescivisse

722 1419 885 1482 verisimile
909 1428 964 1482 est.
1010 1419 1067 1494 Qui
1089 1421 1168 1483 illius
1192 1422 1270 1482 inter
1292 1419 1428 1481 Graecos
1450 1419 1629 1506 meminerit,
1651 1418 1882 1496 vetustissimus,
1906 1427 1939 1481 ut
1961 1419 2090 1498 videtur,

665 1527 668 1532 '
722 1525 769 1580 est
789 1517 955 1581 Germanus
977 1519 1149 1581 Patriarche
1173 1518 1522 1599 Constantinopolitanus
1544 1518 1574 1579 in
1598 1516 1737 1594 Theoria,
1760 1536 1814 1580 seu
1837 1521 1963 1599 mystica
1987 1517 2091 1581 Litur-

720 1618 790 1698 giae
813 1619 1014 1698 expositione.
1051 1617 1204 1681 Videndus
1234 1617 1271 1680 de
1300 1617 1357 1680 hoc
1380 1619 1439 1679 ritu
1463 1615 1605 1695 Co‘arins,
1639 1625 1671 1679 ut
1694 1617 1880 1680 Glossarium
1904 1617 2090 1700 Congiarium

719 1715 751 1777 in
774 1734 852 1778 voce
873 1711 967 1780 Ze'or.
1011 1717 1057 1782 De
1080 1717 1131 1780 illo
1155 1718 1245 1780 altum
1268 1719 1366 1779 estin
1390 1715 1590 1780 Orientalibus
1613 1716 1778 1778 llitnalihus
1802 1717 1969 1797 silentium,
1999 1725 2031 1780 ut
2062 1721 2092 1780 in

721 1816 857 1878 omnibus
880 1815 998 1878 Rituum
1022 1818 1245 1900 expositoribus
1268 1823 1319 1878 aut
1342 1816 1495 1879 Canonum
1519 1813 1763 1879 Collectionibus.

1147 2079 1268 2148 Oratio
1295 2079 1485 2172 gratiarnm
1511 2079 1667 2148 aelionis.

821 2285 991 2371 Posrounx
1014 2298 1182 2360 communio
1211 2295 1369 2360 Laicornm
1400 2305 1430 2358 et
1458 2297 1614 2362 mulierum
1643 2298 1780 2360 absoluta
1810 2296 1917 2378 luerit,
1952 2297 2093 2362 dicuntur

718 2403 870 2464 orationes
893 2403 1006 2480 variae,
1029 2409 1089 2464 tam
1113 2402 1250 2481 privatim
1273 2419 1290 2462 a
1314 2399 1480 2464 Sacerdote
1503 2419 1591 2482 quam
1614 2419 1707 2482 super
1729 2401 1883 2484 populum,
1907 2408 1937 2464 et
1961 2403 2000 2464 ab
2023 2405 2091 2483 ipso

718 2500 842 2581 populo,
872 2501 910 2562 ad
933 2503 1046 2584 gratias
1073 2500 1140 2563 Deo
1170 2498 1304 2583 agendas
1335 2498 1373 2562 de
1396 2509 1540 2582 suscepto
1571 2519 1704 2582 corpore
1732 2509 1763 2563 et
1789 2502 1938 2583 sanguine
1968 2501 2092 2582 Christi,

718 2617 843 2681 quarum
866 2602 1036 2663 orationum
1059 2601 1116 2662 etsi
1140 2617 1248 2681 magna
1271 2599 1309 2660 sit
1332 2599 1496 2661 secundnm
1519 2600 1657 2663 diversas
1679 2600 1831 2682 liturgias
1854 2601 2003 2679 varietas,
2034 2619 2093 2664 una

717 2706 817 2760 tamen
840 2700 989 2762 sententia
1013 2707 1070 2763 est.
1117 2698 1227 2762 Omnes
1251 2699 1328 2760 enim
1351 2707 1420 2760 sunt
1442 2699 1551 2780 plenae
1574 2700 1776 2764 confessionis
1805 2700 1844 2762 de
1866 2703 1996 2762 veritate
2019 2721 2093 2764 cor-

658 2805 661 2820 “
718 2801 802 2879 poris
825 2807 854 2861 et
877 2800 1032 2880 sanguinis
1056 2797 1166 2862 Christi
1188 2799 1218 2859 in
1240 2795 1428 2860 Eucharistia
1451 2801 1604 2882 suscepti,
1638 2808 1701 2861 tum
1730 2817 1856 2880 precum
1884 2806 1915 2862 et
1943 2799 2093 2863 obsecra-

719 2898 841 2973 tionum,
865 2906 898 2960 ιιι
921 2898 1027 2960 eadem
1049 2897 1208 2979 proficiant
1230 2895 1267 2958 ad
1290 2897 1498 2961 remissionem
1528 2905 1739 2980 peccatorum,
1763 2898 1800 2960 ad
1823 2898 1993 2980 augendam
2015 2919 2093 2982 gra-

718 2999 799 3074 tiam,
823 3005 853 3060 et
875 2997 913 3060 ad
944 2998 1186 3079 consequendam
1209 3003 1362 3058 aeternam
1391 2997 1612 3061 beatitudinem.
1657 2998 1690 3060 ln
1721 2995 1908 3061 Collectione
1933 2997 2091 3062 Canonnm

717 3095 877 3160 Ehnassali
900 3115 967 3179 cap.
992 3095 1042 3162 13.
1075 3095 1149 3158 &rm
1171 3096 1357 3158 absolverint
1379 3095 1527 3159 Cunmres
1548 3099 1724 3180 hymnos-run
1747 3105 1885 3172 cantum,
1908 3098 1991 3160 dicet
2009 3099 2093 3161 Din-

721 3215 817 3284 connr
839 3199 902 3259 αιιιι
923 3216 1005 3260 ooce.
1050 3196 1245 3275 Percepimna
1266 3213 1379 3273 corpote
1397 3197 1562 3275 gloriosam
1584 3195 1707 3271 Christi,
1731 3196 1854 3276 praeter
1876 3215 2004 3276 aqam
2032 3201 2095 3279 ipsi

718 3297 770 3377 qni
798 3316 855 3358 nor
881 3298 989 3376 dignos
1013 3295 1089 3375 [ecit
1116 3296 1177 3357 bue
1205 3294 1418 3377 myster-ionem
1439 3302 1612 3357 sanctornm
1630 3297 1835 3376 perceptione,
1858 3302 1913 3358 etc.
1959 3295 2040 3360 Nihil
2062 3301 2094 3362 in

717 3397 783 3459 istis
806 3396 992 3459 orationihus
1016 3395 1204 3476 frequentius
1227 3393 1361 3455 occurrit
1384 3411 1471 3473 quam
1494 3394 1743 3474 expressissimae
1766 3393 1836 3457 illae
1855 3395 1999 3476 loquendi
2022 3396 2093 3460 lor-

718 3514 796 3573 mae,
820 3513 961 3577 quarum,
991 3495 1018 3557 si
1048 3494 1127 3558 desit
1153 3493 1407 3555 transmutationis
1437 3493 1528 3554 realis
1552 3493 1644 3572 lides,
1666 3511 1739 3556 usus
1762 3511 1832 3556 esse
1855 3493 1954 3557 nullus
1977 3504 2092 3576 potest.

717 3594 827 3657 Dicunt
855 3595 990 3670 scilicet;
1017 3594 1175 3656 mismdsse
1198 3591 1348 3654 Christum
1377 3611 1489 3671 eorpus
1511 3598 1540 3652 et
1557 3595 1732 3672 sanquinem
1748 3611 1850 3670 mnne,
1872 3596 1998 3672 corpori
2013 3613 2093 3658 coar-

717 3697 858 3776 pniniqne
880 3713 983 3757 eornm
1004 3696 1057 3775 qni
1077 3694 1314 3755 communicem
1336 3698 1535 3770 aeceperunt:
1558 3691 1688 3770 linpreom
1710 3711 1814 3754 eonon
1823 3695 1993 3772 murcepisre
2014 3711 2093 3756 cor-

715 3813 777 3874 pns
800 3802 830 3856 et
849 3795 1026 3874 oonmdnem
1056 3795 1140 3872 ejrn;
1163 3798 1252 3871 otqne
1273 3810 1309 3853 eo
1329 3791 1461 3869 fideliam
1483 3790 1574 3852 labro
1598 3799 1763 3870 pennata,
1791 3793 1870 3854 ιιοιιι
1891 3793 1962 3854 otiu
1984 3791 2093 3855 israe·-

718 3895 840 3956 litnrnm
858 3902 963 3973 postes
985 3895 1058 3973 eqni
1078 3894 1243 3972 sanguem:
1274 3891 1464 3969 sanctificata
1483 3908 1541 3968 per
1561 3889 1790 3952 Eucharistiom
1818 3892 1849 3952 in
1878 3909 1961 3970 spem
1982 3909 2091 3952 rerur-

719 3994 865 4056 rectionis
886 3994 929 4054 od
950 4000 1106 4054 aetenum
1127 3994 1221 4053 vitum
1240 3989 1373 4069 fidelium
1394 4007 1547 4068 corporo;
1576 3991 1707 4050 tenuisse
1737 4009 1770 4051 se
1790 3989 1945 4068 ιιιιιιιιιιιιι,
1975 3991 2092 4052 cidisse

719 4095 752 4155 in
774 4093 860 4154 diseo
881 4092 963 4152 etin
985 4091 1090 4169 colice,
1114 4098 1145 4153 et
1165 4109 1205 4150 ee
1226 4089 1287 4150 illis
1313 4090 1468 4168 occepisse
1490 4107 1600 4168 corpus
1621 4090 1719 4168 ipsum
1741 4095 1904 4150 osmtmhun
1927 4109 1967 4150 ee
1988 4088 2092 4150 llario

726 4191 854 4272 Virpine,
876 4193 908 4252 in
930 4209 988 4270 qam
1009 4199 1100 4252 nanu
1122 4196 1168 4250 est
1188 4189 1247 4249 Dei
1264 4188 1355 4267 filino,
1378 4189 1460 4268 qnod
1480 4190 1511 4250 in
1530 4189 1675 4268 praesepi
1691 4189 1832 4266 positum,
1855 4191 1941 4250 cruci
1953 4186 2092 4269 officum,

721 4291 830 4354 lancea
848 4289 1037 4371 perfossum,
1059 4293 1091 4351 in
1112 4289 1249 4368 sepulcro
1271 4288 1462 4362 collocabam,
1485 4289 1670 4361 resurrexit,
1693 4295 1723 4348 et
1743 4287 1786 4347 nd
1808 4287 1921 4348 cochem
1944 4289 2092 4351 nscmdr't.

722 4389 805 4453 llaec
835 4391 934 4453 omnia
964 4396 995 4451 et
1024 4388 1129 4451 similia
1172 4387 1325 4448 continent
1353 4387 1507 4448 orationes
1537 4388 1701 4468 gratiarum
1731 4386 1875 4464 actionis,
1912 4405 1991 4469 quae
2021 4403 2091 4448 cum

723 4489 906 4553 Graecorum
934 4495 965 4552 et
993 4489 1105 4551 nostris
1134 4486 1302 4568 hujusmodi
1324 4484 1401 4548 adeo
1424 4487 1633 4562 consentiunt,
1663 4493 1696 4548 ut
1725 4487 1830 4548 nurum
1857 4487 1968 4548 nemini
1994 4485 2092 4548 videri

723 4589 843 4669 debeat,
866 4590 947 4672 quod
969 4588 1129 4652 nonnullae
1153 4606 1192 4649 ex
1215 4585 1435 4648 recentioribus
1458 4585 1542 4647 libris
1560 4585 1715 4648 desumtae
1737 4594 1816 4648 sunt.
1840 4584 1991 4666 Quidquid
2011 4586 2090 4648 enim

722 4690 759 4752 ad
782 4689 1007 4754 contestandam
1029 4687 1120 4750 realis
1142 4686 1181 4750 de
1208 4687 1348 4767 corporis
1375 4685 1594 4768 sanguinisque
1621 4684 1760 4748 dominici
1789 4687 1961 4766 praesentia
1989 4683 2090 4760 hdem,

723 4792 818 4870 magis
842 4791 947 4853 efficax
969 4789 1088 4852 censeri
1110 4794 1223 4869 potest,
1245 4787 1284 4848 ita
1308 4793 1466 4866 acceptum
1488 4783 1689 4848 Orientalibus
1713 4791 1776 4864 est,
1806 4792 1838 4848 ut
1859 4783 1897 4846 ad
1920 4803 1955 4848 se
1977 4783 2089 4846 luben-

722 4889 836 4952 tissime
859 4888 1048 4951 transierant.
1093 4887 1137 4950 lta
1164 4886 1277 4968 Agapii
1306 4884 1463 4949 Cretensis
1485 4883 1624 4947 hlonachi
1646 4883 1738 4961 liber,
1771 4885 1819 4946 cui
1843 4882 1945 4946 titulus
1966 4875 2090 4966 Ἀμαρ-

721 4987 835 5052 τωιιῦν
856 4982 1009 5073 σωτηρία,
1032 4989 1118 5070 eujus
1140 4985 1242 5048 ultima
1263 5003 1334 5067 pars
1362 4984 1469 5047 multas
1492 4983 1604 5047 similes
1626 4984 1778 5046 orationes
1801 4982 2019 5062 complectitur,
2038 4983 2090 5064 qui
