4736 6064
707 475 791 551 suu
818 472 949 552 amon
974 474 1219 552 muratus
1247 438 1473 551 neruorum
1693 473 1770 550 aas

407 661 553 754 Sanguis
580 669 726 751 sanctus,
752 665 929 758 pretiosae,
956 660 1146 748 vivificans,
1175 671 1208 732 ει
1234 683 1335 733 verus
1361 660 1495 732 Domini
1528 671 1561 733 et
1593 659 1771 734 salvatoris

407 780 513 853 nostri
538 778 620 852 lesu
647 775 785 866 Christi,
821 782 876 873 qui
911 777 1005 850 datm
1039 779 1082 850 ad
1113 781 1342 852 remissionem
1369 787 1581 871 peccatorum
1608 777 1771 850 attritam

409 903 577 966 aeternam
604 893 858 990 suscipientibus
884 892 975 965 illurn
1001 916 1074 965 cum
1100 893 1174 965 fide.
1226 894 1345 966 Amen.
1397 891 1471 966 Hoc
1504 901 1557 966 est
1588 913 1712 986 corpus
1739 899 1773 963 ei

406 1013 545 1103 sanguis
571 1007 808 1094 Emmanuelis,
835 1013 868 1080 in
894 1013 945 1081 rei
971 1013 1122 1082 veritate.
1174 1010 1293 1083 Amen.
1346 1007 1475 1097 Credo,
1491 1006 1622 1096 credo,
1655 1006 1771 1098 credo,

408 1147 454 1197 ex
484 1124 548 1197 boc
582 1146 669 1196 nunc
705 1135 739 1197 et
775 1147 881 1220 usquc
919 1127 953 1196 in
988 1125 1165 1198 saeculum.
1216 1125 1336 1197 Amen.
1388 1123 1463 1196 Hoc
1496 1132 1548 1194 εει
1581 1145 1705 1218 corpus
1739 1132 1773 1196 et

408 1243 545 1332 sanguis
577 1239 713 1312 Domini
745 1250 779 1311 ει
811 1238 991 1314 salvatoris
1023 1244 1128 1314 nostri
1167 1241 1248 1313 lesu
1283 1239 1404 1312 Christi
1439 1261 1525 1334 quae
1560 1243 1691 1334 accepit
1726 1260 1773 1310 ex

407 1358 551 1430 Domina
587 1360 730 1428 omnium
763 1366 910 1430 nostnrm
952 1367 1067 1430 sancta
1102 1369 1136 1429 et
1172 1380 1254 1453 pura
1291 1355 1396 1428 Maria
1433 1353 1592 1448 Virgine,
1627 1354 1772 1449 iecitque

406 1472 485 1544 illud
510 1494 610 1544 unum
636 1494 709 1543 cum
737 1471 907 1545 divinitate
934 1495 1006 1561 sua,
1042 1473 1169 1568 absque
1196 1473 1440 1560 commistione,
1474 1481 1530 1543 aut
1562 1470 1773 1564 oonmsione,

406 1587 581 1678 divisione,
609 1597 665 1659 aut
691 1586 886 1659 alienatione
913 1587 1108 1661 divinitatis:
1134 1588 1362 1685 perbibuitque
1393 1587 1516 1661 bonum
1549 1588 1790 1660 testimonium·

404 1706 439 1775 in
466 1703 582 1776 diebus
609 1704 717 1775 Pontii
743 1703 856 1776 Pilati:
885 1715 919 1776 et
945 1703 1076 1778 tradidit
1102 1728 1141 1778 se
1167 1727 1229 1800 pro
1256 1705 1354 1777 nobis
1370 1702 1542 1776 voluntate
1570 1725 1642 1791 sua,
1670 1725 1772 1799 super

404 1818 528 1911 lignum
556 1823 664 1892 crucis
691 1830 837 1891 sanctae.
890 1823 1009 1893 Amen.
1064 1819 1194 1908 Credo,
1227 1819 1345 1908 credo,
1382 1819 1506 1910 credo,
1540 1819 1629 1916 quod
1663 1817 1771 1892 divisa
1816 1890 1819 1897 .

404 1954 471 2005 non
497 1933 598 2006 iuerit
630 1934 783 2008 diviuitas
815 1937 888 2027 ejus
921 1936 962 2008 ab
989 1935 1188 2007 humanitate
1216 1937 1304 2027 ejus:
1320 2029 1322 2032 Ι
1338 1956 1381 2006 ne
1412 1935 1495 2009 bora
1529 1934 1659 2030 quidem
1696 1959 1771 2025 una,

405 2059 462 2120 eut
486 2053 576 2123 nictu
604 2052 700 2122 oculi.
727 2051 874 2123 Tradidit
900 2074 939 2123 εε
964 2075 1026 2148 pro
1054 2050 1150 2124 nohis
1178 2051 1220 2122 ad
1247 2049 1398 2141 salutem,
1425 2055 1656 2128 remissionem
1682 2074 1770 2147 pec-

402 2173 571 2256 catorum,
603 2179 637 2239 et
672 2170 774 2241 vitam
807 2177 996 2256 neumam,
1030 2166 1284 2262 suscipientibus
1323 2165 1378 2238 illa
1412 2167 1493 2239 cum‘
1522 2167 1597 2240 lide.
1649 2169 1769 2242 Amen.

404 2278 526 2369 Credo,
555 2283 668 2370 oredo,
696 2283 809 2373 credo,
837 2305 883 2354 ex
908 2283 972 2354 boc
998 2306 1085 2356 nunc
1111 2295 1145 2354 ει
1170 2305 1275 2377 usque
1302 2286 1334 2353 in
1362 2282 1540 2356 saeculum.
1593 2285 1713 2357 Amen.

507 2398 569 2469 21.
612 2399 660 2468 Et
694 2406 873 2493 postquam
904 2403 1201 2471 communicaverit
1233 2398 1409 2471 Sacerdos
1451 2403 1594 2493 corpori
1632 2399 1770 2488 Christi,
1825 2416 1830 2428 “

400 2513 527 2604 populo
555 2518 814 2586 communionem
842 2513 1021 2587 distribuet
1047 2516 1173 2589 diceas.
1224 2515 1286 2587 llic
1313 2527 1365 2586 εει
1390 2519 1486 2611 panis
1512 2519 1616 2603 vitae,
1645 2518 1699 2612 qui
1727 2515 1770 2588 de

403 2627 498 2702 coela
527 2630 708 2721 descendit,
735 2653 820 2704 vere
847 2635 1029 2726 pretiosum
1055 2653 1177 2727 corpus
1192 2629 1387 2702 Emmanuel
1412 2631 1476 2705 Dei
1508 2635 1623 2704 nostri.
1649 2634 1769 2707 Amen.

507 2747 555 2818 nt
579 2752 637 2842 qai
661 2752 802 2842 recipit,
829 2748 928 2819 dicet.
981 2750 1101 2824 Amen.

505 2862 685 2935 Diaconos
706 2863 890 2957 praebebit
917 2864 1058 2936 calicem
1089 2865 1214 2936 AEaeaa.
1267 2863 1330 2936 llic
1364 2872 1415 2935 est
1447 2866 1537 2939 calix
1569 2866 1679 2954 vitae,
1714 2865 1771 2959 qui

402 2977 573 3051 descendit
599 2978 641 3050 de
668 2980 776 3066 coelo,
804 2983 858 3074 qui
885 2990 939 3051 est
962 2983 1128 3076 pretiosus
1155 2981 1291 3071 sanguis
1319 2978 1452 3060 Christi.
1770 2959 1777 2978 ’

508 3095 555 3163 Et
579 3097 638 3188 pai
664 3099 801 3187 recipit,
828 3094 929 3167 dicet.
980 3099 1098 3168 Amen.
1124 3097 1244 3168 Amen.

503 3209 690 3279 Diacooas.
744 3211 847 3283 Orate
872 3233 935 3307 pro
961 3211 1059 3284 nobis
1086 3221 1121 3282 ct
1147 3232 1210 3306 pro
1238 3212 1326 3282 omni
1353 3211 1477 3305 populo
1505 3209 1707 3301 Christiano,
1735 3222 1769 3283 et

400 3321 530 3396 illorum
556 3327 748 3397 memoriam
775 3324 895 3415 facite,
932 3329 986 3420 qui
1012 3326 1109 3398 nobis
1137 3326 1309 3413 dixerunt,
1344 3336 1379 3396 ut
1413 3349 1528 3399 eorum
1564 3326 1769 3399 recordare-

400 3459 488 3512 mur:
514 3440 646 3512 laudate
674 3452 707 3513 ει
732 3441 864 3538 psallite
890 3464 1075 3538 cumpace
1102 3451 1136 3513 et
1163 3463 1277 3513 amore
1303 3441 1385 3513 lesu
1413 3441 1544 3516 Christi.
1771 3452 1774 3460 ’

505 3555 689 3628 Sacerdos.
744 3557 837 3643 Quos
863 3561 1009 3646 vocasti,
1036 3560 1188 3646 Domine,
1216 3568 1249 3630 et
1276 3558 1501 3648 sanctificasti,
1529 3559 1571 3633 da
1598 3559 1661 3632 ibis
1681 3583 1769 3655 par-

400 3683 466 3745 tem
491 3676 524 3743 in
550 3677 730 3746 vocatione
756 3686 830 3747 tua:
858 3673 1010 3747 conform
1036 3697 1098 3748 eos
1125 3678 1158 3746 in
1185 3696 1300 3746 amore
1328 3682 1396 3762 tuo,
1423 3686 1458 3746 ει
1491 3675 1618 3770 custodi
1645 3698 1706 3750 eos
1735 3677 1769 3746 in

400 3793 574 3862 sanctitate
601 3798 668 3880 tua,
694 3811 755 3885 per
782 3787 946 3863 Christum
974 3793 1176 3884 unigenitum
1202 3790 1321 3862 Filium
1348 3801 1455 3879 tuum3
1486 3815 1548 3889 per
1581 3814 1678 3887 quem
1709 3790 1769 3864 tibi

400 3916 534 3978 etcum
561 3929 625 3998 eo,
659 3915 693 3978 et
726 3928 799 3977 curn
834 3906 959 4003 Spiritu
990 3920 1128 3997 sancto,
1162 3920 1214 3979 εει
1244 3907 1352 4000 gloria
1387 3918 1421 3979 et
1445 3919 1594 4002 potestas
1621 3931 1708 3981 nunc
1735 3917 1769 3980 et

399 4043 542 4116 semper,
569 4033 603 4094 ει
629 4025 664 4094 in
690 4020 826 4096 saecula
853 4023 1073 4116 saeculorum.
1125 4026 1251 4120 Amen..

500 4141 643 4212 Domine
670 4141 725 4233 qui
753 4151 923 4211 aeternum
948 4140 1059 4212 lumen
1085 4143 1195 4229 vitae,
1231 4149 1265 4212 et
1299 4137 1520 4211 tortitudinem
1556 4144 1665 4214 servis
1701 4144 1768 4214 tuis

399 4251 557 4347 tribuisti,
583 4266 617 4327 ει
643 4254 850 4328 custodivisti
876 4255 952 4328 illos
982 4256 1130 4352 pluribus
1165 4255 1281 4328 diebus
1315 4279 1355 4327 ac
1390 4253 1543 4328 noctibus
1578 4259 1768 4350 praeteritis

398 4371 431 4440 in
457 4394 553 4466 pace,
580 4371 721 4444 benedic
748 4375 846 4444 etiam
874 4373 939 4445 illis
965 4371 1028 4444 bac
1055 4372 1119 4458 die,
1142 4383 1176 4444 et
1194 4381 1325 4467 postea,
1351 4392 1413 4465 per
1426 4369 1602 4442 Dominum
1618 4382 1769 4444 nostrum

398 4485 511 4558 lesum
540 4483 723 4576 Christum,
749 4510 810 4583 per
848 4511 944 4583 quem
978 4488 1036 4561 tibi
1063 4497 1097 4558 et
1130 4510 1204 4559 cum
1235 4508 1293 4575 eo,
1327 4496 1360 4558 ει
1392 4487 1515 4583 Spiritu
1548 4497 1682 4576 sancto,
1719 4495 1771 4578 est

397 4601 506 4693 gloria
531 4610 565 4672 et
593 4613 755 4699 potestas,
782 4625 868 4676 nunc
895 4614 928 4676 et
954 4626 1098 4701 semper,
1126 4606 1218 4676 etin
1245 4602 1380 4676 saecula
1407 4601 1623 4676 saeculorum.
1650 4604 1770 4676 Arnen.

500 4717 686 4790 ffiaaoaas.
740 4716 873 4792 Gratias
908 4742 1047 4812 agamus
1083 4719 1228 4793 Domino
1257 4723 1349 4813 cujus
1385 4730 1501 4792 sancta
1544 4721 1767 4816 suscepimus:

396 4840 432 4903 ut
457 4855 498 4904 ea
525 4857 611 4928 quae
639 4838 864 4930 suscepimus,
891 4839 957 4908 sint
981 4837 1080 4910 nobis
1108 4837 1150 4909 ad
1176 4841 1277 4908 vitam
1305 4837 1435 4907 animae
1461 4844 1495 4904 et
1521 4832 1564 4904 ad
1590 4835 1765 4924 modelam,

394 4969 553 5040 rogamus
580 4958 614 5021 et
641 4947 862 5024 obsecramus
888 4952 1060 5046 laudantes
1087 4955 1262 5026 Domiuum
1289 4953 1396 5024 Deum
1422 4961 1581 5022 nostrum.

1478 5069 1559 5145 78*
