4684 6042
560 530 635 606 138
1093 523 1455 603 LITURGIA

553 718 691 792 Pateiac
712 741 826 790 eorum
843 713 1043 812 superbiam.
1069 715 1226 786 Demon—
1269 708 1459 790 δεῖξον’
1412 722 1533 794 αυτοῖς
1556 713 1595 785 ἐν
1612 704 1711 803 τάχει
1735 703 1803 804 τήν
1826 703 1945 782 δοθε-

553 833 623 896 stra
650 826 701 894 eis
728 825 794 894 cite
821 842 937 892 eorum
958 817 1225 892 imbecillitatem.
1268 843 1369 890 νειαν
1383 813 1518 904 αι’των,
1536 811 1600 896 τάς
1615 808 1943 908 ἐπιβουλάςαάτών

552 925 693 998 Insidias
720 947 856 1012 eorum,
881 925 1081 1019 praestigias
1108 943 1225 993 aarum
1268 915 1417 1002 καὶτὰς
1431 917 1681 1044 πανουργίας,
1710 912 1752 998 ἃς
1775 922 1944 990 ποιοῦσιν

553 1038 588 1100 at
613 1033 793 1118 versutias,
829 1024 946 1122 quibus
972 1047 1034 1097 nos
1061 1023 1226 1097 adoriun-
1269 1019 1385 1096 aad*
1365 1018 1849 1118 ιμωνάπράκτουςποίησον.
1857 1016 1945 1097 Ἑξε-

552 1141 622 1220 tur‚
670 1130 810 1203 iniectas
858 1140 892 1202 et
937 1131 1047 1200 irritas
1092 1127 1226 1199 efficito.
1269 1127 1423 1226 γε’ρθιμι
1442 1123 1543 1222 κύριε
1565 1151 1626 1198 και
1617 1119 1942 1219 διασκορπισθή-

552 1233 694 1326 Exurge
738 1234 901 1323 Domine,
944 1243 979 1304 et
1028 1231 1228 1327 dissipentur
1269 1251 1391 1305 τασαν
1406 1257 1440 1302 οι
1430 1227 1584 1360 ιἐχθροί
1599 1224 1944 1354 σου,ιια1ιρυγι’τω-

551 1340 674 1409 inimici
709 1342 776 1427 tui,
812 1346 846 1408 et
877 1337 1006 1428 bugiant
1042 1345 1226 1406 retrorsum
1269 1357 1340 1408 σαν
1353 1334 1399 1416 εἰς
1411 1331 1456 1406 τά
1473 1330 1588 1406 ὀπίσω
1601 1328 1730 1413 πάντες
1743 1329 1941 1422 οἱμεσοὺν-

552 1463 670 1514 0mnes
698 1445 753 1537 qui
775 1439 915 1512 oderunt
940 1449 1088 1511 sanetum
1103 1459 1225 1509 nemen
1267 1465 1322 1520 τες
1337 1435 1380 1510 τὸ
1397 1433 1515 1530 ὄνομά
1536 1461 1606 1509 σου
1624 1431 1667 1509 τά
1683 1433 1804 1562 ἅγιον.
1840 1425 1942 1508 Τὸν*

551 1555 651 1616 tuum
687 1543 817 1640 Populo
853 1553 963 1615 autem
989 1553 1045 1614 tuo
1071 1539 1160 1613 fideli
1192 1549 1226 1610 at
1269 1538 1310 1614 δε
1326 1535 1416 1614 λαόν
1433 1564 1502 1614 σου
1518 1537 1584 1614 τάν
1596 1536 1728 1613 πιστὸν
1743 1562 1805 1609 και
1794 1532 1942 1633 ὀρθό-

553 1647 742 1720 0rth0d0x0
769 1645 946 1718 benedic
936 1667 969 1716 m
984 1644 1118 1716 millena
1144 1643 1225 1715 mil-
1268 1642 1425 1732 δοξον,’
1408 1673 1450 1717 επ
1450 1641 1634 1742 ἐὐλογίας
1643 1642 1760 1737 χιλίοις
1772 1635 1942 1735 χιλιάδας
1992 1717 2002 1734 .

551 1751 609 1839 lia,
630 1763 663 1823 et
679 1751 792 1823 decies
811 1749 941 1822 millena
953 1746 1064 1835 millia,
1088 1747 1223 1819 iacien—
1266 1746 1327 1820 ναὶ
1343 1745 1474 1842 μυρίας
1487 1744 1680 1845 μυριάδας,
1694 1749 1885 1826 ποιοῦντας
1897 1742 1939 1816 τὸ

551 1853 640 1926 tibus
667 1865 815 1928 sanctam
829 1853 1033 1926 voluntatem
1059 1863 1159 1923 tuam
1266 1849 1412 1946 θέλημά
1427 1874 1496 1924 σου
1512 1849 1554 1924 τὸ
1569 1849 1685 1949 ἅγιον.

604 1957 791 2030 Dinaeam.
832 1957 896 2044 Qui
914 1955 1038 2030 sedetis
1061 1957 1198 2046 surgite.
1315 1960 1350 2031 ὀ
1371 1954 1539 2041 Διᾰκωος,
1582 1950 1942 2051 Οἱκαθῄρωνωάνά-

1267 2083 1379 2155 στιμε.

641 2217 780 2273 &endas
801 2215 868 2273 dicit
888 2215 959 2273 bane
980 2217 1140 2271 brunonem
1438 2201 1472 2256 ‘O
1486 2200 1579 2273 Ἱερεύς
1595 2207 1660 2273 λέγει
1679 2202 1766 2273 εὐχήν.

608 2334 749 2407 Redime
758 2337 899 2420 vinctos
916 2332 958 2404 de
971 2329 1226 2405 necessitatibus
1320 2321 1518 2424 Λάτρωσαι
1534 2322 1714 2420 δεσμίους,
1727 2328 1848 2406 ἐξέλου
1859 2328 1944 2416 τοάς

554 2441 646 2526 suis,
691 2437 831 2509 afflictos
874 2439 1005 2525 exime,
1040 2438 1225 2506 esurientes
1268 2432 1308 2504 ἐν
1323 2426 1507 2530 ἀνάγκαις,
1535 2435 1729 2513 πεινῶντας
1745 2432 1944 2527 χόρτασον,

555 2540 842 2630 εειιε,1εεοιαιοε
862 2537 1051 2626 consolare,
1074 2547 1224 2608 errantes
1269 2530 1576 2633 ὀλιγουωχοῦντας
1592 2530 1858 2632 παρακάλεσον,
1876 2566 1944 2611 πε-

555 2655 736 2733 οοιινοιιο,
763 2646 796 2714 in
822 2640 970 2714 tenebris
998 2641 1153 2712 sedentes
1178 2640 1226 2710 il-
1269 2641 1517 2768 πλανημενους
1541 2637 1776 2735 ι’πίστραμον,
1800 2643 1944 2715 danoru-

553 2746 687 2837 lumina‚
700 2745 815 2841 lapsos
831 2749 936 2838 erige,
948 2742 1119 2816 instabiles
1136 2765 1226 2815 οοιι-
1268 2744 1423 2835 σμένους
1440 2738 1733 2840 φωταγώγησον,
1754 2741 1943 2819 πεπτωκό-

553 2848 661 2938 firma,
687 2871 811 2942 aegros
828 2871 923 2939 sana,
943 2844 1944 2969 οιιιιιοε,ο1ιοιιο,ταςεγειρονμαλευοςανουςστηριξον,

553 2957 705 3026 inviam
732 2952 846 3025 salutis
877 2951 996 3043 dirige,
1023 2951 1226 3044 eosdemque
1269 2943 1503 3043 νενοσηκότας
1522 2946 1639 3038 ἴασαι,
1662 2946 1797 3034 πάντας
1799 2948 1943 3075 ἀγαθέ,

554 3060 589 3128 in
617 3067 766 3128 sanetum
792 3054 883 3127 ovile
910 3066 999 3127 tuum
1034 3076 1226 3146 congrega:
1271 3053 1317 3134 εἰς
1328 3047 1566 3147 τήνὸδὸντῆς
1578 3050 1943 3152 σωτηρίαςσύναψον,

554 3182 618 3232 nos
646 3169 754 3232 autem
782 3157 822 3229 ab
849 3155 1072 3252 iniquitatibus
1105 3160 1227 3229 nostris
1270 3151 1331 3228 καὶ
1357 3151 1487 3238 αυτοάς
1511 3161 1555 3252 τῇ
1580 3155 1665 3283 άγίρ
1703 3181 1772 3230 σου
1792 3157 1944 3254 ποίμνῃ·

554 3260 671 3353 libera,
697 3272 868 3382 protector
894 3268 1009 3333 noster
1042 3271 1076 3332 et
1103 3259 1226 3333 defen-
1270 3257 1363 3353 ἡμᾶς
1389 3254 1430 3332 δὲ·
1453 3257 1610 3354 (abac
1587 3256 1659 3333 απὸ
1685 3267 1759 3335 τῶν
1780 3259 1945 3356 ἀνομιῶν

556 3388 615 3441 sor
641 3388 703 3462 per
729 3366 839 3438 omnia
864 3359 1387 3457 1εοιιε.ἠμων,
1412 3360 1571 3490 φρρυρδς
1591 3361 1697 3458 ἡμων
1716 3391 1776 3438 και
1767 3362 1945 3461 ἀντιλή-

1270 3492 1371 3564 πτωρ
1388 3463 1479 3540 κατά
1496 3463 1615 3542 πάντα
1631 3464 1829 3593 γενόμενος.

609 3572 795 3644 Βιοοοιιιιε.
821 3573 878 3648 Ad
905 3571 1084 3646 Orientem.
1321 3571 1545 3657 ὉΔιάκονος.
1582 3573 1642 3654 Εἰς
1658 3568 1849 3668 ἀνατολήν.

657 3728 846 3786 Sacerdotes
867 3727 980 3785 laelium
1001 3735 1029 3784 et
1050 3735 1120 3784 οισι.
1361 3717 1851 3792 Καὶιιιὶίνεὸο“1ερει1,κα“ιειῦτωεχε.

609 3849 661 3920 Tu
687 3869 724 3919 es
752 3869 852 3943 supra
878 3868 975 3918 omne
988 3849 1172 3941 imperium,
1194 3857 1228 3919 et
1322 3839 1382 3916 Σῦ
1397 3839 1469 3942 γάρ
1488 3841 1520 3917 εἷ
1530 3842 1551 3916 ὁ
1565 3840 1730 3943 ὑπεράνω
1743 3844 1857 3943 πάσης
1873 3844 1944 3946 άρ-

558 3975 689 4026 umnam
715 3953 908 4045 potentiam,
935 3959 969 4020 et
994 3953 1167 4040 virtutem,
1194 3959 1228 4022 et
1266 3951 1332 4043 χῆς
1346 3974 1406 4020 και
1396 3945 1593 4037 ἐξουσίας,
1607 3975 1667 4021 και
1658 3945 1872 4044 δυναμεως
1883 3951 1944 4025 και

557 4056 825 4142 dominationem,
839 4064 872 4124 et
885 4075 983 4124 omne
999 4074 1122 4124 nomen
1138 4052 1227 4148 quod
1269 4077 1495 4150 κυριοτητος,
1516 4048 1576 4124 καὶ
1601 4050 1733 4136 παντὸς
1755 4050 1944 4183 ὀνόματος,

556 4161 754 4246 nominatur,
781 4178 847 4229 non
874 4155 1017 4228 solum
1008 4178 1039 4225 m
1061 4153 1125 4227 boe
1142 4179 1227 4229 sae·
1270 4151 1943 4252 ὀνομαζορανουμδμάνονέντῴαίωνι

557 4261 652 4350 culo,
688 4260 748 4332 sed
783 4265 882 4331 etiam
914 4263 947 4328 in
977 4257 1099 4331 futuro.
1152 4259 1227 4332 Tibi
1270 4255 1407 4354 τούτῳ,
1433 4255 1523 4334 ἀλλά
1549 4257 1610 4332 καὶ
1632 4262 1672 4335 ἐν
1690 4266 1743 4356 ’τῷ
1762 4265 1943 4355 μέλλοντι.

557 4364 688 4438 adstant
718 4363 818 4435 millia
852 4359 1005 4454 millium,
1042 4372 1076 4433 et
1115 4362 1227 4434 decies
1272 4360 1344 4434 Σοὶ
1357 4358 1627 4458 παραστήκουσι
1641 4335 1756 4457 χίλιαι
1772 4363 1944 4460 χιλιάδες,

556 4467 674 4541 millies
717 4477 858 4539 centena
898 4465 998 4537 millia
1038 4477 1227 4538 sanctorum
1269 4463 1330 4540 καὶ
1348 4462 1478 4596 μύριαι
1502 4462 1721 4564 μυριάδες“
1697 4467 1812 4568 aylam
1833 4467 1945 4600 ἄγγε’-

548 4571 780 4664 angelorum,
808 4580 841 4642 et
850 4567 1138 4661 Archangelomm
1156 4592 1226 4642 ex·
1269 4573 1358 4660 λων,
1366 4596 1426 4643 και
1416 4566 1671 4694 αρχαγγιλων
1682 4571 1856 4670 στρατιαι
1874 4569 1945 4648 Σοὶ

557 4679 691 4747 ercitus.
727 4674 801 4746 Tibi
825 4673 956 4746 adstant
974 4670 1226 4747 honoratissime
1271 4669 1540 4770 παραστήκουσι
1575 4703 1618 4747 τα
1609 4670 1716 4748 δύο
1742 4672 1944 4771 τιμιώτατά

557 4786 613 4849 tua
641 4777 705 4849 duo
733 4776 897 4862 animalia,
925 4779 1075 4848 nimirum
1094 4774 1944 4876 11111110-σουζωα,ταπολιομματαχερουβιμ,

559 4878 633 4950 aula
661 4878 859 4969 Cherubim,
892 4888 926 4951 et
952 4901 1017 4952 sax
1043 4879 1129 4952 alata
1156 4879 1228 4952 Se·
1271 4908 1333 4955 και
1343 4909 1389 4955 τα
1380 4877 1622 4980 ἑξαπτερυγα
1630 4881 1801 5008 σεραφίμ,
1815 4883 1840 4956 ἃ
1833 4879 1945 4958 δυσὶ

559 4981 706 5078 raphim,
743 5005 829 5078 quae
856 4979 982 5054 duabus
1010 4982 1139 5078 quidem
1167 4983 1228 5056 alis
1271 4987 1341 5079 μὲν
1371 4985 1519 5085 πτέρυξι
1542 4981 1590 5060 τά
1624 4981 1793 5084 πρόςωπα
1827 4983 1944 5062 καλά-
