4760 6038
735 533 875 609 CXVIII
1215 539 1597 618 sussurratio

732 723 948 799 bibliothecis
974 737 1105 816 extare,
1131 748 1197 800 nec
1221 748 1326 818 unos,
1354 729 1409 822 qui
1434 727 1607 824 Epocbam
1633 728 1723 801 illam
1750 751 1844 802 suurn
1870 731 1980 805 multis
2007 739 2098 808 annis

733 850 990 914 anteverterent.
1018 842 1111 915 Tabe
1143 853 1196 915 est
1222 842 1344 916 Codex
1375 845 1515 936 insignis
1550 845 1699 931 Quatuor
1733 844 1998 940 Evangeliorrnn
2025 847 2098 923 Co-

730 960 818 1051 ptiee
845 960 998 1054 scriptus,
1024 980 1124 1030 manu
1149 958 1322 1048 Michaelis
1336 959 1817 1056 MetropolitaeDamiateusis,
1844 963 1973 1036 uhtaus
1984 965 2098 1040 llaroo

731 1072 798 1144 lilio
824 1073 957 1146 Zaraae
985 1079 1040 1169 qui
1062 1075 1233 1148 ordinatus
1261 1084 1314 1148 est
1329 1075 1555 1149 Alexandriae
1581 1077 1775 1152 Patriarcha
1802 1101 1889 1153 auno
1915 1080 2099 1178 Martyrum

730 1186 993 1263 DCCCLXXX.
1018 1191 1050 1263 J.
1078 1191 1117 1264 C.
1143 1191 1361 1264 IIICLXXIV.
1394 1193 1510 1288 ltaque
1535 1216 1610 1266 oum
1637 1194 1702 1266 duo
1728 1197 1794 1267 viri
1819 1195 1992 1269 clarIssimi
2009 1221 2095 1269 con-

657 1293 663 1298 *
728 1307 876 1398 jacturas
912 1331 990 1380 suas
1023 1306 1253 1403 publicabant,
1286 1311 1463 1401 sexaginta
1495 1314 1591 1383 annis
1624 1313 1756 1382 circiter
1792 1315 1957 1407 antiquior
1987 1313 2095 1386 codex

732 1421 887 1512 extabat,
919 1423 974 1494 illa
1011 1446 1108 1518 quam
1142 1426 1380 1497 constituerant
1411 1423 1561 1521 Epoeha.
1614 1425 1722 1498 Nemo
1756 1437 1866 1499 autem
1898 1431 2097 1503 existimabit

730 1536 918 1630 Evangelia
956 1549 1048 1611 tanto
1087 1539 1204 1613 labore
1243 1543 1366 1635 scripta
1407 1540 1512 1615 brisso
1550 1565 1591 1614 ea
1626 1542 1754 1635 lingua,
1791 1567 1877 1640 quae
1908 1566 1975 1617 non
2011 1557 2100 1620 esset

730 1655 909 1728 Ecclesiae
936 1661 988 1729 cui
1015 1656 1240 1730 destinabatur
1266 1660 1424 1754 propria,
1460 1657 1632 1754 vulgoque
1659 1663 1692 1730 in
1719 1661 1905 1754 synaxibus
1931 1674 2097 1758 usurpata.

416 1771 534 1825 ⁴seruus
552 1783 591 1826 ec
612 1777 718 1846 linguae
834 1773 884 1844 lua
915 1771 994 1844 nihil
1028 1775 1134 1848 minus
1161 1777 1197 1861 ip
1224 1778 1379 1866 consessu
1407 1781 1467 1862 eet,
1497 1797 1595 1869 quam
1612 1797 1695 1864 ‚nou
1718 1779 1826 1868 subse
1857 1797 1997 1870 aequum
2023 1783 2099 1851 ter-
2234 1863 2240 1873 ,

409 1856 533 1925 Copticee
567 1877 627 1914 usus
658 1871 718 1916 ante

405 1942 535 2010 Epocham
558 1947 716 2003 Vosstanam.
730 1912 846 1958 rurum
872 1889 917 1960 ob
945 1893 1043 1962 onais
1069 1893 1259 1985 qutuqeatb
1284 1892 1320 1959 iu
1345 1913 1407 1962 usu
1426 1892 1602 1984 Copticam
1625 1891 1780 1986 linquam,
1809 1915 1884 1964 cum
1910 1892 1964 1964 diu
1980 1905 2099 1990 postea

730 2008 863 2098 vigeret
888 2010 920 2078 in
950 2005 1117 2104 Osiutensi
1143 2017 1262 2094 tractu,
1289 2016 1446 2101 usurpata
1480 2031 1499 2078 a
1536 2005 1730 2080 Christianis
1766 2009 1800 2078 in
1826 2012 1991 2081 communi
2019 2034 2099 2085 ser-

727 2143 844 2194 mono:
871 2132 906 2195 et
929 2145 1010 2194 usus
1038 2126 1211 2196 continuus
1237 2121 1466 2195 Ecclesiarum
1493 2127 1526 2194 iu
1553 2121 1755 2214 Psalmodia,
1782 2123 1946 2217 Liturgia,
1973 2135 2008 2198 et
2033 2152 2098 2200 ce-

726 2235 895 2312 lebrandis
922 2239 1159 2326 Sacramentis,
1187 2240 1268 2310 satis
1295 2259 1370 2308 eam
1399 2261 1418 2309 a
1445 2241 1673 2334 supposiIIone
1710 2239 1904 2311 vindicaret
1956 2241 2004 2315 At
2030 2267 2098 2318 nou

726 2357 839 2427 existit
868 2359 935 2427 uisi
968 2360 1004 2426 in
1038 2354 1135 2426 libris
1168 2355 1418 2425 recentioribus
1452 2377 1495 2424 oc
1524 2357 1629 2448 foede
1662 2359 1848 2448 nonuplis,
1878 2355 1995 2450 quales
2021 2365 2097 2430 aaut

724 2474 1025 2564 iuterpretotioues
1050 2473 1176 2542 ueteris
1201 2473 1346 2563 nouique
1380 2471 1593 2542 Testamenti.
1646 2469 1769 2544 Libros
1803 2493 1943 2566 quorum
1970 2498 2094 2548 exem-

725 2588 832 2683 plaria
860 2591 954 2660 aunis
982 2591 1170 2682 quingentis
1205 2596 1240 2658 et
1273 2589 1509 2692 quinquaginta
1536 2590 1719 2660 vetustique
1752 2592 1940 2683 supersint,
1966 2613 2092 2662 recen-

724 2707 827 2777 tiores
854 2728 943 2795 esse,
964 2728 1063 2777 nemo
1091 2705 1228 2776 dixerit:
1256 2714 1290 2775 et
1315 2707 1478 2795 majorem
1503 2706 1696 2776 versionum
1723 2727 1808 2798 quae
1829 2704 1893 2777 uns
1915 2707 2094 2778 conticen-

725 2832 776 2891 tur
821 2824 1044 2915 antiquitatem
1085 2819 1207 2914 iuisse,
1244 2841 1313 2891 non
1351 2830 1462 2916 potest
1497 2819 1646 2892 dubitari.
1700 2819 1747 2893 At
1785 2822 1902 2892 mirum
1941 2842 2093 2916 prorsus,

724 2959 885 3010 censores
913 2938 996 3011 duos
1023 2936 1099 3010 illos
1126 2938 1181 3032 qui
1205 2958 1249 3006 ne
1276 2934 1440 3030 syllabam
1467 2934 1598 3029 quidem
1623 2936 1758 3027 liuguae
1786 2933 1948 3032 Copticae
1974 2960 2090 3012 nove-

722 3062 809 3145 rant,
836 3077 896 3127 aas
921 3053 1022 3126 foede
1049 3063 1225 3148 corruptas
1252 3060 1321 3123 taur
1348 3049 1552 3125 confidenter
1568 3030 1744 3124 aIlirmare.
1778 3049 1922 3126 Codices
1955 3064 2090 3126 veteres

726 3172 962 3266 cujuscumque
988 3171 1141 3262 liuguae,
1170 3167 1293 3241 Graeci
1326 3170 1424 3239 etiam
1455 3179 1489 3239 et
1513 3167 1642 3262 Latini,
1677 3170 1804 3263 primae
1831 3170 2027 3258 vetustatiS,
2059 3177 2093 3239 et

725 3289 941 3382 antiquitatis,
972 3290 1070 3382 pauci
1096 3295 1192 3376 sunt,
1226 3289 1260 3356 in
1294 3281 1412 3379 quibus
1445 3295 1585 3380 peccata
1620 3283 1830 3357 librariorum
1854 3283 1995 3379 plurima
2023 3285 2090 3357 ob-

724 3424 866 3476 servare
891 3425 958 3476 non
984 3402 1098 3475 liceat:
1130 3424 1241 3497 nequa
1273 3398 1337 3472 illis
1373 3409 1466 3472 caret
1500 3403 1640 3494 Insignis
1667 3399 1722 3472 ille
1750 3398 1872 3473 codex
1897 3399 2089 3490 Vaticanus,

723 3541 769 3590 ox
796 3542 861 3615 quo
889 3518 1106 3615 Septuaginta
1139 3522 1354 3614 interpretum
1388 3515 1541 3590 Romana
1574 3516 1674 3589 editio
1706 3525 1884 3612 procurata
1921 3527 1990 3606 est,
2024 3539 2090 3590 non

721 3637 828 3708 miuus
862 3659 959 3732 quarn
993 3633 1260 3724 Alexandrinus,
1293 3655 1400 3728 nuper
1434 3637 1468 3705 in
1505 3635 1677 3706 Britannia
1711 3632 1765 3705 edi
1802 3643 1952 3729 coeptus.
2005 3631 2090 3705 Nihil
2180 3683 2187 3706 .

720 3756 837 3826 mirum
863 3757 962 3846 igitur
989 3755 1078 3824 siin
1105 3749 1253 3847 Copticis
1281 3749 1400 3822 aliisve
1427 3747 1623 3840 CodicibuS,
1654 3749 1767 3842 lingua
1793 3752 1972 3845 peregrina
2000 3752 2088 3822 sori-

722 3872 799 3965 ptis,
825 3873 926 3941 naevi
953 3868 1084 3964 quidam
1111 3870 1185 3940 siut.
1238 3865 1287 3942 At
1319 3869 1348 3939 si
1375 3869 1447 3961 quIs
1482 3865 1618 3938 eosdem
1653 3888 1727 3937 cum
1763 3865 1904 3938 Graecis
1932 3876 1989 3938 aut
2013 3867 2087 3936 He-

721 3987 843 4059 braIcis
871 3995 1043 4081 comparet
1069 3983 1256 4077 dlligentcr,
1283 3992 1447 4076 agnoscet
1472 3979 1630 4077 plurimas
1657 3984 1770 4074 magni
1791 3984 1949 4054 momenti
1974 3985 2085 4055 varias

721 4102 895 4192 lectiones,
923 4105 1010 4196 quae
1035 4099 1206 4193 vulgatam
1234 4103 1334 4171 etiam
1359 4097 1536 4171 lectionem
1562 4097 1767 4188 confirment,
1794 4108 1910 4170 contm
1927 4098 2087 4171 llasore-

722 4229 829 4291 tarum
855 4217 1031 4289 editionem
1057 4220 1089 4289 in
1117 4214 1304 4306 Hebraicis,
1332 4224 1365 4286 et
1390 4217 1595 4294 recentiores
1616 4212 1767 4287 Graecos
1793 4214 1911 4304 libros,
1936 4213 2086 4309 permul-

722 4339 764 4406 tis
790 4338 824 4406 iu
850 4335 945 4407 locis.

434 4483 502 4534 uqa
518 4483 709 4534 cavallonum
815 4451 951 4523 ‘Verum
985 4450 1062 4545 quid
1092 4448 1170 4521 inde
1203 4447 1334 4520 tandem
1370 4447 1534 4520 adversus
1566 4447 1700 4539 linguae
1732 4449 1855 4542 Ipsius,
1888 4453 1924 4515 ut
1957 4449 2003 4517 ita
2029 4442 2087 4514 lo-

399 4569 500 4622 desedfl
514 4570 638 4667 aspersus
656 4567 708 4618 ¹5¹¹·
723 4591 872 4665 quamur,
900 4569 1109 4639 existentiam
1136 4565 1288 4637 concludi
1313 4567 1432 4660 possit,
1459 4584 1526 4635 nou
1552 4562 1873 4659 facileperspicitur.
1901 4560 1975 4634 Sint
1989 4558 2087 4632 foede

400 4654 622 4793 {ffiucrfpwm
644 4669 707 4704 Μ’
720 4694 897 4780 corruptae
922 4688 1111 4774 versiones
1139 4693 1434 4777 quantumcumque
1459 4678 1590 4752 Criticis
1616 4680 1680 4753 ulis
1695 4678 1851 4774 placitum
1877 4677 1992 4750 luerit:
2020 4676 2087 4748 du-

720 4801 797 4873 biae
823 4801 900 4874 lidei
925 4823 992 4872 non
1019 4809 1113 4889 sunt;
1140 4823 1213 4872 curu
1240 4807 1317 4871 ante
1344 4800 1573 4895 septingentos
1599 4817 1723 4884 annos,
1750 4819 1796 4867 ex
1821 4794 1914 4866 libris
1941 4796 1996 4888 qui
2023 4815 2085 4863 su-

722 4925 876 5014 persunt,
908 4915 1012 4988 lectas
1047 4914 1121 4988 illas
1154 4913 1286 5011 publice
1316 4916 1350 4985 in
1385 4912 1547 4986 Ecclesiis
1581 4935 1659 4986 esse
1691 4919 1834 5001 constet,
1861 4934 1908 4982 ex
1935 4919 2084 4982 autorum

721 5033 949 5126 indigenarum
976 5029 1179 5106 testimoniis.
1232 5031 1370 5104 Factum
1401 5029 1433 5101 id
1466 5050 1545 5104 esse
1569 5029 1682 5123 lingua
1708 5051 1770 5126 per
1797 5031 1899 5100 otium
1920 5025 2084 5119 ilagitiose
