4680 6044
590 599 642 675 AD
660 595 868 674 literatior
885 593 1079 672 corr-lolli
1096 595 1126 672 S.
1144 594 1289 670 BASILH.
1554 595 1627 668 193

255 784 467 867 superstitiosa
488 781 539 844 illa
555 799 649 864 gens,
674 797 779 843 omnes
803 780 1018 860 cujuscumque
1029 777 1196 862 Religionis
1218 777 1354 839 homines
1376 794 1466 840 orare
1490 779 1629 856 seorsim,

255 901 370 966 suoque
401 883 450 945 die
481 880 619 963 jubebat.
669 877 702 940 ln
730 877 861 941 Historia
896 877 1089 940 Patriarehali
1122 885 1262 938 narratur
1301 875 1433 939 ludaeos
1468 877 1629 960 aliquando
1695 882 1758 936 lter.
1783 882 1854 933 Pae.
1882 882 1957 936 Ata.

253 983 383 1064 pecunia
405 979 573 1044 redemisse
591 979 641 1059 jus
664 977 827 1058 primarum
849 975 1117 1056 supplicationum,
1140 976 1198 1036 rati
1222 993 1262 1036 ex
1284 975 1413 1038 diversis
1436 974 1555 1038 indiciis
1578 967 1958 1038 fu.p.229.311.482.eoo.

254 1091 351 1146 turam
373 1096 445 1141 mox
467 1076 706 1153 inundationem,
730 1092 808 1155 quae
830 1072 899 1135 ideo
923 1074 996 1153 ipsis
1019 1073 1126 1135 honori
1149 1072 1243 1152 loret,
1266 1075 1351 1155 quasi
1374 1076 1509 1156 ipsorum
1523 1075 1630 1156 praei-

254 1182 311 1244 bus
334 1182 508 1259 impetrata:
531 1176 586 1239 sed
610 1193 677 1238 curn
700 1181 805 1236 contra
827 1173 912 1235 Nilus
935 1171 1118 1234 decrescere
1141 1173 1225 1234 visus
1240 1181 1333 1252 esset,
1357 1192 1417 1236 non
1433 1173 1530 1238 solum
1541 1175 1631 1254 gravi

255 1279 365 1342 mulcta
388 1277 518 1339 damnati
540 1283 628 1353 sunt,
651 1273 707 1335 sed
730 1273 819 1336 etiam
842 1271 1048 1348 interdictum,
1073 1288 1112 1332 ne
1135 1289 1191 1351 per
1212 1271 1321 1334 multos
1338 1273 1403 1336 dies
1419 1281 1629 1352 precarentur.

255 1379 301 1441 De
324 1375 454 1458 publicis
477 1369 746 1454 supplicationibus
770 1370 849 1432 illius
873 1369 1082 1431 exundationis
1106 1387 1198 1432 causa
1220 1369 1321 1450 sactis,
1354 1372 1467 1452 aliquot
1491 1370 1631 1453 exempla

257 1485 325 1540 sunt
347 1479 377 1538 in
401 1473 506 1537 eadem
529 1473 676 1535 Historia:
700 1470 875 1550 superstitio
899 1468 1009 1531 deinde
1032 1470 1181 1531 suecessit
1203 1469 1288 1550 cujus
1303 1477 1411 1532 testem
1427 1479 1526 1534 tamen
1540 1469 1630 1533 alium

257 1576 381 1638 laudare
403 1591 465 1636 non
488 1589 665 1653 possumus,
689 1587 778 1650 quarn
799 1567 976 1630 Hakrizium
998 1567 1255 1635 Muhamedanum.
1301 1568 1352 1630 Ait
1375 1570 1453 1632 enim
1468 1587 1534 1632 earn
1551 1561 1631 1632 inter

258 1675 446 1738 Christianos
469 1669 716 1733 consuetudinem
740 1667 850 1742 fuisse,
874 1674 906 1729 ut
929 1683 1029 1727 arcam
1051 1667 1080 1727 in
1104 1685 1161 1747 qua
1191 1667 1403 1730 continebatur
1431 1668 1542 1751 digitus
1572 1687 1631 1732 cu-

254 1773 373 1856 jusdam
395 1769 554 1849 blartyris,
583 1768 742 1847 inaquam
772 1765 980 1843 demitterent,
1008 1765 1213 1826 existimantes
1243 1784 1304 1828 non
1332 1765 1462 1832 futuram
1490 1768 1631 1830 exunda-

257 1875 385 1950 tionem,
415 1872 441 1933 si
474 1867 503 1933 id
538 1869 734 1930 omitteretur.
779 1865 870 1928 Anno
904 1873 1002 1926 tamen
1025 1863 1156 1948 Hegirae
1186 1863 1301 1929 DCCH.
1332 1853 1481 1948 regnante
1504 1867 1629 1946 Nasser,
1695 1861 1758 1913 Wd·
1782 1859 1853 1910 Pae.
1881 1857 1956 1909 Alce.

256 1968 434 2035 Hebamede
457 1967 518 2029 lilio
537 1965 674 2028 Helaoun
697 1983 736 2028 ex
758 1963 945 2041 llamalnlis,
969 1957 1092 2026 velitum
1105 1981 1145 2025 ne
1158 1963 1189 2024 id
1209 1963 1306 2042 beret,
1324 1967 1459 2045 quamvis
1480 1965 1631 2029 instarent
1639 1964 1667 2016 Ρ·
1684 1946 1747 1998 ⁶⁰⁶·
1757 1945 1829 2044 ¹⁶¹⁰·

257 2087 379 2150 semper
392 2065 554 2130 Christiani
568 2071 599 2126 ut
610 2064 761 2126 licentiam
772 2063 959 2126 obtinerent:
978 2079 1056 2124 anno
1072 2062 1189 2124 demum
1204 2061 1355 2125 DCCLlll.
1370 2061 1397 2125 J.
1416 2064 1449 2127 C.
1461 2063 1630 2128 HCCCLH.
1662 2031 1774 2168 dnm
1799 2031 1866 2082 ΑΜ
1893 2031 1956 2101 ¹4²⁹·

258 2168 355 2231 diruta
378 2166 532 2239 Ecclesia,
556 2182 647 2244 capsa
671 2181 737 2224 cum
760 2161 894 2242 reliquiis
918 2167 1072 2223 consumta
1102 2167 1157 2222 est.
1208 2160 1268 2224 Sed
1296 2161 1384 2241 hujus
1413 2164 1506 2225 moris
1532 2133 1661 2226 vesti-‘⁸
1713 2133 1763 2169 Μ
1780 2133 1882 2170 amem.

259 2268 339 2350 gium
363 2264 476 2326 nullum
499 2271 545 2325 est
568 2263 598 2324 in
621 2261 839 2342 antiquioribus
861 2258 958 2324 libris.

376 2473 545 2545 Memento
572 2469 717 2540 Domine
743 2467 886 2538 Petram
914 2473 948 2538 et
975 2469 1137 2571 Eretram
1163 2471 1221 2562 qui
1247 2466 1509 2542 ebdomadarum.
1605 2447 1608 2454 ⁴
1679 2481 1710 2533 Ρ.
1728 2483 1755 2535 e.
1774 2483 1790 2536 t
1807 2483 1853 2536 26.

263 2675 265 2682 ’
341 2646 510 2726 Onarronrs
532 2673 589 2736 pro
613 2657 755 2732 mortuis,
784 2673 949 2734 eorumque
976 2655 1054 2717 inter
1077 2653 1183 2717 Ollicia
1214 2673 1302 2718 sacra
1332 2656 1633 2737 commemorationis,
1664 2652 1878 2708 Commemoranda
1886 2671 1959 2709 mor-

261 2771 408 2844 perpetua
431 2759 656 2838 communisque
685 2758 765 2820 inter
787 2757 958 2820 Orientales
988 2755 1176 2820 Christianos
1205 2757 1378 2822 observatio
1409 2767 1475 2840 est,
1506 2747 1748 2842 eamquef¹¹9ffl¹¹¹
1767 2748 1793 2793 θ’
1811 2742 1893 2795 011110
1908 2757 1958 2810 ¹¹¹⁰

262 2860 298 2922 ad
321 2861 488 2940 Apostolos
510 2858 657 2920 referunt.
701 2857 776 2918 Nam
799 2856 859 2919 illis
882 2857 1046 2918 attribuunt
1068 2853 1320 2919 Constitutionem
1342 2857 1422 2920 illam
1437 2826 1707 2922 exClemen-¹¹¹¹⁸'

262 2961 330 3022 tinis
354 2960 557 3039 depromtam,
581 2975 658 3038 quae
681 2963 765 3018 extat
788 2957 818 3018 in
842 2955 1029 3019 Collectione
1051 2954 1209 3018 Ebnassali
1232 2973 1298 3038 cap.
1316 2955 1367 3021 12.
1403 2956 1636 3039 congregamini

261 3059 374 3138 absque
395 3057 542 3121 seandalo
563 3058 595 3118 in
616 3055 764 3118 Ecclesia
785 3063 815 3116 et
836 3056 923 3135 legite
944 3057 1112 3135 scra'ptmoa
1133 3063 1275 3131 sanctas,
1304 3064 1333 3118 et
1359 3066 1447 3119 orote
1469 3077 1560 3138 super
1581 3076 1635 3120 eos

262 3159 312 3238 qui
334 3159 521 3219 demeterent
546 3162 685 3230 sanctos,
712 3153 877 3236 Martyres,
908 3163 962 3217 aar
987 3153 1105 3233 fratres
1133 3165 1253 3218 vestrm
1282 3156 1439 3218 credentes
1467 3157 1500 3218 io
1527 3156 1634 3222 Deam.

263 3255 333 3317 Han
355 3253 459 3335 offerte
479 3253 649 3333 Liturpiam
671 3253 848 3316 (irationem
870 3255 1015 3328 actionis,
1039 3272 1150 3332 corpus
1171 3261 1308 3315 sanctum
1330 3263 1361 3316 et
1373 3256 1548 3335 sanguinem
1558 3275 1636 3336 pre-

264 3357 372 3416 tiosam
397 3353 491 3432 Regis
514 3351 643 3428 Christi,
665 3351 704 3415 Et
726 3368 800 3413 sane
821 3351 903 3413 nulla
926 3369 1112 3432 quacumque
1136 3353 1166 3414 in
1188 3352 1327 3416 Ecclesia
1349 3353 1484 3434 Liturgia
1512 3361 1574 3433 est,
1605 3355 1636 3416 in

264 3469 321 3532 qna
346 3468 402 3530 pro
425 3453 550 3513 mortuis
574 3451 670 3530 oratio
693 3468 753 3512 non
776 3449 843 3513 fiat:
867 3449 1038 3530 quotidiana
1061 3468 1183 3531 quoque
1206 3449 1305 3513 officia
1332 3451 1413 3513 nulla
1442 3459 1527 3532 sunt,
1557 3471 1636 3534 quae

264 3567 369 3612 eorum
393 3551 676 3612 commemoratione
699 3557 834 3611 careant.
879 3549 984 3628 Neque
1006 3549 1104 3611 solum
1127 3556 1232 3612 oratur
1253 3568 1309 3632 pro
1333 3550 1407 3628 illis,
1431 3550 1487 3614 sed
1509 3551 1637 3614 ollertur

265 3645 443 3710 sacrificium
467 3665 572 3710 eorum
595 3665 705 3724 causa,
729 3648 903 3729 sepulturae
926 3649 992 3728 ipso
1017 3649 1082 3725 die,
1106 3655 1167 3710 tum
1190 3647 1262 3710 aliie.
1307 3649 1340 3711 ln
1363 3649 1421 3712 illis
1449 3668 1524 3732 quas
1546 3651 1635 3715 modo

263 3745 449 3808 laudavimus
474 3745 759 3810 constitutionibus:
784 3746 983 3808 Celebrebitr's
1005 3747 1084 3808 diem
1106 3749 1225 3809 tertircm
1247 3767 1314 3809 cum
1335 3749 1484 3826 Psalmis,
1508 3757 1538 3812 et
1559 3769 1635 3812 ora-

264 3843 411 3907 tionibus:
433 3845 560 3924 septimo
582 3849 673 3907 etiam
694 3849 792 3926 apetie
813 3847 1124 3910 commemorationem
1142 3849 1280 3908 oleorum
1292 3855 1320 3909 et
1334 3858 1538 3912 mortuoram:
1560 3870 1637 3910 rnr-

264 3963 315 4006 rus
335 3946 425 4024 finem
446 3945 559 4005 namsia
580 3943 771 4006 celebrabitis
792 3944 835 4005 od
856 3945 972 4006 illorum
994 3947 1111 4007 diemtm
1131 3945 1276 4024 somnam,
1299 3945 1476 4027 tandemque
1489 3949 1638 4010 anniver-

264 4044 380 4104 sarium
402 4043 492 4117 dian,
514 4043 546 4103 in
565 4043 625 4121 fine
647 4042 729 4106 anni.
761 4042 885 4104 Praeter
899 4042 1009 4105 infinita
1023 4045 1192 4106 testimonia
1202 4062 1279 4125 quae
1291 4063 1332 4106 ex
1342 4043 1496 4127 liturgiis,
1513 4045 1638 4110 Eucbo-

264 4139 372 4223 logiis,
399 4147 429 4202 et
453 4140 520 4202 aliis
543 4139 651 4202 officiis
676 4141 778 4222 colligi
801 4151 945 4221 possunt,
969 4151 1072 4204 extant
1087 4143 1203 4225 integra
1221 4141 1319 4204 odicia
1343 4145 1539 4225 exequiarum
1562 4163 1637 4226 quas

268 4240 397 4319 Tagetis
419 4244 545 4315 vocant,
574 4257 651 4320 quae
674 4240 747 4302 nihil
778 4239 835 4301 nisi
865 4238 941 4302 tales
964 4242 1118 4306 orationes
1151 4243 1313 4305 continent.
1357 4242 1389 4304 ln
1419 4244 1550 4307 Historia
1577 4243 1639 4304 Pa-

265 4335 417 4398 triarcHali
439 4335 551 4418 ubique
574 4337 668 4400 ferme
691 4339 803 4401 mentio
826 4345 873 4400 est
886 4339 1040 4423 Liturgiae
1063 4340 1236 4403 celebratae
1259 4359 1316 4422 pro
1337 4341 1485 4406 defunctis
1504 4342 1638 4404 Patriar-

265 4438 345 4514 chis,
369 4453 430 4500 non
453 4435 549 4498 solum
574 4438 604 4498 in
626 4437 801 4518 sepulturae
824 4437 886 4517 die,
911 4438 1019 4501 sedin
1043 4441 1266 4502 anniversario:
1290 4441 1349 4503 imo
1380 4442 1544 4505 communis
1573 4446 1639 4502 erat

266 4535 342 4612 dies,
364 4535 394 4597 in
418 4552 478 4616 quo
503 4537 632 4597 omnium
645 4536 884 4598 Patriarebarurn
903 4538 1045 4599 memoria
1067 4538 1097 4598 in
1112 4539 1250 4602 Ecclesia
1265 4538 1390 4628 Coptica
1418 4537 1638 4603 celebrabatur.

266 4633 309 4696 lta
332 4634 413 4715 apud
436 4633 532 4714 Syros
553 4634 723 4713 Jacobitas,
746 4635 919 4714 Melchitas,
943 4635 1155 4700 Nestorianos:
1184 4656 1284 4719 neque
1313 4639 1394 4701 enim
1423 4639 1482 4702 ulla
1509 4656 1641 4719 unquam

268 4731 306 4795 de
328 4733 385 4795 bac
414 4732 590 4812 disciplinae
620 4742 707 4814 parte
741 4735 948 4796 controversia
974 4735 1039 4800 luit.
1090 4735 1166 4798 lllud
1195 4735 1290 4800 solum
1321 4738 1480 4800 observari
1509 4746 1641 4820 oportet,

268 4833 353 4913 ipsos
374 4835 415 4894 ita
439 4831 624 4896 Sacrificium
648 4839 678 4896 et
701 4850 811 4914 preces
834 4831 948 4896 olierre
970 4851 1027 4914 pro
1050 4835 1191 4914 mortuis,
1214 4843 1247 4898 ut
1270 4853 1330 4899 non
1354 4837 1446 4901 sicuti
1476 4836 1554 4919 apud
1584 4855 1640 4899 nos

270 4930 365 5008 solet,
389 4931 559 4994 immutetur
581 4939 676 4994 totum
699 4931 900 5013 quotidianum
924 4931 1054 4995 officium
1077 4941 1107 4996 et
1130 4919 1213 4999 aliud
1233 4936 1425 5014 adhibeatur3
1455 4939 1510 5002 sed
1539 4937 1643 5016 Litur-,

269 5031 348 5112 giam
371 5029 432 5092 diei
456 5033 685 5094 convenientem
707 5033 748 5094 ita
771 5030 942 5109 celebrent,
966 5039 998 5094 ut
1020 5042 1142 5113 praeter
1165 5036 1313 5100 lectiones
1335 5038 1479 5118 quasdam
1497 5057 1537 5100 ex
1562 5040 1638 5101 scri·
