4736 6064
746 666 822 740 482
1028 666 1386 756 titulasti
1439 667 1814 748 communis

848 853 1035 926 Diaconos.
1088 853 1223 947 Surgite
1249 854 1292 927 ad
1319 857 1512 929 orationem.

848 970 1032 1044 Sacerdos.
1084 971 1159 1043 Pax
1185 969 1283 1044 vobis
1311 970 1471 1049 omnibns.

850 1085 1011 1179 Populos.
1063 1085 1107 1158 Iit
1132 1108 1207 1157 cum
1233 1091 1349 1183 spiritu
1375 1097 1442 1161 tue.

848 1201 1032 1274 Sacerdos.
1084 1202 1227 1275 Domine
1252 1204 1346 1276 Deus
1372 1212 1499 1292 noster,
1526 1205 1581 1298 qui
1606 1201 1779 1299 Apostolis
1799 1204 1864 1275 tuis
1884 1205 2010 1276 sanctis
2032 1227 2110 1278 ma-

746 1315 910 1390 nifestasti
937 1321 1133 1415 mysterium
1165 1317 1298 1411 gloriae
1332 1316 1453 1392 Christi
1482 1321 1547 1409 tui,
1576 1339 1764 1412 magnaque
1797 1328 1831 1390 et
1863 1318 2110 1394 innumerabilia

746 1432 834 1506 dona
861 1437 910 1507 eis
937 1433 1066 1520 dedisti,
1094 1457 1181 1528 quae
1206 1438 1348 1527 gratiam
1374 1445 1462 1506 tuam
1489 1434 1620 1523 decent,
1646 1435 1828 1528 misistique
1854 1455 1914 1508 cos
1942 1436 1986 1508 ad
2003 1459 2110 1534 prae-

746 1549 920 1622 dicandum
946 1551 980 1621 in
1013 1549 1166 1624 ornnibns
1199 1550 1318 1624 finibus
1351 1551 1479 1639 mnndi,
1511 1550 1640 1638 divitias
1676 1553 1806 1643 gratiam
1838 1559 1916 1622 tuae
1948 1553 2111 1644 occultae,

746 1677 781 1739 et
806 1665 1055 1739 misericordiae
1081 1676 1167 1738 tuae.
1219 1665 1263 1738 Dt
1288 1687 1351 1739 nos
1378 1666 1521 1738 Domine
1545 1685 1704 1758 rogamus
1739 1675 1774 1736 et
1807 1665 2026 1771 deprecemur
2058 1681 2111 1759 ta3
2192 1699 2193 1707 ยน

745 1790 782 1854 ut
806 1803 869 1854 nos
897 1780 1016 1874 dignos
1044 1782 1166 1855 efficias
1192 1780 1397 1854 haereditate
1424 1792 1458 1854 et
1483 1783 1645 1856 societate
1670 1779 1819 1871 illorum,
1844 1792 1880 1854 ut
1906 1781 2111 1858 ambulemus

744 1900 780 1969 in
806 1900 870 1970 viis
898 1919 1032 1988 eorum,
1065 1907 1099 1970 et
1131 1919 1309 1993 sequamur
1335 1899 1480 1990 vestigia
1513 1920 1638 1970 eorum.
1692 1896 1850 1971 Concede
1882 1901 1982 1971 etiam
2014 1900 2111 1974 nobis

744 2021 781 2084 nt
806 2035 939 2108 semper
963 2013 1038 2088 illos
1064 2015 1248 2104 imitemur,
1281 2023 1315 2086 et
1348 2017 1383 2085 in
1418 2035 1532 2086 amore
1565 2035 1680 2087 eorum
1714 2011 1933 2104 roboremur,
1966 2017 2110 2110 partici-

745 2149 873 2224 pesque
905 2133 1007 2202 simus
1039 2128 1191 2202 laborum
1224 2151 1360 2218 eorm,
1386 2127 1429 2226 [in
1461 2151 1546 2204 vcro
1581 2129 1645 2202 Dei
1680 2128 1778 2202 cultu.
1838 2127 1976 2202 Custodi
2013 2134 2110 2202 etiam

745 2244 888 2318 Domine
914 2244 1101 2318 Ecclesiam
1126 2255 1216 2317 tuam
1242 2255 1404 2334 sanctam,
1431 2254 1529 2341 quam
1554 2265 1617 2340 per
1640 2243 1716 2318 illos
1741 2243 1904 2335 fundasti,
1940 2253 1974 2318 ct
1999 2244 2110 2318 bene-

747 2361 800 2433 dic
836 2383 920 2434 oves
952 2383 1101 2457 pascuae
1135 2371 1222 2434 tuae.
1282 2359 1463 2456 Multiplica
1495 2363 1629 2433 vineam
1663 2363 1782 2451 istam,
1817 2383 1915 2454 quiam
1949 2361 2111 2458 plantavit

746 2476 889 2549 dextera
915 2487 968 2548 tua
996 2485 1122 2568 sancta,
1148 2499 1209 2573 per
1234 2475 1350 2548 Jesum
1372 2473 1537 2549 Christum
1554 2476 1731 2548 Dominum
1747 2488 1907 2568 nostrum,
1933 2499 1996 2574 per
2013 2501 2112 2572 quem

747 2591 806 2664 tibi
832 2602 866 2665 et
892 2615 965 2664 cum
992 2615 1051 2682 eo,
1079 2594 1241 2688 simulque
1266 2614 1340 2664 cum
1366 2590 1490 2688 Spiritu
1516 2601 1649 2679 sancto,
1675 2602 1727 2664 est
1752 2592 1861 2684 gloria
1887 2603 1921 2665 et
1945 2601 2110 2689 potestas,

746 2731 833 2781 nunc
860 2719 894 2781 et
919 2731 1064 2805 semper,
1091 2711 1184 2780 etin
1211 2707 1345 2781 saecula
1372 2706 1591 2781 saeculorum.
1643 2707 1763 2780 Amen.

850 2824 1025 2897 Sacerdos
1050 2824 1166 2896 adolet
1191 2827 1362 2895 icccncrcm
1387 2831 1422 2896 et
1454 2824 1547 2896 dicit.
1608 2822 1751 2897 Domine
1782 2824 1875 2897 Deus
1909 2833 2025 2899 noster
2057 2827 2112 2920 qui

746 2943 924 3036 suscepisti
951 2939 1147 3014 sacrificium
1179 2937 1362 3013 Abrabami
1393 2943 1497 3037 patris
1529 2943 1653 3026 nostri,
1687 2943 1764 3013 vice
1798 2941 1905 3012 Isaaci
1936 2940 1994 3012 lilii
2025 2939 2111 3031 ejus,

747 3067 781 3129 et
807 3055 850 3128 ad
876 3079 951 3128 eum
977 3056 1063 3130 illins
1088 3053 1164 3129 loco
1199 3077 1321 3148 agnum
1356 3055 1529 3148 demisisti,
1561 3059 1605 3129 ita
1632 3055 1775 3129 Domine
1809 3059 1972 3152 suscipias
2005 3079 2025 3128 a
2058 3029 2115 3126 ma*

746 3172 885 3246 odorem
911 3171 997 3245 hunc
1023 3171 1151 3260 thuris,
1181 3184 1215 3246 et
1239 3175 1332 3244 mitte
1359 3171 1503 3268 desuper
1529 3176 1602 3267 ejus
1627 3174 1720 3262 vica,
1754 3171 1886 3245 divitias
1916 3173 2048 3264 gratim
2078 3180 2112 3243 et

747 3287 996 3362 misericordiae
1021 3299 1116 3361 tuae:
1143 3299 1178 3360 et
1202 3298 1337 3384 praesta
1362 3289 1477 3379 nobis,
1510 3300 1546 3361 ut
1577 3291 1679 3362 simus
1705 3289 1779 3384 puri
1809 3286 1850 3361 ab
1885 3290 1974 3360 omni
2006 3286 2111 3360 odore

745 3407 889 3501 peccati:
916 3404 1036 3500 lacque
1061 3425 1125 3477 nos
1152 3403 1272 3497 dignos
1298 3404 1500 3476 ministrandi
1526 3407 1559 3476 in
1586 3407 1774 3498 sanctuario
1802 3414 1919 3478 sancto
1941 3413 2010 3491 tuo,
2037 3425 2111 3476 cum

745 3524 889 3617 puritate
916 3532 949 3593 et
971 3523 1109 3616 justitia,
1135 3541 1156 3592 o
1184 3529 1314 3592 amator
1338 3520 1514 3617 bominum,
1541 3519 1693 3594 omnibus
1721 3518 1836 3592 diebus
1862 3523 1954 3591 vitae
1975 3527 2111 3593 nostrae

745 3639 780 3707 in
805 3637 939 3710 laetitia.

850 3754 898 3824 Et
923 3756 1044 3826 iterem
1069 3752 1170 3824 dicet.
1221 3751 1401 3843 Memento,
1429 3761 1491 3824 etc.
1519 3758 1553 3822 ct
1577 3751 1735 3842 Laetare,
1762 3761 1825 3823 etc.

850 3869 938 3942 Acta
964 3871 1185 3941 ministrorum
1210 3871 1304 3942 istius
1330 3869 1602 3966 praedicationis,
1633 3869 1768 3941 Patrum
1794 3877 1982 3941 nostrorum
2006 3868 2109 3963 Apo-

747 3985 919 4077 stolorum,
944 4007 1101 4080 purorum
1128 3997 1162 4057 et
1186 3988 1294 4078 gratia
1320 3985 1506 4082 plenorum,
1532 3983 1713 4057 electorum
1740 3991 1773 4055 et
1786 3989 1961 4079 justorum,
1988 4005 2109 4080 cumu-

747 4097 887 4173 latorum
914 4104 1021 4194 gratia
1048 4100 1190 4197 Spiritus
1217 4105 1340 4175 sancti:
1356 4091 1539 4175 'orationes
1565 4109 1600 4172 et
1624 4098 1874 4173 benedictiones
1900 4119 2018 4172 corum
2042 4121 2109 4171 cu-

748 4217 891 4290 stodiant
916 4240 979 4292 nos
1007 4240 1123 4292 omnes
1150 4217 1353 4292 Christianos
1380 4223 1414 4290 ln
1441 4216 1575 4292 saecula
1602 4215 1819 4290 saec1d0rum.
1872 4215 1990 4286 Amen.

851 4335 899 4405 nt
920 4341 1001 4427 post
1025 4336 1204 4407 lectionem
1228 4336 1375 4407 Actaeos
1400 4332 1644 4429 Apostolorum
1668 4331 1843 4403 Sacerdos
1868 4330 1963 4401 dicit.

851 4449 1000 4524 Verbum
1030 4453 1162 4525 Domini
1198 4472 1354 4544 magnum
1388 4458 1609 4548 propagatum
1644 4459 1696 4522 est
1730 4451 1764 4520 in
1796 4447 1951 4522 Ecclesia
1985 4456 2109 4536 sancta,

746 4566 1014 4663 multiplicatique
1041 4578 1117 4640 sunt
1143 4571 1198 4663 qui
1225 4566 1479 4639 credideruntin
1498 4567 1676 4639 Dominum
1694 4576 1727 4637 at
1743 4563 1947 4638 salvatorem
1961 4575 2109 4638 nostrum

746 4684 861 4757 desum
889 4681 1070 4774 Christum3
1097 4687 1161 4780 ipsi
1186 4682 1295 4776 gloria
1321 4686 1353 4755 in
1381 4682 1515 4757 saecula
1542 4680 1761 4756 saeculorum.
1812 4681 1931 4752 Amen.

851 4799 1012 4889 SanctuS,
1048 4799 1210 4889 Sanctus,
1246 4798 1406 4888 Sanetus,
1438 4799 1531 4871 Deus
1558 4797 1660 4870 Pater
1685 4799 1902 4893 omnipotens.
1955 4794 2110 4885 Sanctus,

747 4916 907 5007 Sanctus,
925 4916 1103 5002 Sanctus,
1137 4915 1240 4988 Filius
1275 4915 1411 5006 unicus,
1454 4911 1602 4986 Verbum
1635 4913 1744 4986 Patris
1779 4915 1903 4986 vivum.
1956 4912 2110 5002 Sanctus,

747 5029 908 5123 Sanctus,
935 5032 1098 5123 Sanctus,
1125 5031 1266 5128 Spiritus
1292 5041 1446 5121 sanetus,
1473 5033 1582 5104 sciens
1609 5033 1727 5102 omnia.

850 5145 1036 5219 Diaconos.
1088 5146 1224 5240 Surgite
1251 5147 1293 5220 ad
1320 5152 1512 5220 orationem.
