4670 6046
595 701 1288 782 lofflmnmncorltclnssslstlu.
1554 699 1631 774 255

257 893 414 956 cleslarum
436 892 635 956 vetustiorem
657 907 727 951 esse
751 887 915 951 confirmet.
942 885 1018 950 Nam
1041 885 1185 966 quidquid
1207 886 1238 947 in
1260 883 1405 966 biturgiis
1428 883 1486 946 illis
1510 883 1628 947 Graece

258 1001 350 1070 extat,
373 1010 491 1054 omnem
513 987 665 1053 'antecedit
687 987 879 1050 schismatum
901 986 1091 1047 memoriam:
1115 983 1222 1046 saltem
1245 990 1292 1045 est
1304 980 1529 1044 bluhamedanis
1552 989 1632 1044 tem·

258 1090 393 1178 pqribus,
416 1090 475 1152 hoc
498 1095 546 1152 est
567 1085 647 1149 mille
671 1085 851 1167 etamplius
875 1084 970 1160 annis,
995 1083 1152 1145 vetustius.
1177 1080 1288 1144 Omnes
1312 1080 1380 1142 libri
1394 1080 1631 1162 Theoloqorum,

259 1189 471 1259 Commentarii
494 1185 666 1266 Litargiae,
690 1181 834 1264 quidquid
858 1180 976 1245 tandem
999 1187 1257 1243 monumentorum
1270 1178 1557 1242 Ecclesiasticorum
1575 1195 1632 1239 su·

257 1296 378 1371 penest,
403 1287 481 1350 idem
504 1284 648 1348 alliciunt.

346 1381 405 1450 Sed
428 1393 460 1448 ut
483 1404 523 1446 ex
547 1383 678 1446 Historia
700 1379 938 1454 Patrinrcbarum
961 1377 1234 1440 Alexandrinorum
1258 1375 1415 1453 discimus,
1449 1375 1534 1437 initio
1557 1391 1632 1437 sae·
1698 1379 1870 1440 (insertiones
1888 1381 1958 1435 eirca

259 1486 317 1547 culi
344 1483 527 1558 duodecimi,
559 1489 591 1542 et
622 1498 659 1543 eo
686 1477 825 1554 labente,
855 1477 934 1540 duae
964 1477 1044 1538 circa
1074 1493 1140 1536 eam
1172 1476 1365 1556 quaestiones
1396 1481 1522 1535 exortae
1551 1481 1630 1536 sunt.
1644 1465 1713 1518 illm
1731 1465 1888 1517 annotator
1903 1463 1958 1518 ⁰⁰·

259 1583 355 1644 Prima
379 1581 433 1644 luit
457 1580 513 1642 sub
538 1578 679 1642 Gabriele
703 1575 763 1638 filio
794 1575 904 1638 Tariah
935 1575 985 1656 qui
1014 1572 1104 1636 LXX.
1135 1581 1310 1636 numeratur
1339 1580 1370 1636 et
1400 1571 1554 1634 ordinatus
1585 1548 1835 1648 estl’mffldmss
1915 1636 1921 1648 ,

261 1697 338 1744 anno
361 1680 527 1760 Martyrum
549 1673 771 1740 Dccclttvrl.
792 1674 867 1736 Jesu
890 1671 1000 1735 Christi
1024 1670 1187 1734 blCXXXl.
1228 1671 1255 1733 ls
1280 1689 1348 1733 cum
1370 1679 1440 1752 post
1462 1671 1632 1735 ordinatio·
1645 1634 1959 1788 νοῐξῗῗὲαῶἳῗῃὶῗΐ

261 1797 328 1841 nem
350 1778 555 1860 processisset
577 1794 662 1839 more
685 1774 849 1854 majorum,
872 1770 910 1834 ad
932 1771 1146 1834 blonasterium
1170 1771 1266 1832 sancti
1289 1771 1430 1848 Macarii,
1452 1777 1485 1833 ut
1501 1771 1542 1833 ibi
1557 1788 1633 1851 pro-
1646 1811 1692 1856 ιω,
1729 1755 1738 1784 ’
1950 1758 1960 1784 ’

262 1878 461 1954 clamaretur,
484 1875 700 1954 solemnemque
723 1871 888 1954 liturgiam
910 1869 1095 1946 celebraret,
1123 1868 1175 1931 ubi
1198 1869 1235 1932 ad
1258 1871 1496 1934 communionem
1519 1888 1635 1950 perve-

261 1979 320 2054 nit,
344 1973 575 2038 Conlessloncm
597 1970 807 2053 pronunciavit
830 1967 909 2030 hunc
933 1969 962 2030 in
986 1967 1113 2031 modam.
1151 1966 1251 2028 Credo
1273 1975 1303 2028 et
1324 1970 1469 2049 confiteor
1489 1971 1546 2032 boc
1569 1988 1637 2031 esse

262 2093 373 2154 carpeia
395 2073 518 2135 Domini
540 2081 569 2132 et
589 2071 762 2132 Saloutaria
783 2069 882 2130 nostri
902 2066 977 2128 Jeme
1000 2065 1128 2140 Chresti,
1150 2066 1232 2147 qnod
1259 2070 1379 2147 accepit
1400 2090 1440 2132 ee
1461 2070 1522 2131 Dei
1545 2067 1636 2147 peni-

263 2176 338 2236 irice
359 2179 468 2234 sancta
490 2169 610 2244 Maria,
629 2168 759 2248 fecitque
781 2177 871 2228 anam
894 2184 961 2228 mam
990 2165 1149 2226 divinitate
1177 2183 1257 2234 saa„
1295 2165 1436 2229 Testatur
1462 2166 1635 2242 historicus,

264 2271 419 2334 hlonachis
446 2267 595 2331 nonnullis
626 2265 816 2347 displicuisse
838 2264 915 2326 baec
938 2262 1038 2325 ultima
1062 2262 1174 2342 verba,
1205 2272 1344 2344 tanquam
1364 2263 1524 2345 adjectitia;
1547 2263 1636 2326 dice-

263 2371 334 2442 bant
356 2368 434 2431 enim
458 2365 705 2430 consuetudinem
730 2361 809 2443 apud
832 2381 866 2424 se
888 2379 949 2423 non
972 2379 1057 2438 csse,
1080 2369 1112 2422 ut
1134 2362 1239 2424 eadem
1262 2365 1543 2442 pronunciarentur.
1572 2360 1637 2424 Ga-

262 2468 338 2531 briel
362 2466 528 2529 excusabat
551 2481 603 2542 se,
628 2461 707 2543 quod
732 2461 782 2523 illa
805 2453 937 2522 dixisset
954 2458 1002 2520 die
1025 2459 1222 2522 ordinationis
1245 2479 1334 2538 suae,
1364 2463 1441 2524 sicut
1463 2479 1637 2543 suggesse-

263 2574 329 2629 rant
350 2567 430 2646 ipsi,
454 2565 504 2644 qni
527 2581 594 2624 eum
617 2561 830 2623 ordinaverant
859 2559 1022 2639 Episcopi,
1052 2575 1151 2638 neque
1180 2558 1274 2621 licere
1304 2579 1341 2622 aa
1371 2561 1534 2640 supprimi,
1568 2577 1636 2622 oum

264 2666 441 2728 sententiam
465 2679 566 2724 veram
590 2661 789 2723 continerent.
813 2658 916 2738 ltaque
939 2656 978 2718 dc
1002 2673 1038 2718 ea
1058 2657 1204 2719 remultis
1220 2657 1410 2721 sermonibus
1424 2659 1543 2738 habilis,
1566 2667 1637 2722 tan·

265 2763 332 2824 dem
355 2763 420 2824 istis
444 2760 546 2824 verbis
569 2760 626 2823 alia
649 2758 737 2839 adjici
760 2757 887 2838 placuit,
911 2755 948 2816 ab
972 2754 1108 2818 omnibus
1132 2756 1338 2837 comprobata,
1361 2757 1441 2820 hanc
1456 2758 1485 2818 in
1506 2757 1637 2820 modum.

264 2859 346 2921 Fecit
366 2861 441 2924 illud
461 2878 552 2920 anam
574 2877 641 2920 cam
663 2858 821 2918 divinitate
843 2871 914 2933 saa,
944 2853 1057 2934 absque
1084 2855 1250 2931 divisione,
1279 2859 1483 2918 commistione
1509 2864 1539 2917 et
1560 2875 1638 2919 can-

263 2958 391 3039 [asione.
416 2957 508 3020 Addit
531 2957 652 3034 Autor,
675 2971 735 3017 non
757 2971 872 3037 paucos
896 2954 926 3016 in
949 2952 1056 3031 Sabid,
1085 2955 1151 3016 sive
1174 2956 1323 3035 superiori
1350 2954 1526 3031 Provincia,
1557 2956 1638 3018 anti-

267 3073 354 3136 quam
377 3054 624 3120 consuetudinem
649 3053 820 3117 retinuisse.
844 3051 966 3133 lnsigne
988 3069 1062 3114 sane
1085 3061 1132 3114 est
1155 3053 1228 3115 illud
1251 3055 1466 3134 testimonium,
1496 3073 1557 3136 quo
1580 3055 1638 3118 de-

266 3162 448 3218 monstratur
479 3170 566 3236 qnam
598 3160 716 3216 vetusta
743 3154 805 3233 jam
839 3158 921 3214 asset
952 3149 1030 3232 apud
1062 3150 1197 3232 Coptitas
1229 3151 1280 3214 illa
1311 3152 1489 3232 Confessio,
1523 3155 1572 3215 cui
1599 3171 1639 3215 ne

265 3251 404 3314 lllcnacbi
434 3254 529 3316 sancti
558 3253 682 3314 blacarii
711 3251 873 3332 quidquam
900 3247 1082 3329 adjicerent,
1112 3251 1300 3331 antiquorum
1331 3253 1473 3333 exemplo
1505 3271 1540 3316 sc
1568 3261 1639 3315 tae-

265 3350 384 3415 bantur.
408 3351 514 3432 Neque
537 3351 575 3413 de
598 3349 656 3412 hdo
679 3348 887 3411 Eucharistiae
911 3348 946 3408 lis
970 3355 1053 3426 erat,
1078 3367 1145 3409 eum
1169 3349 1198 3410 ln
1222 3368 1257 3411 ea
1286 3369 1390 3413 ornnes
1420 3353 1637 3428 consentirent,

267 3449 321 3512 sed
345 3450 383 3512 de
406 3449 557 3512 additione
579 3449 749 3512 ultimorum
773 3447 950 3522 verborum,
982 3464 1059 3526 quae
1082 3465 1178 3528 prave
1200 3448 1369 3528 intellecta,
1398 3451 1436 3513 ad
1459 3451 1639 3512 sententiam

267 3547 473 3628 Eutychianae
496 3549 661 3611 haereseos
685 3547 762 3608 trahi
785 3552 942 3628 poterant,
966 3545 1070 3607 saltam
1094 3545 1278 3609 Ortbodoxis
1301 3550 1494 3612 occasionem
1518 3549 1639 3628 dabant,

147 3673 153 3686 ·
268 3647 360 3709 atde
385 3647 623 3729 Synchptarum,
652 3647 702 3726 qui
732 3644 967 3709 commistionem
994 3653 1166 3707 naturarum
1197 3645 1395 3725 inducebant,
1427 3664 1553 3727 errore,
1584 3646 1640 3710 Ja-

268 3745 383 3809 cobitas
406 3745 603 3828 postularent.
626 3744 782 3807 Notandus
805 3761 927 3825 quoquc
951 3745 979 3804 in
1009 3742 1067 3805 illis
1098 3743 1231 3807 historici
1261 3745 1362 3808 vorbis
1393 3763 1458 3808 mos
1488 3747 1638 3826 antiquus,

269 3863 356 3926 quem
379 3847 494 3925 pariter
516 3845 591 3906 varii
615 3843 653 3906 de
676 3842 921 3906 ordinationibus
945 3840 1096 3919 Canones,
1120 3842 1248 3924 librique
1262 3843 1453 3907 Pontificales
1475 3844 1639 3922 stabiliunt,

268 3951 300 4005 ut
322 3943 511 4006 Patriarchae
535 3945 613 4006 iuter
636 3941 832 4005 ordinationis
855 3959 929 4004 suae
958 3940 1094 4002 solennia
1131 3941 1168 4003 ad
1185 3943 1323 4022 primam
1353 3942 1533 4026 liturgiam,
1562 3943 1639 4024 Epi-

268 4043 352 4122 scopi
376 4043 426 4123 qui
448 4059 553 4104 manus
576 4042 633 4121 ipsi
656 4041 872 4122 imposuerant,
896 4046 1100 4123 suggererent
1124 4041 1268 4102 verbatim
1291 4043 1386 4123 ipsam
1410 4041 1639 4105 Confessicnem

269 4140 306 4202 de
329 4141 526 4204 Eucharistia.
572 4139 654 4202 lllam
676 4158 750 4202 sane
781 4139 881 4220 legem
909 4140 1125 4220 praescriptam
1156 4141 1325 4221 reperimus
1356 4141 1436 4221 apud
1464 4140 1642 4204 Abulbircat

269 4257 329 4300 non
352 4238 441 4302 modo
465 4239 502 4302 ad
519 4239 767 4316 Patriarcharam,
792 4237 846 4300 sed
870 4237 907 4300 ad
922 4239 1142 4318 Episcoporum
1165 4239 1404 4302 etSacerdotum
1427 4240 1641 4302 ordinationes.

268 4336 421 4399 Sacerdos
442 4330 734 4418 qai'oadinotiamem
756 4339 904 4416 sucipit,
927 4338 1066 4414 accedet,
1090 4345 1120 4398 et
1137 4337 1261 4417 sraapet
1281 4359 1349 4400 cam
1361 4338 1547 4400 Patriarcba
1568 4357 1642 4399 cor-

266 4455 325 4516 pas
347 4434 477 4498 Christi:
499 4435 621 4498 babebit
641 4443 740 4498 autem
763 4436 922 4497 dexteram
944 4454 1064 4496 manum
1086 4454 1172 4498 meam
1194 4438 1339 4499 mammae
1361 4437 1589 4518 superpositam,
1613 4443 1643 4497 et

268 4536 300 4596 in
322 4553 360 4596 eo
382 4536 442 4595 erit
458 4535 613 4613 particula
635 4533 856 4596 Eucharistiae.
879 4534 1026 4615 Sapperet
1048 4535 1092 4596 illi
1112 4534 1297 4598 Paniarcba
1321 4535 1547 4615 Confessiomem
1568 4555 1642 4596 eerr-

271 4630 371 4694 batim.
397 4632 515 4709 Credo,
538 4641 597 4695 etc.
621 4651 711 4713 qaam
732 4639 846 4711 repetet
867 4635 931 4711 ejas
958 4633 1112 4712 camapio,
1142 4642 1177 4696 at
1203 4634 1366 4713 manifesta
1391 4635 1448 4714 fiat
1473 4634 1643 4695 bominibus

270 4731 417 4792 rectitudo
440 4730 640 4809 confessionis
662 4735 736 4805 (seu
757 4719 955 4814 ὀρθαὸοξία)
979 4733 1058 4811 q'us,
1087 4734 1158 4795 datm
1184 4752 1296 4812 corpses
1325 4741 1372 4795 est
1397 4735 1428 4794 in
1455 4735 1519 4812 qvis
1541 4751 1641 4796 maram

271 4827 309 4888 Et
331 4827 369 4889 ad
391 4829 574 4910 Episcopum
597 4828 792 4892 ordinandum
816 4829 1016 4911 praecipitur,
1041 4837 1072 4892 ut
1096 4829 1254 4910 Confessio
1277 4833 1322 4895 illi
1342 4839 1523 4913 mapperotm
1539 4832 1644 4912 linpato

272 4927 435 4988 sevocata
456 4947 547 5007 qaam
568 4929 728 4990 ordinatas
749 4929 914 5008 intellipat,
938 4937 972 4989 at
991 4936 1074 4990 certo
1097 4936 1214 4991 constet
1231 4932 1309 5009 fides
1322 4934 1386 5011 mass
1400 4931 1483 5012 apud
1498 4930 1643 4993 Patriae-

274 5023 370 5086 chom.
402 5025 446 5087 lta
467 5025 633 5089 Abusebab
662 5021 694 5088 in
716 5027 847 5089 Scientia
870 5025 1100 5104 Ecclesiastico,
1131 5037 1162 5090 et
1191 5027 1312 5092 Gabriel
1341 5030 1373 5090 in
1402 5027 1527 5108 Rituall,
1565 5048 1643 5110 quae

276 5123 443 5186 testimonia
465 5125 608 5207 majorem
637 5126 668 5188 io
697 5124 816 5188 modum
844 5123 1058 5189 conhnnantur
1086 5125 1227 5206 exemplo
1257 5126 1467 5204 Patriarcbae,
1496 5128 1526 5189 in
1557 5131 1645 5209 cujus
1718 5167 1721 5172 -
