4686 6060
726 625 731 640 ν
823 583 1361 662 nttxtnuntno.
1689 581 1765 654 397

391 771 469 844 dent
494 768 612 866 reliqui
637 769 799 867 Episcopi
820 774 918 865 juxta
945 770 1094 842 ordinem
1122 792 1234 844 suum:
1262 773 1336 866 ipse
1361 771 1502 864 primum
1522 769 1707 842 collocatur
1733 771 1768 840 in

389 887 500 960 infimo
528 882 644 980 gradu
696 886 822 960 Postea
861 885 985 958 Tclclid
1017 889 1092 959 sive
1125 890 1377 959 instrumentum
1412 884 1638 958 Ordinationis
1674 905 1765 972 suae,

391 1003 481 1098 quod
506 1001 716 1095 Syriaticom
740 1011 885 1093 vocant,
912 1001 968 1074 dat
993 1004 1025 1074 in
1052 1023 1169 1074 manus
1201 1000 1366 1093 Magistro
1403 1003 1478 1072 sive
1510 1001 1651 1073 Ductori
1676 999 1766 1072 Dia-

390 1140 572 1209 conornm‚
606 1117 745 1190 utillud
784 1141 830 1190 ex
871 1119 1017 1191 Anbone
1048 1121 1174 1190 recitet.
1233 1119 1389 1189 Formam
1426 1119 1561 1188 istarum
1597 1117 1766 1189 literarum

389 1231 592 1306 Pontidealis
609 1233 695 1306 liber
713 1243 956 1330 repraesentet,
982 1236 1210 1308 vetustissima
1229 1243 1337 1306 autem
1353 1241 1387 1305 et
1403 1231 1654 1305 Muhamedanis
1671 1245 1764 1305 mm-

388 1349 527 1446 porihus
555 1352 711 1446 superior
737 1349 908 1444 disciplioa
937 1360 1006 1439 est,
1032 1358 1068 1421 nt
1093 1349 1211 1423 literae
1236 1349 1315 1423 illae
1341 1350 1495 1442 legantur
1515 1351 1660 1440 Graece,
1687 1348 1764 1421 Co-

389 1467 478 1562 ptice
505 1473 539 1536 et
563 1465 729 1552 Arabica,
757 1475 790 1536 et
815 1465 890 1538 illas
917 1464 1023 1536 tribus
1048 1466 1187 1558 linguis,
1216 1463 1337 1538 Codex
1370 1466 1611 1560 Seguierianus
1644 1466 1764 1538 refert:

392 1582 524 1656 Graece
551 1582 681 1676 quidem
709 1579 753 1655 ob
780 1581 941 1654 honorem
967 1585 1187 1676 antiquitatis:
1223 1605 1298 1654 cum
1331 1581 1562 1654 Alexandriae
1598 1580 1764 1654 Graecam

389 1698 535 1791 linguam
561 1696 755 1792 popularem
771 1696 877 1770 fuisse
904 1707 981 1769 ante
996 1696 1275 1785 Muhamedanos‚
1302 1701 1509 1772 notissimum
1526 1701 1582 1771 sit:
1611 1696 1765 1792 Coptica

390 1817 466 1909 quia
493 1811 550 1886 ubi
576 1813 710 1905 liuguae
737 1813 872 1886 alterius
900 1818 1083 1886 eommunis
1110 1837 1190 1886 usus
1218 1813 1336 1902 desiit,
1363 1823 1419 1885 aut
1438 1835 1604 1910 nunquam
1630 1811 1702 1903 furit,
1728 1818 1765 1883 ut

389 1931 423 2000 in
450 1929 614 2022 superiori
640 1930 835 2022 provincia,
863 1937 897 2000 ei
923 1941 1021 2001 extra
1048 1927 1166 2017 urbes,
1194 1909 1338 2002 omnium
1364 1932 1524 2002 intererat
1549 1951 1652 2003 nosse
1687 1927 1774 2024 quid·

389 2046 424 2115 in
450 2043 613 2116 electione
639 2047 721 2117 novi
746 2043 959 2116 Patriarchae
985 2055 1117 2137 gestum
1148 2043 1282 2136 finisset,
1316 2055 1385 2117 tum
1420 2049 1497 2140 quia
1524 2046 1638 2118 Officia
1665 2067 1763 2118 sacra

389 2157 507 2232 eadem
532 2158 646 2252 lingua
672 2157 945 2232 celebrabantur:
978 2159 1126 2233 Arabica
1161 2161 1293 2233 tandem
1330 2183 1375 2233 ex
1411 2182 1476 2256 quo
1512 2159 1763 2234 Muhamedanis

389 2276 568 2372 Aegyptus
596 2273 745 2369 subjecta
773 2285 841 2365 est,
868 2275 957 2372 quod
983 2277 1132 2372 plerique
1159 2277 1353 2369 indigenae,
1381 2300 1455 2350 curn
1470 2275 1642 2365 libertate:
1668 2277 1763 2346 nati-

389 2414 456 2464 vae
482 2413 550 2464 non
575 2393 700 2478 minus,
735 2413 831 2486 quarn
867 2390 1020 2464 Graecae
1052 2391 1187 2485 linguae
1214 2416 1309 2468 usum
1345 2395 1542 2466 amisissent.
1594 2391 1692 2464 Unde
1728 2393 1762 2461 in

390 2511 459 2580 vita
486 2507 626 2579 Macarii
651 2505 772 2579 LXlX.
800 2509 855 2602 qui
882 2505 1051 2582 ordinatus
1080 2517 1132 2581 est
1158 2531 1245 2580 anuo
1272 2510 1301 2581 l.
1330 2508 1368 2604 C.
1395 2507 1517 2598 Melit.
1571 2507 1763 2604 Systaticae

389 2623 506 2695 literae
532 2623 640 2694 lectae
666 2622 770 2696 nisse
797 2623 947 2696 dicuntur
972 2627 1059 2696 inter
1091 2624 1270 2699 Missurum
1302 2626 1464 2699 solemnia
1499 2624 1649 2715 Graece,
1686 2622 1764 2696 Co-

387 2741 495 2834 ptice,
522 2738 749 2829 ermanno,
777 2759 918 2835 eamque
944 2741 1215 2815 consuetudinem
1241 2743 1362 2834 vigere
1397 2746 1591 2830 etiamnum,
1623 2737 1764 2812 suadent

390 2855 535 2929 Codices
560 2877 628 2926 nou
660 2855 794 2927 multum
827 2859 968 2952 antiqui,
1000 2860 1035 2928 iu
1069 2856 1186 2952 quibus
1221 2857 1340 2953 triplici
1372 2857 1484 2951 lingua
1519 2857 1762 2954 Systaticarum

389 2971 497 3045 forma
525 2972 692 3068 descripta
719 2981 779 3045 est.
831 2973 940 3047 Porro
966 2995 1034 3046 non
1061 2974 1229 3068 estquod
1262 2975 1433 3069 quisquam
1468 2975 1653 3062 existimet,
1686 2991 1761 3040 earn

390 3110 522 3161 omnem
557 3091 843 3188 caeremoniarum
876 3088 1019 3161 formam
1058 3111 1156 3185 quam
1189 3111 1237 3160 ex
1274 3088 1463 3162 Ehnassalo
1496 3099 1530 3160 et
1563 3085 1763 3162 Abulbircat

382 3203 625 3292 describimus,
652 3206 875 3278 recentiorem
901 3225 979 3278 esse
1007 3213 1064 3277 aut
1089 3226 1194 3300 nuper
1221 3204 1454 3280 adinventam:
1481 3225 1599 3277 omncs
1615 3207 1703 3276 enim
1728 3206 1763 3272 in
1814 3241 1818 3248 ·

388 3321 527 3393 historia
553 3317 710 3392 fundatae
737 3329 829 3409 sunt,
861 3341 973 3415 neque
1006 3319 1073 3392 ulla
1106 3319 1235 3393 illarum
1267 3320 1429 3417 particula
1464 3331 1535 3411 est,
1575 3343 1662 3415 quae
1694 3340 1762 3390 non

389 3440 494 3510 variis
521 3434 684 3529 exemplis
711 3439 821 3531 possit
846 3435 1042 3509 confirmari.
1704 3433 1710 3440 '

491 3552 595 3624 Lecta
629 3551 816 3648 Systatica,
848 3551 1111 3626 Archidiaconus
1148 3553 1225 3626 dicit
1258 3552 1436 3625 Orationes
1473 3551 1607 3640 deeem3
1639 3553 1664 3624 Ι.
1698 3571 1759 3646 pro

387 3691 492 3766 pace;
518 3669 559 3740 ll.
584 3689 647 3762 pro
674 3671 936 3741 conservatione
961 3668 1151 3742 electionis:
1178 3668 1242 3742 hoc
1268 3679 1321 3742 est
1346 3668 1457 3741 fausto
1485 3671 1557 3761 ejus
1585 3687 1762 3755 successu:

387 3787 441 3859 llI.
467 3805 531 3879 pro
558 3783 725 3880 patribus⁷
752 3807 813 3858 sen
839 3783 1018 3881 Episcopis
1044 3785 1275 3881 praesentibus
1303 3795 1337 3856 et
1364 3784 1485 3872 Clero;
1517 3783 1574 3855 lV.
1602 3783 1644 3855 ad
1671 3804 1761 3856 eon-

387 3899 606 3974 firmationem
632 3900 843 3973 obtinendam
868 3922 932 3997 per
957 3899 1113 3997 Spiritum
1141 3913 1308 3991 sanctum3
1333 3901 1376 3972 V.
1394 3922 1456 3997 pro
1479 3899 1641 3972 Ecclesiis
1659 3921 1762 3995 super

388 4039 471 4113 quas
498 4015 688 4106 ordinatur:
713 4017 772 4089 VI.
799 4024 835 4089 nt
860 4015 935 4088 Deo
963 4028 1122 4113 acceptus
1140 4021 1199 4107 sit3
1224 4009 1298 4090 Vll.
1325 4039 1387 4112 pro
1410 4019 1482 4108 ejus
1509 4016 1761 4108 longaevitate:

387 4131 474 4204 VIII.
491 4154 554 4227 pro
570 4131 659 4204 felici
681 4135 751 4206 vita
768 4136 859 4226 ejus:
885 4133 942 4206 [X.
965 4144 1001 4206 ut
1028 4134 1148 4228 dignus
1166 4134 1325 4206 efficiatur
1349 4157 1390 4205 ea
1425 4130 1577 4205 obtinere
1610 4132 1652 4203 ad
1676 4151 1762 4225 quae

388 4247 532 4344 desuper
547 4258 689 4324 vocatus
716 4259 786 4338 est3
812 4249 854 4321 X.
872 4270 934 4345 pro
947 4271 989 4322 εο
1012 4261 1046 4322 ει
1061 4274 1124 4347 pro
1146 4250 1230 4323 aliis.
1271 4251 1396 4323 Postea
1412 4247 1637 4344 proclamatur
1656 4245 1762 4318 adhuc

387 4385 497 4438 novus
515 4364 707 4438 Patriarcha
729 4365 770 4437 ab
789 4363 961 4461 Episcopo
981 4368 1127 4456 seniore,
1153 4365 1204 4440 tns
1216 4363 1349 4438 verbis:
1375 4363 1602 4435 Decianumuc
1620 4362 1665 4432 N.
1686 4359 1762 4432 ele-

389 4485 476 4551 ctum
502 4503 526 4550 a
554 4481 633 4553 Deo
659 4487 693 4550 et
722 4503 855 4553 emaum
888 4488 976 4574 ejus,
1004 4483 1266 4575 Arciiepiacum
1292 4488 1326 4552 et
1344 4478 1605 4566 Potricrcltam,
1632 4481 1668 4548 in
1694 4501 1764 4547 utcu

387 4595 613 4689 indefectibili
626 4597 798 4671 Ecclesia.
825 4597 919 4670 Tunc
935 4603 1041 4672 omnis
1056 4599 1197 4696 populus
1219 4609 1272 4670 ter
1289 4598 1377 4688 dicit,
1388 4595 1518 4683 Ἄξιος,
1544 4594 1678 4690 Dipone
1696 4597 1765 4665 eut:

388 4723 422 4784 et
437 4711 479 4784 ad
495 4702 643 4804 singulas
660 4713 930 4805 acclamationes,
957 4715 1106 4789 attollunt
1120 4714 1308 4808 Evangelia
1329 4735 1430 4809 super
1451 4722 1551 4806 caput
1569 4711 1653 4801 ejus.
1687 4708 1764 4780 Po-

388 4838 461 4900 stea
476 4827 609 4902 elevato
630 4833 746 4903 iterum
770 4851 872 4926 super
897 4843 998 4926 caput
1016 4834 1089 4923 ejus
1109 4830 1370 4924 Evangeliorum
1392 4829 1520 4918 codice,
1548 4824 1763 4922 seniorlipi-

388 4965 571 5040 scoporum
585 4947 722 5041 imponit
733 4968 864 5018 manum
880 4967 973 5018 suam
990 4951 1087 5043 capiti
1104 4947 1200 5036 illius,
1219 4949 1362 5043 dicitque
1380 4944 1646 5020 Archidiaocnus
1666 4945 1763 5015 Gru—

388 5063 440 5130 tiu
457 5061 576 5132 diviua
589 5083 677 5156 quae
688 5067 824 5157 infirma
840 5068 942 5133 sonat
955 5069 1020 5137 etc.
1058 5064 1206 5159 Populus
1232 5065 1310 5138 dicit
1325 5064 1466 5137 &cudi
1480 5063 1637 5134 Domina.
1679 5061 1764 5132 Tum

1481 5180 1558 5257 66*
