4760 6038
640 390 696 464 24
1154 389 1514 469 LITURGIA

642 579 843 764 animapum,
869 576 1124 672 spirituumque,
1150 586 1185 649 et
1209 587 1424 674 peccatorum
1450 590 1642 656 nostrorum
1666 583 1899 656 remissionem
1916 606 2019 656 com-

640 713 1101 882 Pfflffiwmnifflhu
1115 810 1308 900 Sacerdos,
1336 834 1527 908 corpusque
1554 819 1590 885 et
1613 815 1812 906 sanquinem
1827 817 2019 906 pretiosum

637 922 828 996 Sacerdoti
852 928 950 996 socio
976 924 1176 1014 distribuet,
1198 934 1272 998 tum
1303 930 1468 999 ministris
1499 936 1535 1000 et
1563 927 1692 1021 poprdn
1724 928 1903 1022 deinceps:
1933 937 2017 1000 toa-

639 1037 781 1131 dernpue
806 1039 1004 1112 mulieribus
1028 1064 1076 1112 ea
1101 1041 1210 1112 citari
1236 1064 1310 1112 cum
1336 1043 1431 1114 disco
1458 1043 1674 1115 daccodens.
1730 1135 1739 1152 .
1787 1141 1792 1148 ι

743 1154 852 1226 Dicet
875 1155 1065 1228 Diaconos.
1120 1155 1223 1228 Orate
1248 1179 1312 1253 pro
1340 1159 1493 1234 omnibus
1520 1158 1726 1233 Christianis.

871 1414 992 1484 Oratio
1019 1417 1211 1509 qratiam
1237 1415 1386 1485 aaronis
1409 1420 1490 1506 posi
1515 1417 1787 1486 cnnmnntonen.

743 1616 929 1712 Sacerdos.
957 1616 1026 1690 Ora
1040 1628 1157 1691 nostra
1182 1616 1311 1715 repleta
1340 1630 1416 1693 sunt
1430 1617 1566 1710 gaudio,
1592 1627 1627 1690 et
1651 1616 1765 1711 lingua
1777 1627 1893 1716 nostra
1910 1619 2016 1691 exul-

641 1736 780 1823 tatione,
814 1735 891 1827 quis
922 1735 1104 1830 participes
1136 1733 1219 1808 iacti
1251 1754 1364 1808 sumus
1391 1732 1685 1806 Sacramentomm
1716 1743 1848 1806 tuorum
1873 1736 2016 1807 immor-

639 1848 774 1938 talium,
807 1847 968 1919 Domine:
1005 1852 1082 1943 quia
1110 1871 1197 1944 quae
1224 1848 1342 1922 oculus
1375 1871 1444 1921 non
1475 1849 1559 1920 vidit
1590 1857 1625 1919 et
1657 1850 1746 1920 auris
1778 1871 1848 1921 non
1880 1849 2016 1939 audivit,

638 1986 704 2036 nec
729 1963 906 2035 humanum
933 1985 994 2034 cor
1020 1964 1286 2060 comprehendit,
1312 1963 1369 2035 illa
1395 1966 1470 2059 ipsa
1495 1966 1705 2059 praeparasti
1730 1963 1842 2054 Deus,
1869 1963 2016 2055 diligen-

639 2078 726 2154 tibus
760 2102 884 2152 nomcn
917 2089 1009 2151 uuum
1044 2091 1195 2154 sanctum
1229 2091 1263 2152 et
1294 2078 1456 2154 revelasti
1487 2100 1530 2150 eu
1560 2078 1711 2174 parvulis
1736 2077 1913 2152 Ecclesiae
1939 2089 2016 2150 tuae

640 2204 789 2268 sanctae.
842 2197 894 2268 lta
921 2194 1021 2268 Pater
1049 2193 1111 2267 fuit
1136 2195 1380 2290 beneplacitum
1407 2204 1483 2266 ante
1511 2205 1556 2284 tc,
1583 2197 1659 2287 quia
1686 2204 1721 2265 tu
1746 2197 1939 2268 misericors
1967 2214 2016 2279 es,

640 2321 675 2382 et
701 2313 858 2383 mittimus
885 2311 943 2383 tibi
969 2332 1101 2384 sursum
1127 2312 1282 2402 gloriam,
1296 2310 1470 2400 honorem,
1498 2318 1532 2380 et
1558 2307 1787 2382 adorationem
1801 2311 1905 2400 Patri,
1931 2307 2016 2380 Filio

640 2435 676 2495 et
700 2425 837 2520 Spiritui
864 2434 994 2516 sancto,
1022 2447 1111 2496 nunc
1137 2436 1171 2496 et
1197 2448 1343 2521 semper,
1370 2433 1434 2496 etc.
1561 2463 1567 2475 -

947 2683 1068 2753 Oratio
1095 2682 1328 2752 inclinationis
1349 2686 1430 2774 post
1455 2681 1726 2751 communionem.

745 2886 932 2958 Sacerdos.
989 2885 1090 2958 Servi
1118 2889 1176 2976 tui,
1203 2885 1357 2974 Domine,
1385 2886 1440 2978 qui
1466 2881 1525 2954 tihi
1550 2883 1747 2972 ministrant,
1775 2894 1872 2954 orant
1897 2905 2020 2955 nomen

641 3011 732 3074 tuum
760 3011 923 3091 sanctum,
950 3001 1114 3096 simulque
1141 3023 1256 3073 coram
1282 3010 1316 3072 te
1342 3023 1381 3074 se
1407 2998 1574 3070 inclinent.
1601 2997 1685 3070 Esto
1712 2997 1836 3072 inillis
1862 2998 2019 3089 Domine,

642 3116 775 3190 ambula
812 3119 898 3188 inter
931 3137 1009 3204 esu,
1045 3115 1169 3209 adjuva
1202 3115 1278 3188 illos
1310 3120 1344 3188 in
1376 3120 1465 3190 omni
1501 3139 1605 3213 opere
1638 3115 1749 3204 bono,
1784 3120 1880 3208 erige
1915 3118 2017 3190 corda

643 3255 762 3305 eorum
788 3231 830 3304 ab
859 3235 948 3304 omni
973 3253 1139 3327 perversa
1170 3241 1205 3303 et
1231 3241 1365 3303 terrena
1392 3236 1605 3324 cogitatione.
1657 3231 1712 3302 Da
1745 3231 1810 3306 illis
1836 3242 1873 3304 ut
1901 3236 2019 3305 vivent
2075 3307 2078 3314 ,

641 3357 677 3420 et
702 3349 853 3439 cogitent
878 3369 919 3419 ea
950 3369 1037 3442 quae
1064 3346 1106 3419 ad
1132 3350 1236 3418 vitem
1262 3350 1440 3441 pertinent,
1465 3347 1716 3440 intelligantque
1748 3369 1836 3441 quae
1861 3355 1918 3418 uua
1944 3357 2020 3420 sunt

640 3484 704 3559 per
729 3461 850 3535 Filium
875 3471 965 3533 tuum
999 3465 1202 3554 unigenitum
1235 3461 1351 3534 Jesum
1378 3460 1544 3535 Christum
1571 3461 1749 3534 Dominum
1777 3473 1941 3552 nostrum,
1976 3461 2041 3534 adv

639 3600 740 3673 quem
765 3598 830 3650 nos
857 3588 891 3648 et
919 3581 1026 3650 omnis
1053 3576 1196 3673 populus
1223 3586 1298 3649 tuus
1325 3576 1506 3649 clamamus
1526 3578 1685 3652 dicentes.
1737 3577 1883 3650 Domine
1909 3581 2017 3652 mise-

640 3717 719 3767 rere
743 3698 863 3785 nostri,
890 3717 911 3767 o
938 3693 1108 3768 Salvator.
1227 3747 1231 3757 .

1029 3950 1205 4022 Sacerdos
1230 3948 1323 4019 dicet
1348 3948 1624 4021 benedictionem.

747 4153 775 4226 0
803 4154 958 4242 Domine,
985 4162 1060 4225 esto
1087 4151 1184 4225 nobis
1212 4155 1415 4247 misericors,
1442 4151 1585 4226 benedic
1601 4152 1711 4241 nobis,
1727 4150 1869 4225 ostende
1894 4149 2017 4223 faciem

641 4280 731 4343 tuam
745 4290 847 4364 super
871 4290 923 4357 os,
951 4277 985 4339 et
999 4269 1162 4342 miserere
1179 4271 1293 4340 nostri.
1320 4266 1476 4357 Domine,
1503 4268 1635 4342 salvum
1659 4265 1715 4339 iac
1741 4264 1900 4363 populum
1915 4277 2017 4356 tuum,

641 4384 784 4458 benedic
810 4383 1007 4456 haereditati
1034 4391 1123 4473 tuae,
1161 4394 1196 4456 et
1219 4405 1305 4476 rege
1333 4404 1406 4471 eos,
1436 4393 1471 4454 et
1496 4381 1623 4456 extolle
1652 4383 1730 4454 illos
1756 4383 1924 4476 usquein
1950 4403 2016 4454 ae-

642 4510 783 4575 ternum.
837 4497 1014 4574 Conserua
1048 4499 1124 4572 illos
1156 4502 1190 4570 in
1222 4498 1288 4571 lide
1313 4508 1427 4588 rectu,
1460 4497 1591 4591 gloria,
1624 4507 1658 4570 et
1690 4495 1837 4588 honore,
1865 4494 2017 4570 omnibus

643 4614 879 4688 diebusvitae
906 4636 1000 4706 suae,
1028 4625 1062 4687 et
1087 4617 1252 4688 constitue
1283 4613 1359 4687 illos
1385 4616 1421 4685 in
1455 4617 1594 4687 caritate
1621 4636 1707 4709 quae
1733 4615 1845 4687 omnia
1872 4621 2019 4709 superat,

643 4739 678 4802 'et
702 4752 790 4825 pace
825 4751 912 4824 quae
948 4733 1037 4801 omni
1071 4730 1239 4803 intellectu
1265 4731 1421 4825 superior
1448 4740 1512 4822 est,
1538 4753 1599 4827 per
1625 4751 1746 4828 preces
1773 4739 1808 4802 et
1834 4732 2018 4817 orationes,

640 4865 727 4940 quas
752 4843 855 4918 faciet
881 4868 945 4941 pro
972 4843 1069 4918 nobis
1094 4845 1240 4918 Domina
1266 4847 1411 4919 nmmum
1436 4857 1602 4936 nostrum,
1628 4846 1739 4920 Mater
1765 4845 1842 4936 Dei,
1867 4844 1958 4918 Diva
1984 4851 2019 4916 et
