4736 6064
544 411 585 486 n
600 408 783 487 emaum
803 409 1028 488 cumamm
1045 407 1129 484 sna
1147 407 1355 485 suornm
1375 405 1668 486 tarmonem·
1704 367 1779 482 ade

406 595 628 679 Aegyptiacam
650 595 853 673 tractavimus,
877 593 976 674 deque
993 569 1050 654 'iila
1072 593 1103 670 in
1125 593 1205 655 notis
1220 591 1415 674 sequentihus
1432 591 1577 672 quaedam
1589 591 1778 674 adjicientur,

408 694 447 758 ad
469 692 636 773 Aethiopes
660 693 783 773 proprie
806 693 982 773 spectantia.
1038 688 1069 754 Si
1092 690 1164 771 quid
1185 699 1286 754 tamen
1310 691 1503 754 obscuritatis
1525 689 1616 769 foret,
1640 698 1783 771 quantum

408 800 526 875 spectat
550 791 587 854 ad
608 791 817 854 Eucharistiae
839 789 944 869 iidem,
975 805 1012 852 ea
1034 796 1093 851 tarn
1116 790 1280 870 perspicue
1303 790 1479 868 discutitur,
1511 807 1551 852 ex
1579 788 1672 852 altera
1703 807 1782 872 quae

407 892 625 975 pronunciatur
647 891 737 971 paulo
759 895 830 952 ante
855 889 1109 966 communionem,
1132 895 1165 951 ut
1188 888 1269 952 dubii
1292 907 1331 950 ne
1354 888 1431 951 levis
1454 888 1574 967 quidem
1597 888 1701 952 umbra
1724 907 1781 953 su-

407 996 559 1073 peresset.
602 987 644 1051 At
665 989 745 1051 iilam
766 987 960 1064 Aihertinus‚
987 986 1159 1066 Salmasius,
1182 987 1338 1063 Ludolius,
1361 995 1391 1051 et
1414 1005 1518 1050 omnes
1542 988 1661 1050 tandem
1683 1007 1781 1071 aeque

407 1088 684 1163 dissimulaverunt,
708 1096 738 1150 et
761 1107 801 1150 ex
823 1086 874 1150 iiia
896 1087 961 1150 sola
984 1093 1103 1148 constat
1125 1085 1308 1167 Aethiopum
1330 1105 1405 1150 vera
1429 1085 1666 1148 deEucharistia
1689 1087 1779 1151 ildes:
1802 1115 1805 1124 ·

407 1195 466 1252 tam
489 1207 529 1250 ex
550 1173 624 1268 ipsis
647 1187 760 1265 verbis,
785 1205 863 1269 quae
885 1185 993 1248 nuliam
1024 1186 1302 1264 interpretationem
1325 1185 1492 1262 admittunt,
1515 1193 1640 1266 praeter
1662 1185 1780 1268 simpli-

407 1307 490 1366 cem,
521 1294 552 1349 et
587 1305 674 1367 quam
702 1286 796 1348 verba
826 1287 926 1349 statim
959 1282 1105 1348 offerunt:
1142 1302 1230 1366 quam
1268 1304 1308 1348 ex
1335 1284 1441 1348 eadem
1472 1284 1671 1348 Confessione
1700 1285 1780 1366 apud

407 1384 630 1448 Alexandrinos
652 1392 806 1466 usurpata,
829 1393 861 1448 et
882 1383 941 1446 iliis
963 1385 1161 1447 caeremoniis
1191 1385 1407 1464 determinata,
1438 1401 1517 1465 quae
1546 1402 1606 1447 non
1630 1387 1687 1448 nisi
1711 1403 1779 1448 cum

407 1485 544 1546 doctrina
565 1482 657 1546 realis
679 1483 872 1564 praesentiae
895 1491 1037 1546 constare
1059 1492 1196 1564 possunt.
1337 1553 1339 1558 ,

493 1582 581 1646 istam
604 1600 679 1645 vero
702 1584 880 1661 orationem,
903 1589 935 1645 ut
958 1583 988 1644 in
1011 1583 1090 1645 notis
1113 1582 1151 1646 ad
1173 1582 1328 1664 Copticam
1350 1582 1515 1666 liturgiam
1538 1581 1778 1663 observavimus,

406 1701 446 1744 ex
477 1681 582 1744 eadem
612 1680 785 1744 translatam
817 1699 887 1744 esse
915 1681 1103 1744 manifestum
1138 1690 1198 1744 cst:
1234 1684 1369 1764 quamvis
1399 1684 1429 1744 in
1458 1689 1543 1745 textu
1573 1681 1718 1763 Coptico,
1748 1690 1779 1744 et

406 1781 522 1844 Graeco
545 1777 764 1858 Alexandrino,
787 1781 928 1843 videatur
950 1780 1000 1844 illa
1024 1781 1183 1845 Confessio
1214 1783 1252 1845 ad
1274 1783 1432 1846 veritatem
1462 1781 1644 1845 narrationis
1675 1781 1779 1844 livan-

405 1879 533 1963 gelicae,
558 1897 646 1961 quam
670 1878 822 1942 Sacerdos
844 1880 1057 1960 pronunciavit
1079 1897 1149 1944 esse
1173 1883 1274 1963 potius
1297 1880 1474 1961 referenda,
1498 1881 1646 1962 quemad
1670 1882 1779 1963 singu-

404 1978 498 2042 larem
521 1978 559 2041 de
582 1979 772 2041 Eucharistia
786 1978 1024 2044 Coniessionem.
1047 1980 1162 2044 Verum
1177 1999 1244 2044 cum
1257 1981 1441 2063 Evangelica
1463 1982 1596 2044 namatio
1618 1988 1778 2062 utmmque

404 2079 579 2161 mysterium
603 2077 828 2158 complectatur,
853 2079 1047 2142 institutionis
1077 2077 1302 2160 Eucharistiae,
1332 2098 1485 2163 veraeque
1514 2081 1544 2142 in
1567 2081 1616 2143 illa
1640 2081 1778 2160 corporis

406 2184 436 2242 et
464 2177 618 2260 sanguinis
650 2175 762 2240 Christi
792 2179 1001 2258 praesentiae,
1037 2178 1125 2242 fidem
1154 2197 1239 2242 suam
1266 2179 1304 2242 de
1332 2187 1462 2260 utroque
1491 2181 1634 2261 mysterio
1661 2197 1720 2241 una
1748 2186 1779 2241 et

405 2275 511 2340 cadem
533 2277 672 2341 oratione
695 2276 870 2357 complexos
893 2294 964 2339 esse
979 2275 1158 2359 Aethiopes,
1182 2278 1254 2340 nihil
1276 2285 1368 2344 vetat.
1390 2279 1451 2342 iliis
1474 2280 1554 2340 enirn
1575 2277 1677 2341 verbis
1701 2295 1780 2340 cona

312 2447 315 2450 ,
404 2385 493 2458 cepta
516 2384 573 2454 est,
597 2393 675 2456 quae
697 2376 735 2438 ad
758 2376 941 2458 agnitionem
964 2379 1103 2458 corporis
1133 2387 1163 2442 et
1193 2379 1348 2460 sanguinis
1373 2376 1484 2441 Christi
1512 2379 1542 2440 in
1571 2378 1777 2460 sacramento,

403 2475 566 2540 reserenda
588 2483 658 2538 sunt
680 2475 867 2554 necessario,
890 2493 948 2537 nec
971 2477 1060 2539 aliter
1081 2476 1287 2560 intelhgenda.
1330 2477 1426 2540 Erunt
1450 2476 1557 2558 quibus
1580 2475 1655 2539 haec
1679 2477 1778 2540 inter-

403 2575 533 2658 pretatio
556 2573 646 2637 dubia
668 2573 828 2655 videbitur,
853 2576 922 2656 quia
945 2575 1036 2656 paulo
1066 2585 1136 2657 post
1165 2578 1303 2658 sequitur
1329 2576 1484 2640 invocatio
1514 2574 1642 2658 Spiritus
1669 2577 1777 2653 sancti,

405 2693 463 2758 qua
484 2673 655 2758 postulatur
677 2680 710 2736 ut
732 2673 817 2755 panis
840 2682 870 2737 et
893 2673 972 2738 calix
1002 2693 1040 2739 eo
1068 2677 1319 2757 superveniente,
1349 2676 1421 2739 fiant
1451 2693 1562 2756 corpus
1590 2682 1620 2737 et
1650 2674 1777 2757 sangnis

405 2773 524 2838 Christi.
569 2774 655 2838 diuiti
677 2781 777 2837 autem
800 2775 950 2855 superiori
973 2782 1072 2838 aetate
1100 2775 1248 2859 Theologi
1276 2793 1334 2858 per
1357 2773 1483 2838 similem
1506 2775 1688 2854 orationem,
1717 2775 1778 2837 vim

404 2871 515 2936 Christi
537 2873 700 2938 verborum
722 2875 855 2937 imminui
878 2871 965 2937 facile
989 2876 1107 2937 nimium
1138 2876 1402 2954 existimavemnt,
1432 2891 1499 2935 cum
1529 2874 1567 2936 de
1597 2873 1647 2936 iila
1674 2873 1777 2954 expli-

404 2972 499 3035 canda
520 2973 702 3036 laborarent.
747 2971 888 3035 Accessit
911 2973 1014 3036 Critici
1037 2976 1178 3038 nostratis
1202 2976 1357 3052 autoritas,
1381 2975 1431 3054 qui
1453 2973 1617 3036 secundum
1640 2971 1775 3036 Graecos

403 3079 434 3133 et
457 3070 627 3134 Orientaies
650 3070 715 3134 sola
737 3070 931 3134 Invocatione
956 3072 1085 3153 Spiritus
1112 3075 1208 3136 sancti
1237 3073 1495 3135 consecrationem
1518 3071 1623 3152 perfici
1646 3073 1776 3134 affirma-

402 3171 456 3248 vit,
486 3187 613 3251 eamque
642 3187 827 3233 communem
858 3187 928 3232 esse
956 3170 1075 3234 illorum
1102 3171 1288 3252 opinionem:
1321 3170 1349 3232 id
1378 3187 1453 3233 vero
1483 3188 1570 3251 quam
1599 3186 1617 3230 a
1645 3169 1775 3232 veritate

404 3267 532 3332 alienum
555 3270 594 3331 sit
618 3267 688 3330 alibi
710 3268 945 3332 demonstratum
968 3277 1025 3334 est.
1060 3270 1151 3334 Suam
1173 3268 1359 3332 Invocationi
1381 3269 1551 3348 eilicaciam,
1574 3276 1607 3331 ut
1629 3266 1773 3349 precihus

404 3367 540 3432 omnihus
570 3366 836 3431 sacramentalibus
868 3376 1008 3432 constare
1044 3368 1171 3432 credunt
1197 3368 1383 3432 orientales:
1421 3387 1520 3450 neque
1549 3375 1655 3431 contra
1685 3366 1775 3429 iidem

403 3475 453 3530 aut
476 3466 663 3548 disciplinam
685 3484 815 3547 peccare
837 3485 872 3530 se
895 3468 1073 3542 existimant,
1096 3485 1164 3530 cum
1186 3475 1274 3532 orant
1298 3485 1391 3548 super
1410 3467 1489 3530 dona
1508 3469 1569 3548 jam
1584 3472 1774 3545 consecrata,

402 3574 435 3628 ut
457 3565 582 3648 Hispani
604 3575 726 3630 veteres
750 3565 943 3630 Gothicarum
964 3567 1179 3648 Ecclesiamm,
1202 3566 1390 3643 hiosarahes‚
1412 3575 1444 3630 et
1467 3566 1516 3628 alii
1538 3567 1687 3628 iecerunt.
1709 3565 1776 3629 Eo-

404 3666 471 3729 dem
493 3667 586 3749 igitur
608 3673 638 3728 et
661 3667 790 3730 omnium
814 3665 1011 3729 Orientalium
1034 3667 1173 3748 exemplo
1198 3666 1345 3747 Coptitae,
1370 3673 1401 3728 et
1417 3665 1584 3747 Aethiopes
1608 3681 1777 3735 consecra-

403 3766 514 3828 tionem
537 3765 640 3829 verhis
664 3764 775 3829 Christi
797 3765 862 3828 lieri
885 3765 1013 3829 credere
1034 3773 1209 3848 potuerunt,
1234 3773 1264 3830 et
1287 3763 1511 3830 Invocationem
1530 3764 1657 3848 Spiritus
1679 3763 1777 3828 sancti

402 3882 615 3945 pronunciare.

786 4126 847 4198 tt.
888 4126 1067 4198 invocatio
1094 4125 1246 4220 Spiritus
1270 4130 1392 4198 cuncti.

501 4332 624 4411 Omma
637 4346 694 4407 ista
707 4346 736 4407 in
752 4347 895 4410 versione
906 4345 1012 4408 Latina
1027 4364 1089 4410 non
1101 4345 1230 4410 tidehter
1244 4364 1391 4428 expressa
1401 4354 1456 4410 est.
1468 4345 1511 4410 lta
1522 4362 1618 4429 porro
1627 4363 1661 4408 se
1670 4343 1771 4410 hahet.

399 4445 487 4510 Nunc
497 4453 597 4510 cutm
609 4449 808 4510 recordomur
823 4452 931 4512 mortis
944 4458 1014 4512 tuoe
1024 4458 1055 4511 et
1070 4452 1306 4514 resurrectionis
1318 4457 1399 4527 tuoe,
1411 4449 1621 4531 offerimusqaoe
1632 4450 1688 4512 tibi
1697 4449 1777 4511 hunc

396 4565 508 4626 poam
519 4547 637 4610 ethnae
652 4547 788 4625 colicon,
810 4549 921 4630 tibique
940 4551 1062 4630 pretias
1076 4552 1203 4631 opimus,
1226 4551 1307 4632 qnod
1326 4569 1383 4629 per
1405 4551 1462 4612 lroc
1476 4549 1659 4628 occipicium
1667 4548 1776 4627 dipnor

398 4663 456 4707 nos
472 4645 578 4724 fecisti
597 4645 702 4706 standi
722 4646 754 4706 in
777 4656 939 4728 conspectu
959 4655 1021 4726 tuo,
1044 4656 1074 4710 et
1094 4647 1545 4730 scendotcleofficinmcornm
1558 4646 1774 4726 tcecepocndi.

398 4740 530 4804 &omns
559 4749 587 4804 te
611 4743 742 4805 Domine
770 4752 800 4807 et
820 4765 842 4808 o
863 4754 892 4808 te
917 4748 1234 4828 incompetentes,
1262 4755 1296 4810 ut
1323 4748 1427 4810 midos
1455 4745 1599 4825 Spiritum
1627 4751 1775 4822 corutum,

396 4857 488 4918 asper
508 4841 721 4919 incapacem
743 4851 774 4906 et
793 4844 873 4908 hunc
895 4845 1036 4925 calicem,
1059 4845 1199 4910 videlicet
1219 4863 1329 4928 corpur
1351 4852 1382 4908 et
1406 4846 1581 4925 swapuimm
1602 4843 1726 4908 Domini
1746 4849 1776 4904 ei

1477 4960 1565 5035 80*
