4760 6038
502 648 509 660 ι
613 532 663 605 14
1117 530 1478 607 LITURGIA

610 719 769 816 populum
794 728 1047 811 congregatum,
1074 717 1310 812 mundavitque
1336 738 1400 790 nos
1431 740 1492 813 per
1519 715 1677 812 Spiritum
1704 727 1852 789 sanctum
1881 739 1984 790 suum.

610 836 689 931 lpse
716 859 790 908 eum
818 836 993 909 dilexisset
1020 854 1100 906 suos
1129 836 1306 927 quierant
1341 835 1375 904 in
1405 831 1539 922 mundo,
1575 831 1709 905 tradidit
1743 854 1782 906 se
1808 835 1918 928 ipsum
1944 832 1987 904 ad

611 951 751 1024 salutern
778 975 840 1048 pro
868 949 965 1023 nobis
993 953 1026 1020 iu
1052 958 1204 1037 mortem,
1233 971 1319 1044 quae
1347 970 1448 1043 super
1473 971 1536 1022 uos
1563 948 1743 1040 regnabat,
1771 971 1836 1042 qua
1856 969 1987 1044 pecea-

610 1079 720 1141 torum
750 1077 941 1140 nostrorum
974 1086 1077 1138 causa
1110 1067 1280 1146 constricti
1316 1063 1529 1136 tenebamur:
1573 1063 1745 1138 descendit
1777 1064 1819 1136 ad
1857 1063 1985 1136 inferos

609 1207 671 1281 per
707 1207 859 1272 crucem,
895 1185 1041 1255 surrexit
1067 1205 1086 1252 a
1109 1179 1251 1256 'mortuis
1287 1179 1340 1250 die
1376 1181 1484 1269 tertia,
1517 1179 1667 1252 ascendit
1695 1180 1738 1251 ad
1764 1181 1894 1269 coelos,
1921 1201 1985 1250 se-

610 1299 721 1394 ditque
750 1299 792 1370 ad
819 1299 993 1370 dexteram
1022 1306 1127 1386 tuam,
1156 1319 1176 1368 o
1203 1307 1317 1392 pater,
1346 1296 1604 1391 designavitque
1631 1295 1719 1366 diem
1745 1296 1983 1382 retributionis

609 1418 643 1486 in
682 1438 748 1510 quo
791 1414 965 1510 apparebit
1002 1412 1045 1484 ad
1076 1411 1290 1504 judicandum
1324 1411 1441 1485 orbern
1478 1415 1513 1483 iu
1540 1413 1668 1502 justitia
1709 1420 1742 1482 et
1778 1411 1985 1484 tribuendum

610 1533 787 1624 unicuique
810 1532 907 1620 juxta
934 1551 1038 1624 opera
1066 1550 1136 1599 sua.

715 1645 876 1738 Populus.
918 1643 1107 1716 Secundum
1139 1642 1402 1715 misericordiam
1438 1652 1545 1731 tuam,
1572 1641 1736 1732 Domine,
1767 1652 1802 1714 et
1827 1664 1895 1714 non
1922 1665 1985 1714 aa·

346 1767 358 1798 ⁸
406 1749 436 1794 ³
531 1739 753 1834 “micantum
779 1770 918 1857 peccata
944 1770 1069 1834 nostra.

715 1877 899 1948 Sacerdos.
937 1875 1079 1947 Instituit
1103 1873 1201 1946 nobis
1228 1876 1425 1970 mysterium
1451 1872 1517 1944 boc
1542 1893 1700 1964 maguum
1718 1875 1851 1969 pietatis
1869 1884 1903 1945 et
1920 1897 1983 1945 re-

610 1993 756 2084 ligionis,
784 2015 859 2063 curn
886 1995 1057 2064 statuisset
1083 1990 1217 2061 tradere
1244 2012 1282 2062 se
1310 1993 1408 2060 morti
1434 2012 1498 2084 pro
1524 1987 1636 2060 mundi
1662 1992 1742 2061 vita.

713 2107 875 2202 Populus.
919 2104 1093 2178 Credimus
1121 2109 1153 2176 in
1180 2108 1232 2176 rei
1256 2110 1400 2177 veritate
1426 2108 1472 2176 ito
1499 2127 1588 2178 esse.

713 2223 897 2295 Sacerdos.
935 2222 1080 2317 Accepit
1105 2242 1226 2316 panem
1252 2223 1286 2291 in
1300 2242 1417 2292 manus
1445 2241 1524 2294 suas
1553 2228 1699 2310 sanctas
1726 2241 1827 2315 puras
1856 2231 1889 2292 et
1915 2225 1984 2292 im-

609 2337 811 2429 maculatas,
844 2338 963 2410 beatas
996 2347 1030 2436 ct
1062 2336 1293 2425 vivificantes.
1329 2347 1364 2407 et
1402 2339 1535 2431 aspexit
1567 2339 1601 2410 in
1629 2335 1780 2430 coelum,
1815 2335 1856 2407 ad
1883 2347 1928 2426 te,
1963 2361 1984 2410 o

608 2453 714 2547 Deus,
741 2454 875 2527 Patrem
902 2476 996 2525 suum
1024 2460 1058 2524 et
1085 2455 1230 2530 omniurn
1256 2452 1443 2524 Dominum.

718 2569 811 2640 Tuae
838 2571 988 2662 accipiet
1014 2568 1219 2640 oblationem
1244 2591 1347 2662 super
1378 2591 1497 2640 mauus
1522 2591 1618 2656 saus,
1652 2573 1853 2662 auferatque
1878 2569 1986 2640 aeluro

610 2687 755 2779 desuper
781 2685 887 2756 disco.
1794 2706 1800 2714 ·

577 2891 579 2895 .
713 2799 875 2892 Populus.
918 2800 1043 2871 Amen:

713 2914 889 2988 Sacerdos
915 2917 1042 2988 levabit
1067 2914 1185 2986 oculos
1211 2916 1336 2987 diceus.
1362 2913 1407 2988 Et
1433 2918 1557 3008 gratias
1585 2916 1663 3007 egit.
1690 2917 1719 3004 †

713 3032 875 3125 Populus.
914 3032 1034 3103 ulman.
1112 3115 1118 3124 ¹

577 3222 586 3236 ,
713 3147 898 3219 Sacerdos.
942 3147 986 3220 Et
1011 3147 1184 3221 benedixit
1210 3170 1295 3219 eum.
1323 3149 1351 3234 †

712 3263 873 3356 Populus.
913 3263 1033 3334 Amen.

637 3433 645 3449 .
712 3378 888 3452 Sacerdos
914 3381 1020 3474 diptto
1049 3386 1102 3451 ter
1129 3379 1335 3451 oblationem
1361 3377 1615 3474 saumsipuabit
1641 3380 1677 3450 iu
1703 3379 1834 3450 modum
1860 3383 1983 3452 cruam

712 3491 758 3567 Et
784 3493 1004 3568 sanctificavit
1030 3518 1115 3566 eum.
1143 3497 1172 3582 †

711 3612 873 3704 Populus.
912 3612 1034 3684 Amen.

712 3728 888 3800 Sacerdos
910 3732 1053 3823 [raapet
1088 3727 1292 3798 oblatioueru
1322 3731 1358 3798 ia
1393 3733 1463 3828 tres
1491 3732 1622 3819 partes,
1658 3747 1742 3819 quau
1775 3730 1826 3798 ita
1865 3728 1912 3798 ad
1943 3749 1981 3800 se

607 3845 750 3915 inuicem
777 3844 948 3940 adornet,
975 3850 1012 3914 at
1038 3845 1281 3938 quodammodo
1310 3845 1440 3914 diuisae
1457 3863 1526 3913 aaa
1541 3845 1618 3912 siut.
1661 3842 1757 3928 Quae
1771 3843 1847 3914 dum
1861 3848 1981 3937 saciet,

607 3958 732 4053 dipitos
758 3963 852 4030 iutra
870 3960 996 4030 discum
1019 3959 1178 4054 deierpit,¹
1202 3982 1246 4029 ae
1267 3961 1349 4054 qaid
1367 3983 1413 4030 eu
1439 3957 1564 4030 oblatis
1590 3958 1793 4048 adbaereut
1820 3966 1856 4030 et
1880 3961 1980 4032 dicet.

710 4074 755 4147 Et
790 4075 893 4168 fregit
927 4097 1020 4166 eum,
1062 4074 1217 4168 deditque
1256 4078 1381 4148 sanctia
1418 4074 1587 4170 discipulis
1621 4084 1655 4146 et
1689 4074 1865 4170 Apostolis
1897 4082 1980 4166 suis,

608 4190 739 4266 dicens:
778 4192 951 4286 Accipite,
983 4189 1180 4262 manducate
1221 4213 1266 4262 ex
1295 4190 1359 4263 hoc
1392 4213 1518 4264 omnes.
1556 4191 1630 4263 Hoc
1664 4201 1716 4264 est
1743 4194 1831 4262 enim
1858 4211 1980 4288 corpus

606 4330 716 4379 meum
744 4307 833 4404 quod
858 4330 921 4404 pro
948 4304 1048 4380 vohis
1076 4303 1257 4399 frangitur,
1285 4317 1319 4378 et
1344 4330 1405 4402 pro
1433 4306 1542 4379 multis
1570 4305 1722 4378 daturin
1748 4311 1981 4382 remissionem

509 4503 517 4510 ,
605 4435 831 4519 peccatorum,
858 4423 923 4496 hoc
949 4421 1051 4496 facite
1076 4425 1110 4495 in
1136 4426 1202 4494 mei
1228 4427 1433 4496 meritoriam.
1989 4433 1992 4443 ⁴

710 4538 873 4632 Populus.
915 4539 1036 4611 Amen.

707 4652 883 4726 Sacerdos
910 4661 1027 4725 terreas
1054 4654 1196 4725 calicem
1221 4677 1322 4725 mauu
1347 4678 1421 4742 saa,
1449 4655 1549 4726 dicet.
1603 4653 1760 4727 Similiter
1791 4653 1890 4725 etiam
1917 4675 1982 4722 ca-

604 4768 703 4842 licem
729 4778 807 4865 post
833 4791 986 4859 coenam,
1014 4793 1100 4866 aqua
1128 4779 1162 4842 et
1189 4773 1268 4842 vino
1295 4773 1434 4842 miscuit.

709 4862 886 4956 Saceddos
912 4885 1054 4956 calicem
1081 4892 1133 4957 ter
1161 4908 1264 4957 auce
1289 4885 1447 4981 sipaabit,
1483 4892 1518 4958 et
1544 4887 1644 4956 dicet.
1679 4883 1813 4958 Gratias
1848 4888 1926 4976 egit.
1953 4884 1982 4971 l

710 5000 871 5094 Poprdua.
917 4999 1038 5075 Amen.
