4686 6060
370 1513 538 1568 Proclamatio
546 1517 574 1568 iu
587 1515 644 1568 blo·

336 1603 448 1656 nmtcrio
466 1602 492 1656 S.
509 1601 622 1656 blacarii.

659 623 737 698 404
1049 618 1649 699 DEPATRIAROHA

660 810 783 884 archae
810 815 1036 897 autoritatem,
1063 831 1128 903 qua
1154 811 1301 903 ipsorum
1328 805 1518 879 Ecclesiam
1551 807 1718 900 subjicere
1749 804 1813 879 sibi
1844 806 2035 879 immediate

660 923 846 1019 satagebat.
898 927 951 999 De
984 924 1120 1020 reliquis
1152 945 1256 1020 porro
1286 923 1326 996 ad
1352 922 1519 1020 publicam
1545 927 1690 994 omnium
1715 921 1945 994 EcclesIarum
1972 923 2030 995 di-

659 1043 832 1140 sciplinam
864 1041 1108 1139 spectantibus,
1143 1043 1207 1113 etsi
1240 1062 1307 1112 non
1339 1041 1447 1111 minus
1487 1035 1630 1111 Oahirae
1669 1061 1766 1133 quarn
1802 1036 2032 1112 Alexandriae

657 1171 873 1249 tractaretur,
899 1181 965 1232 non
993 1169 1102 1230 tamen
1129 1157 1162 1228 id
1188 1158 1310 1230 civium
1337 1165 1393 1227 aut
1419 1153 1510 1227 Cleri
1535 1158 1689 1243 nomine,
1717 1157 1772 1249 qui
1799 1177 1845 1226 ex
1870 1153 2032 1248 dignitate

658 1276 748 1349 urbis
776 1275 864 1373 apud
890 1273 1153 1348 bluhamedanos
1179 1275 1357 1370 principie,
1383 1294 1508 1345 novam
1534 1271 1655 1344 nullam
1690 1275 1899 1344 autoritatem
1931 1290 2032 1344 com-

655 1400 879 1490 paraverant,
905 1391 965 1465 sed
993 1393 1094 1463 totius
1120 1387 1319 1461 Jacobititae
1345 1387 1521 1461 Ecclesiae
1546 1393 1680 1462 nomine
1706 1388 1819 1461 fiebat.

760 1507 978 1582 LXXXVIII.
1004 1506 1186 1601 Postquam
1211 1505 1441 1579 Alexandriae
1472 1505 1641 1578 ordinatus
1674 1505 1784 1577 luerat
1814 1527 1923 1578 novus
1956 1505 2032 1576 Pa-

657 1626 817 1716 triarcha,
842 1621 1116 1722 proficiscebatur
1143 1622 1184 1694 ad
1210 1622 1449 1696 Monasterium
1475 1621 1510 1694 S.
1537 1621 1689 1712 Macarii,
1717 1621 1759 1693 de
1786 1645 1850 1718 qua
1877 1642 2031 1694 consue-

657 1742 769 1815 tudine
794 1747 841 1815 ita
869 1740 984 1816 scribit
1009 1739 1226 1814 Ebnassalus.
1278 1739 1403 1812 Postea
1430 1761 1476 1810 ex
1503 1737 1660 1811 submbio
1686 1736 1915 1810 Alexandriae
1941 1759 2030 1832 pro-

657 1858 786 1950 iectus,
812 1863 905 1930 venit
931 1857 973 1930 ad
1006 1856 1245 1930 Monosterium
1272 1853 1308 1928 S.
1341 1854 1493 1944 Macarii,
1519 1875 1640 1949 nempe
1676 1852 1754 1925 illud
1787 1852 1876 1949 quod
1911 1862 1965 1925 est
1996 1856 2029 1924 in

657 1975 765 2047 Soeti:
791 1976 896 2068 vulgo
923 1979 958 2046 in
984 1974 1074 2046 valle
1101 1971 1221 2044 Habib.
1275 1968 1359 2043 Cum
1386 1993 1493 2069 prope
1520 1979 1588 2060 est,
1615 1970 1830 2061 egrediantur
1856 1972 1889 2040 in
1904 1991 2031 2041 occur-

659 2115 731 2164 sum
758 2095 831 2185 ejus
858 2089 1034 2180 Monachi,
1069 2091 1124 2185 qui
1156 2091 1353 2180 congregati
1391 2087 1434 2160 ad
1468 2083 1662 2182 obsequium
1702 2083 1747 2156 illi
1781 2084 2032 2182 praestandum,

658 2211 768 2281 statim
796 2218 896 2304 atque
920 2209 955 2278 in
981 2213 1195 2301 conspectum
1223 2205 1296 2295 ejus
1322 2225 1472 2292 venere,
1497 2210 1550 2274 ter
1581 2211 1795 2297 prosternunt
1827 2225 1884 2292 se,
1917 2211 2032 2273 meta-

657 2345 763 2396 noeas
790 2323 954 2395 facIendo.
1007 2322 1092 2394 'l’um
1118 2323 1192 2416 ipse
1218 2319 1390 2393 descendit
1416 2343 1462 2391 ex
1488 2322 1583 2392 asino
1612 2341 1677 2414 quo
1705 2317 1853 2407 vehitur,
1886 2328 1920 2389 et
1950 2321 2033 2389 uni-

658 2461 781 2513 versos
805 2449 998 2527 veneratur,
1026 2445 1235 2509 metanoeam
1262 2435 1325 2508 illis
1351 2434 1489 2509 faciens.
1543 2436 1611 2532 Ipsi
1637 2439 1767 2524 itemm,
1793 2432 1890 2506 iacta.
1909 2454 2034 2506 versus

659 2579 734 2628 eum
752 2567 942 2645 metanoea,
968 2557 1139 2649 imponunt
1164 2551 1255 2624 illum
1282 2556 1375 2627 asioo
1403 2575 1484 2624 suo:
1512 2561 1546 2624 et
1561 2549 1827 2628 Archimandrita
1840 2550 1876 2622 S.
1892 2549 2034 2622 Macarii

658 2675 796 2767 imponit
832 2695 924 2744 oram
960 2668 1051 2766 pallii
1092 2671 1143 2741 sui
1183 2691 1284 2764 super
1323 2665 1444 2740 collum
1472 2671 1555 2741 asiai
1582 2670 1673 2759 eJus,
1707 2689 1849 2762 eumque
1890 2664 2032 2739 deducit.

659 2786 863 2860 Sacerdotes
888 2783 1148 2858 Hieromonaohi
1173 2784 1209 2855 S.
1236 2782 1378 2856 Macarii
1411 2787 1552 2857 seorsim
1588 2783 1730 2880 hymnos
1756 2782 1872 2876 legunt
1898 2792 1932 2854 et
1965 2807 2032 2856 ca-

642 2913 742 2976 -nunt
768 2901 810 2975 ad
837 2905 1026 2995 ingressum
1054 2904 1143 2994 ejus,
1177 2900 1284 2973 donec
1316 2903 1511 2996 pervenerit
1542 2899 1585 2973 ad
1618 2899 1722 2972 altare
1755 2899 1958 2993 Benjamini,
1998 2903 2034 2972 in

656 3022 812 3096 Ecclesia
839 3021 958 3115 maJori
983 3015 1040 3090 ubi
1065 3039 1209 3113 corpora
1235 3027 1427 3090 sanctorum
1451 3020 1673 3113 requiescunt.
1716 3015 1836 3088 Altare
1865 3015 1943 3086 illud
1970 3038 2034 3090 seu

661 3139 798 3230 Hetbcl,
826 3136 914 3233 quod
940 3158 1036 3208 more
1062 3144 1190 3222 nostre,
1218 3131 1388 3228 Capellam
1415 3155 1593 3228 possumus
1620 3131 1800 3230 appellare,
1827 3152 1949 3204 nomen
1964 3130 2033 3202 ha-

659 3255 717 3329 bet
762 3280 782 3328 a
816 3251 1008 3325 Patriarcha
1047 3250 1243 3345 Benjamino
1287 3254 1341 3345 qui
1373 3250 1560 3322 XXXVIII.
1594 3259 1800 3338 numeratur,
1841 3258 1875 3320 et
1907 3250 2033 3343 primus

658 3375 719 3446 luit
743 3377 831 3445 inter
858 3391 917 3442 eos
945 3371 999 3464 qui
1027 3367 1088 3441 sub
1116 3365 1366 3440 Muhamedanis
1401 3364 1578 3439 Ecclesiae
1611 3364 1839 3438 Jacobitarum
1872 3363 2033 3436 Alexan-

660 3491 774 3562 drinae
799 3485 1024 3584 praefuerunt.
1076 3484 1110 3558 Is
1138 3495 1248 3556 autem
1274 3482 1443 3555 dedicavit
1460 3481 1648 3555 Ecclesiam
1665 3483 1826 3573 majorem
1842 3479 1878 3552 S.
1892 3479 2034 3552 Macarii

658 3610 693 3677 in
719 3605 833 3677 radice
859 3603 980 3675 monile
1008 3599 1231 3687 aedificatam,
1258 3601 1333 3694 quia
1354 3601 1531 3694 andquior,
1558 3608 1794 3696 praeterquam
1813 3595 1902 3692 quod
1928 3600 2033 3670 ruinis

660 3718 844 3794 delonnata
871 3727 962 3809 erat,
989 3740 1064 3789 cum
1091 3725 1182 3790 esset
1208 3718 1240 3786 in
1274 3718 1394 3788 montis
1428 3715 1627 3813 supercilio,
1661 3711 1817 3786 Monachi
1848 3716 1943 3787 senio
1977 3723 2035 3786 aut

659 3837 785 3910 morbis
812 3835 960 3926 nattes,
986 3833 1045 3906 vel
1071 3855 1209 3928 quorum
1237 3829 1353 3904 Cellae
1379 3834 1463 3905 sitae
1479 3840 1574 3903 erant
1599 3834 1633 3903 in
1658 3833 1829 3904 remotiori
1851 3840 1946 3924 parte
1964 3829 2033 3902 dc-

660 3957 759 4045 serti,
785 3976 852 4027 non
878 3953 942 4025 nisi
969 3949 1139 4023 difficulter
1166 3948 1208 4020 ad
1235 3972 1310 4021 eam
1336 3947 1501 4020 accedere
1513 3957 1677 4045 poterant.
1730 3947 1836 4038 Hujus
1856 3945 2032 4019 Ecclesiae

660 4093 788 4142 summa
816 4077 869 4143 est
893 4069 979 4139 inter
1006 4064 1158 4162 Coptitas
1185 4063 1446 4153 commendatio,
1473 4076 1506 4138 et
1529 4064 1686 4138 Canones
1712 4060 1837 4136 habent
1861 4065 1895 4134 in
1910 4061 2031 4135 Colle-

660 4185 824 4258 ctionibus
852 4185 941 4272 suis,
981 4184 1035 4278 qui
1071 4179 1113 4253 ad
1147 4183 1220 4274 ejus
1248 4179 1440 4274 dignitatem
1472 4179 1626 4253 tuendam
1660 4181 1834 4277 pertinent.
1893 4176 2031 4251 Conse-

659 4305 817 4376 crationis
843 4299 930 4373 illius
956 4302 1116 4371 memoria
1144 4301 1317 4393 quotannis
1345 4295 1533 4370 celebratur
1559 4306 1680 4372 octava
1703 4295 1811 4394 Tybi,
1837 4297 1873 4367 in
1890 4293 2032 4392 Coptico

661 4417 883 4507 Calendario,
918 4425 1018 4510 atque
1054 4413 1173 4488 eodem
1211 4413 1264 4486 die
1296 4417 1406 4506 agitur
1440 4417 1713 4488 commemoratio
1740 4412 1890 4505 ejusdem
1916 4413 2033 4484 Patri-

661 4532 793 4607 archae.
849 4532 934 4619 Quia
960 4551 1045 4604 vero
1073 4527 1114 4602 ab
1142 4529 1229 4603 illius
1255 4541 1423 4626 tempore,
1455 4532 1621 4624 integram
1647 4553 1747 4626 quam
1773 4527 1835 4602 sub
1863 4525 2033 4601 Christia-

660 4655 711 4723 nis
751 4648 1010 4747 imperatoribus
1049 4669 1117 4721 non
1156 4644 1341 4736 habebant,
1380 4645 1535 4744 Coptitae
1574 4646 1761 4720 lihertatem
1801 4645 1912 4741 adepti
1946 4653 2034 4736 sunt,

661 4789 768 4862 eaque
794 4765 947 4838 Ecclesia
974 4767 1081 4861 prima
1109 4766 1253 4837 omnium
1279 4774 1342 4852 est,
1370 4786 1468 4858 quam
1484 4763 1546 4838 sub
1564 4761 1814 4836 blahamedanis
1830 4760 2034 4859 principibus

663 4881 941 4971 aedificaverunt,
969 4903 1109 4975 eamque
1135 4879 1308 4972 Benjamin
1333 4901 1457 4972 magna
1482 4902 1604 4977 pompa
1631 4883 1859 4952 consecravit:
1885 4876 1970 4965 hInc,
1997 4887 2035 4951 ut
2086 4922 2112 4978 y

663 4996 844 5070 verisimiIe
872 5009 942 5088 est,
970 4999 1144 5090 ortginem'
1159 4995 1273 5069 habuit
1298 4995 1353 5069 illa
1379 4996 1439 5068 lex
1461 4995 1692 5092 proficiscendi
1719 4995 1761 5069 ad
1786 4993 1821 5069 S.
1836 4993 2034 5088 Maca'riurn,
