4778 6034
719 604 833 697 xum
1246 625 1634 702 arssuarlrro

721 815 820 901 miae,
848 818 884 882 ct
907 833 977 882 noa
1002 811 1183 883 secandam
1213 815 1365 903 peccota
1399 817 1545 882 naama:
1573 809 1772 904 tandemque
1798 807 1944 882 celebris
1970 809 2026 883 illa
2053 803 2096 883 de

722 929 874 1021 corporis
901 937 936 998 et
961 929 1133 1018 sauguinis
1161 924 1285 998 Christi
1310 946 1395 996 vera
1422 935 1456 996 et
1481 923 1567 996 reali
1592 927 1624 996 in
1647 924 1865 997 Sacramenta
1891 932 2094 1021 praesentia,

722 1064 821 1135 quarn
848 1039 981 1113 Graece
1007 1062 1140 1136 quoque
1175 1044 1398 1136 pronunciare
1430 1061 1476 1110 cx
1511 1031 1737 1134 antiquissima
1764 1037 2003 1112 consuetudine
2030 1063 2095 1113 so-

721 1155 799 1228 lent.
854 1157 925 1228 lmo
960 1159 994 1227 in
1029 1155 1158 1228 solenni
1190 1155 1448 1242 acclamatione,
1483 1176 1547 1248 qua
1582 1153 1729 1249 probare
1764 1176 1804 1226 sa
1830 1164 1992 1226 testantur
2018 1154 2095 1226 cle-

723 1275 867 1343 ctionem
887 1274 968 1342 novi
983 1271 1209 1360 Patriarchae,
1229 1269 1360 1341 Graece
1383 1268 1571 1364 loquuntur,
1594 1291 1662 1341 non
1682 1267 1835 1365 Coptica,
1860 1280 1916 1342 aut
1937 1267 2096 1362 Arabiae,

722 1385 898 1458 clamando
915 1383 1047 1474 Ἄξιος,
1073 1387 1208 1481 Dipone
1234 1393 1294 1459 eat.

414 1509 442 1560 rn
458 1510 613 1566 monasterio
627 1517 709 1567 anat
826 1501 957 1572 Norunt
990 1501 1160 1574 Historiae
1194 1499 1402 1574 Christianae
1433 1500 1669 1595 Aegyptiacae
1701 1503 1815 1594 periti,
1856 1509 1978 1593 quanta
2011 1502 2098 1596 apud

396 1593 851 1707 l³⁰““t¹¹,¹⁵t¹⁵¹¹¹‚³⁰⁰¹⁰·omnes,
884 1637 952 1687 non
990 1614 1208 1688 Orthodoxcs
1243 1616 1361 1705 modo,
1397 1614 1459 1688 sad
1494 1613 1666 1687 lacebitas
1700 1617 1794 1709 ipsos
1830 1612 1930 1686 fucrit
1962 1613 2096 1691 Ordinis

397 1695 435 1731 aa
450 1680 561 1733 mm
574 1682 677 1753 regan.
721 1731 900 1802 Monastici
914 1731 1069 1822 dignitas,
1085 1740 1224 1826 propter
1245 1729 1436 1801 admiranda
1456 1729 1511 1799 illa
1531 1732 1769 1800 sanctimoniae
1785 1728 1953 1824 exempla,
1977 1729 2096 1824 quihus

719 1867 867 1916 eremum
894 1844 1143 1916 illustraverant
1167 1844 1305 1936 Paulus,
1332 1845 1516 1931 Antonius,
1549 1843 1717 1915 Macarius
1752 1853 1787 1914 et
1813 1853 1860 1915 tot
1886 1843 1951 1915 alii.
1984 1845 2096 1917 Aucta

721 1971 773 2032 est
799 1964 884 2030 inter
909 1959 1083 2033 lacohitas
1110 1960 1351 2032 Monachcmm
1377 1963 1563 2048 veneratio,
1592 1957 1679 2052 quod
1705 1968 1782 2052 post
1808 1957 1980 2054 Synodum
2009 1956 2096 2031 Cal-

720 2074 966 2147 chedouensem
1000 2079 1111 2147 omnia
1144 2074 1250 2146 terme
1283 2075 1488 2147 Monasteria
1521 2075 1688 2144 Dioscoro
1723 2070 1956 2163 adhaeserunt,
1984 2073 2096 2146 etad-

718 2211 841 2263 versus
875 2189 1059 2262 doctrinam
1094 2191 1136 2262 de
1163 2189 1292 2263 tumus
1318 2194 1353 2261 in
1379 2187 1511 2261 Christo
1547 2192 1674 2260 naturis
1701 2173 1825 2259 acrite'r
1850 2199 2095 2282 pugnaverunt.

718 2305 797 2378 lllos
832 2315 1008 2398 praeterea
1042 2327 1124 2400 prae
1157 2303 1294 2400 reliquis
1330 2313 1553 2392 venerantur,
1589 2306 1646 2397 qui
1678 2305 1712 2372 in
1747 2301 1954 2376 Monasteria
1988 2309 2096 2378 sancti

718 2421 858 2492 Macarii
883 2423 918 2490 in
944 2417 1080 2492 deserto
1106 2419 1237 2510 Scetis,
1271 2423 1375 2492 vitam
1401 2417 1597 2508 religiosam
1624 2415 1770 2511 professi
1797 2427 1884 2507 sunt,
1912 2419 2000 2512 quod
2026 2443 2096 2492 non

718 2531 2095 2630 mfflwwfflmmmwmwmfflmfflm

718 2648 844 2720 celebri
870 2647 926 2720 illo
953 2647 1172 2740 Monasteria,
1199 2651 1288 2744 quod
1315 2669 1476 2723 summam
1502 2670 1585 2743 prae
1611 2646 1748 2741 reliquis
1764 2647 1956 2738 dignitatem
1982 2647 2096 2740 hahet,

719 2787 793 2835 cum
822 2762 900 2835 alibi
927 2773 960 2835 et
985 2768 1018 2834 in
1046 2768 1119 2858 ipsa
1145 2764 1362 2837 Patriarchali
1397 2763 1554 2835 Ecclesia
1585 2762 1719 2854 vulgari
1754 2760 1903 2834 Arabico
1938 2785 2096 2836 sermone

717 2874 872 2969 legantur
897 2879 1081 2974 Epistolae,
1107 2879 1308 2976 Evangelia,
1343 2892 1378 2952 et
1412 2883 1579 2952 sectiones
1606 2882 1733 2954 veteris
1760 2877 1984 2949 Testamenti:
2016 2879 2097 2952 nihil

719 2996 853 3064 omniuo
871 2993 1004 3086 vulgari
1029 2994 1143 3086 lingua
1170 2994 1304 3088 legitur,
1331 2994 1431 3089 idque
1459 3017 1504 3066 err
1518 2997 1726 3066 vetutissima
1753 2993 1991 3065 consuetudine
2009 3019 2096 3089 quae

717 3106 2095 3203 mmmmmmmmmMfflmmfflmmfflm

718 3224 934 3316 mmm

436 3345 480 3444 rra
509 3345 703 3412 probationibus
819 3336 933 3432 Atque
958 3337 1043 3409 haec
1069 3361 1155 3433 quaa
1183 3339 1324 3412 diximus
1352 3340 1394 3412 de
1420 3361 1483 3412 usu
1515 3339 1701 3431 linguarum
1729 3337 1945 3412 Orientalium
1970 3343 2002 3411 in
2029 3361 2094 3412 sa-

392 3431 703 3570 :rmffieffwr‘ffim
716 3453 783 3524 cris
812 3451 946 3542 Officiis,
973 3456 1019 3525 ita
1046 3463 1138 3526 certa
1165 3466 1200 3527 et
1226 3454 1403 3550 explorata
1430 3465 1524 3544 sant,
1559 3465 1595 3526 ut
1629 3453 1858 3526 contradicere
1884 3469 2002 3546 nemo,
2028 3458 2093 3528 nisi

391 3535 440 3658 ,uf‘
715 3588 827 3638 rerum
855 3568 1000 3641 Orientis
1026 3567 1338 3644 Ecclesiasticarum
1366 3572 1647 3665 imperitissimus,
1674 3572 1801 3664 possit,
1828 3578 1862 3640 et
1887 3568 2092 3640 inutilitatem

715 3689 764 3751 tot
790 3685 1050 3756 testimoniorum
1075 3683 1154 3756 nihil
1181 3685 1321 3757 adrem
1350 3688 1580 3782 spectantium,
1607 3683 1649 3756 ab
1676 3684 1817 3758 Usserio
1843 3694 2093 3777 congestorum,

715 3799 794 3868 satis
822 3797 1057 3872 demonstrant
1110 3799 1229 3895 Neque
1255 3821 1318 3875 nos
1346 3809 1484 3873 movent
1508 3809 1599 3871 tanta
1625 3801 1780 3889 nomina,
1813 3823 1887 3870 cam
1921 3798 2090 3872 derebus

713 3913 894 3986 notissimis
921 3924 1052 4006 agatur,
1080 3927 1196 4010 quae,·
1213 3918 1242 3988 si
1268 3915 1399 3988 Usserii
1434 3924 1468 3987 ct
1494 3914 1635 3987 aliomm
1659 3915 1917 3987 Protcstantium
1944 3913 2091 4006 diligen-

712 4029 793 4097 tiam
817 4026 985 4119 fugerunt,
1012 4038 1088 4102 sunt
1113 4039 1224 4101 tamcn
1249 4033 1458 4104 verissimae.
1512 4029 1563 4102 Ea
1590 4051 1693 4125 porro
1720 4033 1832 4102 omnia
1852 4052 1938 4125 quae
1963 4033 1997 4099 in
2024 4027 2091 4098 ad-

712 4145 866 4213 versaria
905 4145 1115 4235 conjecerat,
1155 4144 1199 4215 ad
1241 4145 1428 4220 Versiones
1460 4167 1580 4220 sacrae
1615 4146 1810 4241 Scripturas
1852 4155 1885 4217 et
1919 4145 2090 4236 liturgias

713 4259 911 4350 spectantia,
936 4257 1077 4330 hominis
1104 4267 1180 4330 sunt
1206 4263 1262 4354 qui
1289 4283 1517 4356 quaecumque
1543 4260 1764 4333 occurrebant
1799 4261 1927 4355 absque
1961 4258 2092 4331 delectu

713 4371 901 4464 colligebat.
955 4373 1041 4445 Nam
1078 4396 1163 4468 quae
1197 4374 1239 4447 de
1272 4385 1413 4471 utroque
1441 4375 1639 4470 argumento
1670 4376 1790 4467 habet,
1822 4379 2019 4472 praesertim
2048 4373 2090 4445 de

711 4483 946 4580 versionibus,
973 4510 994 4560 a
1020 4492 1152 4562 nemine
1179 4491 1282 4565 scribi
1299 4501 1454 4587 poterant
1480 4497 1535 4588 qui
1556 4494 1762 4566 levissimam
1788 4491 1916 4563 illarum
1942 4493 2090 4562 notitiam

711 4600 2089 4700 mmmffimmmmmmfflmfflwfflm

710 4725 747 4788 ut
772 4717 894 4788 nullam
921 4720 1049 4794 vidisse
1081 4724 1161 4796 satis
1198 4723 1408 4816 intelligatur.
1465 4723 1623 4796 Deterius
1657 4722 1781 4812 adhuc,
1815 4726 1870 4817 qui
1895 4721 2090 4793 Auctarium

712 4830 835 4923 adjecit
862 4836 957 4928 operi
992 4834 1188 4931 posthumo,
1222 4841 1316 4930 cujus
1344 4837 1518 4912 consilium
1550 4837 1611 4910 fuit
1638 4847 1673 4908 ut
1698 4835 1880 4910 Catholicis
1907 4835 2089 4909 fortissime

710 4944 2091 5049 mfflfflmwmmfflmwwmmmeffl

710 5085 905 5154 mancusas,
938 5075 973 5137 et
1003 5066 1214 5161 Pontificios,
1247 5080 1282 5140 ct
1313 5068 1391 5165 quid
1415 5091 1502 5163 uon,
1534 5092 1664 5143 vocare
1688 5090 1752 5142 nos
1786 5068 1913 5142 solent:
1947 5067 2008 5142 scd
2035 5068 2091 5162 qui
