4778 6034
702 553 843 650 'xnvm
1204 573 1587 652 otssnnrnrro

703 762 804 835 multa
830 782 898 833 non
924 761 1156 851 convenirent,
1182 780 1292 854 neque
1319 757 1490 832 autoribus
1517 779 1657 853 quorum
1675 757 1809 830 nomina
1826 759 2079 855 praeferebant3

705 876 793 972 quod
820 887 1049 969 argumentum
1072 898 1171 970 quam
1185 874 1320 947 imbelle
1347 882 1451 963 esset,
1473 872 1783 946 demonstravimus.
1835 873 1944 946 Nemo
1972 885 2080 948 Omen

706 989 907 1062 criticorum
932 991 1062 1062 illorum
1094 1000 1150 1062 aut
1174 988 1355 1085 probavit,
1382 997 1438 1059 ant
1461 986 1609 1083 prohare
1625 1009 1810 1080 aggressus
1838 999 1903 1078 est,
1930 987 2081 1062 Graecas

703 1103 873 1198 Liturgias
899 1104 1030 1195 lacohi,
1056 1104 1176 1196 llarci,
1200 1103 1317 1176 Basilii
1344 1113 1378 1175 et
1397 1099 1630 1198 chrysostomi
1658 1101 1699 1174 ah
1729 1106 1963 1197 antiquissimis
1988 1113 2081 1176 tem-

704 1221 842 1316 poribus
857 1230 1033 1316 usurpatas
1049 1242 1118 1292 non
1131 1219 1237 1292 inisse
1251 1217 1511 1313 Hierosolymis,
1531 1216 1762 1290 Alexandriae
1784 1228 1921 1312 totaque
1939 1209 2082 1291 Graecia

706 1344 741 1406 et
765 1335 862 1426 Asia,
889 1357 999 1428 neque
1027 1335 1070 1407 de
1095 1335 1152 1406 illa
1179 1335 1383 1429 quaestionis
1409 1342 1525 1428 parte,
1552 1357 1638 1428 quae
1664 1336 1822 1406 momenti
1855 1313 1992 1405 marrimi
2019 1346 2083 1425 est,

705 1450 861 1521 videntur
887 1453 1067 1542 cogitasse.
1122 1448 1247 1522 Omnes
1275 1451 1363 1519 enim
1388 1448 1536 1521 calculos
1552 1449 1677 1537 Riveti,
1703 1447 1901 1543 Usseriique
1927 1457 1984 1520 aut
2010 1454 2083 1542 ejus

382 1609 448 1663 mu,
459 1612 582 1664 ,mm-3
597 1629 693 1665 m
706 1564 843 1637 editoris
871 1561 1065 1653 evertehat,
1100 1566 1156 1658 qui
1188 1561 1311 1656 frigido
1346 1562 1585 1655 diagrammate
1619 1563 1877 1634 vernaculorum
1912 1583 2084 1635 sacrorum

383 1697 453 1748 aaa.
708 1676 968 1770 chronologiam
995 1681 1162 1773 exposuit,
1188 1689 1225 1749 ut
1250 1676 1379 1750 scilieet
1405 1676 1448 1750 ah
1474 1677 1679 1750 Antichristo
1706 1688 1797 1770 nato,
1822 1677 1888 1748 hoc
1914 1687 1968 1749 est
1993 1680 2084 1747 circa

709 1792 865 1885 Gregorii
890 1794 915 1866 Ι.
943 1792 1112 1867 saeotrlum
1140 1796 1405 1888 superseminata
1438 1792 1562 1864 fuerint
1594 1791 1637 1864 ah
1663 1791 1796 1864 homine
1822 1794 1955 1863 inimico
1982 1795 2085 1865 messi

707 1908 915 1998 Dominicae,
941 1908 1025 1980 haec
1052 1906 1277 2000 liturgiarum
1303 1910 1440 1978 zizania.
1495 1905 1631 1980 Certum
1660 1909 1748 1977 enim
1774 1916 1839 1996 est,
1866 1903 2086 1999 omnibusque

706 2025 904 2096 testimoniis
930 2022 1174 2111 confirmatum,
1207 2022 1356 2095 ducentis
1388 2032 1425 2093 nt
1449 2025 1617 2094 mmimum
1644 2023 1737 2094 annis
1754 2031 1842 2092 ante
1867 2019 2005 2092 ridimda
2029 2019 2085 2090 illa

706 2138 901 2210 Antichristi
927 2139 1112 2236 γενέθλια,
1138 2148 1308 2233 receptam
1343 2135 1466 2230 ubique
1500 2139 1586 2208 inter
1622 2133 1829 2210 Christianos
1864 2133 1971 2209 luisse
1997 2135 2085 2206 illam

708 2252 930 2325 celebrandae
955 2251 1187 2324 Eucharistiae
1212 2251 1369 2342 formam,
1395 2274 1494 2346 quam
1511 2249 1634 2322 Graeci
1659 2249 1795 2322 codices
1820 2258 2086 2344 repraesentant,

708 2369 834 2457 exigua
858 2388 1011 2462 prorsus,
1038 2376 1095 2437 aut
1120 2365 1210 2438 nulla
1227 2370 1314 2438 inter
1328 2374 1465 2439 veteres
1481 2369 1755 2459 recentioresque
1777 2365 1972 2455 differentia,
1998 2383 2084 2457 quae

708 2479 751 2552 ad
777 2490 891 2575 partes
919 2479 1018 2553 cilicii
1045 2484 1133 2554 sacri
1159 2479 1357 2555 essentiales
1383 2484 1563 2577 pertineat:
1597 2503 1708 2576 neque
1741 2479 1798 2552 vel
1823 2478 2003 2552 levissimis
2028 2481 2087 2548 in-

709 2593 803 2668 diciis
842 2615 967 2667 novam
1002 2617 1100 2670 sacra
1135 2594 1281 2668 faciendi
1318 2595 1459 2669 sormam
1491 2605 1684 2691 usurpatam
1723 2594 1849 2684 iuuisse,
1890 2617 1976 2689 quae
2011 2613 2087 2663 cum

710 2706 967 2780 Protestantium
999 2709 1172 2804 disciplina
1198 2712 1387 2800 conveniat,
1412 2710 1560 2807 prohare
1586 2714 1758 2805 quisquam
1784 2712 1900 2805 potuit.
1954 2708 2086 2781 Nesto-

708 2824 794 2892 riani
818 2825 887 2914 jam
914 2833 992 2895 autc
1018 2823 1139 2896 multos
1159 2845 1266 2897 annos
1289 2823 1332 2895 ah
1349 2822 1504 2900 Ecclesia
1531 2825 1663 2917 divulsi,
1691 2824 1829 2898 similem
1844 2822 1977 2894 Graeco
1991 2826 2089 2893 ritum

710 2936 754 3008 ad
781 2957 820 3008 se
845 2937 1094 3010 transtulerant:
1130 2947 1164 3009 et
1189 2937 1289 3032 paulo
1321 2922 1400 3033 post
1431 2939 1607 3013 Jacohitae
1641 2961 1735 3013 suum
1763 2961 1917 3033 quoque,
1954 2936 2087 3009 Graeco

710 3049 909 3123 simillimum
935 3051 1080 3146 quotidie
1107 3049 1331 3156 celebrabant.
1383 3055 1489 3148 Igitur
1523 3077 1570 3126 ex
1603 3053 1677 3128 sola
1704 3063 1889 3148 temporum
1916 3049 2088 3125 ohserva-

709 3165 801 3236 tione
827 3164 988 3238 refellitur
1020 3169 1127 3238 inanis
1161 3165 1218 3239 illa
1251 3164 1385 3258 fahula,
1420 3169 1591 3241 matriculis
1623 3170 1735 3264 potius
1771 3189 1870 3263 pam
1902 3165 2088 3259 Theologis

711 3277 824 3371 digna,
852 3302 937 3374 quae
964 3290 1075 3353 umen
1101 3285 1217 3377 paucis
1244 3280 1446 3355 confutanda
1473 3294 1534 3356 est

420 3392 462 3445 ht
486 3392 517 3445 ³¹³
540 3389 698 3443 Atl¹⁰¹¹t¹¹¹⁰
814 3394 936 3467 Natum
963 3418 1042 3471 esse
1068 3400 1103 3469 iu
1129 3395 1312 3469 Occidente
1346 3408 1381 3469 et
1414 3398 1545 3494 quidem
1570 3398 1745 3470 Romae'
1734 3399 1900 3490 insignem
1927 3397 2019 3469 illum
2045 3396 2088 3468 ad

385 3494 481 3616 :¹2:2¹2
486 3473 698 3699 quffiubffgss
711 3507 955 3583 deformitatem
986 3535 1126 3608 puerum
1158 3511 1411 3603 Antichristum,
1445 3534 1563 3587 ornnes
1597 3515 1652 3608 qui
1685 3512 1771 3585 hanc
1807 3533 1912 3604 egere
1942 3511 2088 3586 iahulam

386 3735 457 3786 Urit
445 3750 525 3802 ⁸¹⁸⁶·
708 3744 753 3812 tis
789 3739 935 3832 saeculi,
992 3742 1080 3838 quod
1117 3742 1313 3816 Antichristi
1361 3745 1458 3836 signa
1505 3741 1696 3816 Muhamedi
1742 3737 2088 3814 accommodaverunt

710 3855 933 3948 Negotiosum
959 3879 1042 3930 sane
1067 3856 1166 3931 nohis
1194 3855 1398 3932 calvinistae
1424 3857 1663 3931 Antichristum
1695 3880 1791 3933 suum
1815 3866 2089 3952 repraesentant,

711 3975 768 4066 qui
793 3993 862 4044 non
887 3971 987 4044 modo
1014 3982 1115 4044 totum
1144 3971 1369 4065 Occidentem,
1404 3973 1466 4047 sed
1494 3974 1665 4047 Orientem
1692 3994 1825 4068 quoque
1850 3974 1966 4067 paucis
1993 3958 2088 4044 aunis

711 4090 757 4157 ita
783 4090 982 4181 corruperit,
1007 4097 1044 4158 ut
1069 4086 1288 4182 Apostolicae
1316 4097 1350 4160 et
1375 4087 1606 4183 Evangelicae
1632 4088 1719 4160 illius
1747 4085 1897 4177 Coeum,
1925 4087 1967 4157 de
1994 4089 2087 4178 cujm

711 4199 819 4273 forma
845 4224 1011 4296 nunquam
1052 4202 1237 4274 convenire
1268 4205 1355 4274 inter
1381 4225 1419 4276 se
1444 4212 1638 4300 potuemmt,
1672 4226 1716 4275 ne
1749 4205 1929 4295 vestigium
1956 4199 2088 4296 quidem

713 4315 924 4411 superfuerit
975 4315 1103 4389 Verum
1134 4327 1214 4389 nato
1250 4327 1374 4390 tanturn
1406 4329 1441 4392 et
1473 4318 1579 4391 adhuc
1611 4322 1646 4390 in
1678 4321 1770 4390 cunis
1795 4321 1957 4409 vagiente
1981 4299 2109 4386 Anti-'

714 4431 851 4522 christo,
875 4435 945 4524 jam
973 4431 1093 4505 dudum
1118 4441 1276 4505 mutatam
1312 4456 1390 4509 esse
1418 4455 1589 4508 sacrorum
1616 4436 1761 4505 omnium
1786 4431 1907 4503 faciem
1933 4429 2090 4525 oportuit,

714 4570 789 4619 cum
820 4547 909 4619 illam
941 4552 1068 4643 ipsam,
1102 4572 1187 4645 quae
1221 4550 1292 4621 hue.
1317 4571 1425 4645 usque
1456 4553 1543 4621 inter
1575 4548 1651 4624 illos
1685 4551 1799 4640 viget,
1834 4545 2027 4618 Nestoriani
2055 4549 2091 4612 et

714 4663 888 4736 Jacohitae
913 4684 982 4737 non
1007 4663 1107 4736 modo
1135 4673 1330 4755 servarent,
1349 4650 1350 4653 ¹
1370 4662 1431 4737 sed
1457 4673 1493 4736 ut
1518 4687 1538 4736 a
1565 4659 1766 4755 majoribus,
1793 4657 2090 4751 communibusque

716 4779 907 4852 doctoribus
932 4779 1085 4850 traditm
1106 4788 1140 4851 et
1158 4789 1363 4876 usurpatam,
1389 4779 1581 4876 quotidiano
1608 4801 1671 4852 usu
1689 4776 1949 4872 frequentarent.
1984 4771 2091 4843 Erant

714 4893 901 4966 interillos
928 4904 962 4966 et
988 4893 1204 4970 Orthodoxos
1231 4897 1273 4968 de
1300 4896 1365 4969 fide
1390 4898 1547 4968 continua
1566 4896 1759 4983 certamina,
1786 4901 1820 4964 et
1846 4889 2021 4963 multorum
2048 4885 2093 4957 de

713 5007 778 5080 illis
805 5011 1045 5086 cantaveratis
1076 5013 1200 5108 scripta
1234 5011 1279 5084 ad
1302 5033 1365 5086 nos
1390 5020 1627 5109 pervenerunt
1681 5006 1859 5081 Proferaut
1884 5005 2092 5078 Protestan-
