4686 6060
661 578 737 652 412
1048 577 1648 656 DEPATRIARGHA

662 770 739 862 quia
771 769 805 837 in
834 764 930 838 festis
965 763 1176 854 solennibus,
1217 764 1347 861 quando
1379 763 1571 840 Patriamba
1605 761 1788 860 Liturgiaui
1822 767 2029 860 celebrabat,

659 880 834 954 tenebatur
861 899 1033 976 exponere
1060 903 1180 954 sacrae
1211 884 1396 975 scripturae
1421 880 1583 954 lectiones
1610 903 1656 954 ex
1685 882 1779 958 libris
1806 881 1968 979 Copticis,
1996 894 2031 956 et

659 1021 727 1071 uon
752 997 853 1070 modo
879 1020 940 1071 eas
966 999 1176 1093 interpretari
1202 996 1315 1089 liugan
1341 995 1485 1089 vulgari,
1513 997 1574 1071 sed
1594 1019 1782 1072 sermonem
1802 999 1845 1074 od
1871 999 2028 1094 populum

661 1112 786 1186 babere
812 1111 855 1184 de
880 1110 1069 1206 Evangelio
1104 1121 1160 1186 eut
1184 1112 1363 1210 Epistolis:
1398 1134 1495 1207 quam
1522 1112 1779 1210 explicationem
1813 1137 1859 1187 ex
1886 1113 2029 1211 Coptica

659 1232 850 1302 memoriter
878 1227 954 1302 olim
982 1240 1015 1302 et
1042 1231 1136 1323 quasi
1164 1251 1209 1301 ex
1235 1238 1386 1324 tempore
1408 1226 1595 1316 faciebant,
1617 1233 1809 1326 priusquam
1843 1252 1885 1302 eo
1921 1232 2029 1322 igno-

659 1348 789 1417 rantiae
815 1343 994 1418 deventum
1020 1343 1148 1433 finisset,
1175 1355 1211 1417 ut
1236 1345 1313 1417 illae
1339 1348 1647 1440 interpretationes,
1679 1357 1746 1420 tem
1779 1369 1866 1442 quae
1893 1346 2026 1441 simpli-

660 1483 733 1532 cem
747 1463 941 1534 versionem
968 1459 1176 1556 spectabant,
1204 1483 1301 1557 qunm
1322 1459 1499 1550 homiliam,
1524 1465 1558 1532 in
1583 1461 1688 1536 libros
1714 1462 1928 1536 relementur.
1955 1461 2028 1534 Se-

659 1580 793 1650 cretarii
819 1587 929 1649 autem
964 1586 1060 1651 erant
1091 1576 1334 1672 quodammodo
1370 1575 1637 1650 Patriarcbarum
1663 1578 1861 1676 interpretes
1888 1585 1923 1650 ct
1949 1587 2027 1650 stu-

660 1693 787 1765 diorum
822 1692 1007 1787 adjutores:
1046 1692 1167 1765 multos
1201 1695 1287 1764 euim
1323 1695 1469 1766 maxime
1508 1692 1679 1766 illiteratos
1721 1695 1756 1764 in
1795 1693 2028 1768 Alexandrina

657 1807 885 1883 Jacobitarum
919 1806 1074 1881 Ecclesia
1105 1807 1253 1898 sedisse,
1287 1831 1332 1880 ex
1367 1812 1515 1904 ipsomm
1548 1807 1685 1881 historie
1716 1807 1926 1882 manifestum
1965 1819 2026 1886 est

390 1929 646 2030 morosumque
763 1922 816 1997 CI.
868 1924 942 1996 Nec
974 1927 1080 1997 minus
1114 1933 1186 1996 erat
1222 1927 1413 1998 necessaria
1448 1926 1482 1996 iu
1516 1923 1716 1996 Secretariis
1754 1923 1924 2000 Arabicae
1957 1927 2027 1998 lin-

355 2025 440 2086 perun

660 2064 749 2135 guae
775 2042 906 2137 peritia,
933 2063 1010 2113 uam
1037 2063 1111 2113 oum
1138 2039 1286 2135 quotidie
1310 2043 1447 2132 negotia
1486 2037 1748 2114 Christianorum
1780 2039 1822 2112 ad
1847 2039 2028 2114 Mubame-

661 2157 766 2230 danos
792 2156 965 2253 Principes
991 2155 1048 2229 vel
1073 2155 1290 2248 Magistratus
1317 2154 1535 2246 deferrentur,
1562 2157 1617 2250 qui
1643 2177 1690 2228 ex
1709 2154 1868 2228 Orientali
1902 2179 2028 2253 snper-

660 2273 736 2346 cilio
762 2275 826 2372 vix
853 2271 949 2345 aliter
975 2295 1151 2374 quamper
1165 2270 1295 2350 libellos
1323 2271 1501 2344 adeuntur:
1529 2275 1584 2367 qui
1602 2270 1665 2345 illis
1679 2270 1862 2346 scribendis
1889 2291 2029 2366 operam

660 2389 793 2482 dabam,
821 2411 882 2463 eos
908 2390 1040 2461 manem
1064 2389 1152 2460 illam
1180 2389 1400 2484 eloquentiam
1413 2386 1594 2463 Arabicam
1618 2388 1809 2462 excoluisse
1836 2388 2028 2484 oportebat,

659 2530 746 2602 quae
773 2528 907 2602 semper
933 2505 1020 2600 apud
1046 2505 1121 2578 illos
1155 2502 1321 2578 barbaros
1354 2505 1528 2600 plurimum
1560 2507 1674 2600 potuit.
1727 2502 1857 2600 Nempe
1883 2505 1913 2576 is
1939 2502 2028 2599 apud

659 2645 719 2694 eos
746 2623 837 2707 olim,
866 2632 963 2716 atque
990 2624 1179 2708 etiamnum,
1205 2619 1380 2692 facundiae
1397 2643 1584 2716 supremum
1611 2619 1750 2713 gradum
1778 2621 1928 2712 attigisse
1944 2643 2027 2692 cre-

659 2739 756 2828 ditur,
783 2740 837 2833 qui
863 2759 971 2832 pauca
1004 2736 1123 2824 multis,
1149 2738 1257 2832 iisque
1289 2734 1459 2826 obscuris,
1495 2738 1654 2831 antiquis,
1688 2746 1722 2809 et
1754 2734 1796 2809 ab
1830 2759 1892 2811 usu
1926 2759 2027 2810 com-

659 2857 747 2925 muni
772 2854 1004 2926 remotissimis
1031 2850 1146 2926 verbis
1173 2852 1330 2948 explicat,
1357 2851 1414 2925 vel
1440 2855 1549 2948 potius
1575 2850 1729 2939 involvit,
1755 2853 1861 2946 iisque
1887 2855 1933 2924 ita
1948 2851 2027 2924 col-

659 2968 791 3056 locatis,
816 2977 853 3040 ut
877 2991 939 3065 por
956 2967 1201 3064 bomaeoptota,
1229 2967 1461 3065 antithetaque,
1488 2967 1659 3041 tinuieudo
1683 2989 1784 3040 aures
1811 2965 1971 3055 afficiaut3
1999 2970 2029 3040 si

660 3087 732 3179 quis
760 3083 951 3180 simpbciter
977 3094 1012 3156 et
1036 3086 1213 3180 perspicue
1239 3087 1438 3160 sententiam
1461 3084 1607 3180 explicet
1629 3105 1736 3174 suam,
1761 3085 1790 3156 is
1817 3083 2028 3178 eloquentiae

658 3223 799 3290 vacuus,
825 3199 1126 3297 infantissimusqua
1147 3201 1322 3294 Judicatur.

764 3316 832 3390 011.
887 3316 1060 3390 Cauonnm
1086 3321 1203 3414 peritia
1230 3337 1298 3389 nou
1329 3319 1437 3388 miuus
1469 3318 1503 3390 in
1537 3315 1600 3390 illis
1637 3315 1836 3390 Secretariis
1868 3319 2028 3412 require-

658 3432 764 3505 batur.
798 3431 884 3505 Nam
910 3455 984 3506 cum
1012 3432 1054 3506 od
1081 3431 1223 3506 tribunal
1248 3431 1463 3505 Petriarcbae
1489 3453 1605 3506 omnes
1631 3430 1738 3504 ferme
1765 3431 2028 3506 Christianorum

658 3571 782 3621 causae
808 3558 1009 3645 spectarent,
1036 3552 1124 3622 scire
1150 3547 1226 3622 illos
1245 3545 1433 3646 oportebat,
1461 3547 1537 3642 quid
1564 3550 1596 3620 iu
1618 3547 1756 3641 siugulis
1783 3550 1893 3620 causis
1920 3546 2028 3620 disci-

658 3664 748 3761 plina
785 3662 970 3738 Christiano
1002 3663 1258 3762 praescriberet.
1310 3663 1429 3760 Neque
1469 3665 1557 3736 enim
1591 3663 1633 3736 dc
1666 3662 1749 3737 solis
1780 3661 2029 3736 Ecclesiasticis

657 3780 773 3871 rebus,
800 3780 860 3855 sed
887 3783 985 3852 etiam
1012 3780 1055 3852 de
1081 3779 1145 3852 illis
1171 3802 1258 3875 quae
1285 3779 1327 3852 ad
1354 3778 1543 3853 saecudaria
1571 3778 1696 3871 judicio
1723 3777 1935 3875 spectabant,
1962 3801 2029 3852 co-

661 3917 829 3988 gnoscere
857 3897 944 3970 soliti
971 3905 1066 3968 erant
1090 3893 1314 3969 Paniarcbae.
1367 3895 1469 3968 Tales
1497 3905 1593 3968 erant
1619 3917 1742 3976 causac
1768 3916 1884 3968 omnes
1910 3897 2030 3968 matri-

660 4014 835 4101 moniales,
860 4021 959 4107 pacta
986 4010 1119 4100 dotalie,
1146 4010 1379 4099 haereditates,
1406 4019 1615 4102 memento,
1642 4022 1676 4084 et
1703 4013 1844 4106 siquae
1871 4020 1947 4083 sunt
1962 4009 2028 4083 alia

659 4128 701 4201 ad
734 4132 789 4221 jus
825 4126 925 4201 civile
960 4130 1152 4225 spectantia.
1205 4127 1291 4199 Nam
1331 4151 1377 4200 ox
1416 4125 1610 4201 Christianis
1650 4149 1815 4202 concesso
1851 4129 2026 4222 antiquitus

658 4245 849 4342 privilegio,
876 4267 1000 4318 causae
1027 4243 1103 4316 illae
1129 4265 1245 4316 omnes
1272 4242 1314 4316 ab
1340 4243 1519 4340 Episcopis
1546 4254 1581 4316 et
1599 4241 1799 4318 Patriarchis
1821 4241 2026 4336 judicaban-

658 4372 720 4432 tur.
774 4360 860 4447 Quia
892 4382 977 4434 vero
1010 4362 1154 4458 maxima
1186 4359 1315 4434 illerum
1347 4381 1426 4456 pars
1461 4361 1640 4434 secuudum
1673 4360 1787 4454 Leges
1819 4360 2026 4456 imperiales,

659 4499 726 4549 uon
760 4475 940 4549 secuudum
971 4473 1127 4549 Ganoues
1158 4474 1417 4550 Ecclesiasticos
1450 4474 1594 4550 debebat
1627 4476 1788 4569 judicari,
1821 4475 1946 4550 ideirco
1979 4499 2026 4550 ex

658 4591 821 4685 Legibus,
847 4591 985 4682 Edictis,
1010 4591 1164 4666 Novellis
1191 4593 1331 4688 aliisque
1355 4593 1543 4688 Principum
1560 4589 1867 4681 constitutionibus,
1894 4615 1936 4666 ea
1954 4616 2026 4667 ex-

660 4718 776 4805 cerpta
804 4717 880 4782 suut
905 4731 991 4804 quae
1019 4708 1139 4801 adjus
1165 4711 1249 4781 inter
1277 4705 1483 4782 Christianos
1511 4707 1685 4781 dicendum
1712 4711 1858 4780 maxima
1893 4729 2026 4804 oppor-

658 4836 736 4896 tuna
763 4833 990 4899 causarentur.
1041 4828 1154 4921 Atque
1180 4847 1226 4898 ex
1251 4823 1315 4898 illis
1342 4827 1511 4922 excerptis
1537 4828 1605 4898 uati
1632 4836 1707 4898 sunt
1735 4825 1906 4914 Oenones,
1940 4846 2026 4921 quos

658 4949 794 5028 vocant,
823 4940 1038 5034 imperiales,
1066 4964 1205 5037 quorum
1238 4942 1360 5016 multae
1400 4943 1621 5038 diversaeque
1653 4941 1878 5015 collectiones
1911 4950 2028 5015 extant

657 5059 692 5126 in
717 5052 813 5127 libris
832 5054 1066 5132 Orientalibus.
1092 5057 1254 5154 Reliquae
1282 5058 1388 5148 dotes,
1415 5068 1451 5132 ut
1476 5060 1615 5132 scientia
1642 5059 1889 5153 scripturamm,
1904 5053 2025 5128 Theo-
