4736 6064
371 584 675 666 onsnamnoms
688 586 727 662 u
738 584 920 662 amcam
937 586 1200 664 curarimus.
1210 586 1415 664 alamann
1423 527 1598 664 'lerator
1632 587 1744 660 aar

341 772 455 838 Bonam
479 770 567 833 fidem
589 771 615 832 si
638 769 805 847 habuisset,
837 771 990 832 orationes
1014 771 1144 852 aliquot,
1175 771 1280 852 quales
1303 780 1373 834 sunt
1396 769 1557 834 invocandi
1582 770 1710 853 Spiritus

342 872 454 948 sancti,
489 877 539 932 aut
568 870 730 952 gratiarum
759 869 885 931 actionis
915 869 1059 932 lormulas
1086 871 1214 933 maxime
1237 869 1467 932 Confessianem
1492 870 1561 933 lidei
1583 872 1622 934 de
1643 871 1710 933 En-

342 969 483 1032 charistia
510 986 572 1031 non
593 969 781 1044 reticuisset,
803 977 837 1030 ut
858 969 1013 1049 ambiguas
1036 969 1194 1051 Aethiopis
1217 972 1263 1032 sui
1286 971 1501 1050 responsiones
1524 971 1709 1033 obtruderet.

341 1069 526 1149 Disciplinae
549 1067 710 1129 Orientalis
733 1067 848 1148 peritus
871 1069 896 1130 si
918 1066 1038 1142 luisset,
1061 1068 1196 1144 absurda¹
1212 1069 1313 1147 multa,
1335 1078 1367 1131 et
1388 1087 1466 1151 quae
1487 1089 1528 1132 ex
1550 1088 1710 1151 compara-

340 1169 423 1230 tione
447 1165 564 1228 llituum
587 1166 858 1229 Alexandrinorum
881 1166 1068 1244 refelluntur,
1091 1187 1151 1230 non
1173 1170 1394 1249 proposuisset,
1418 1187 1458 1231 ex
1481 1169 1587 1250 quibus
1611 1179 1709 1232 tamen

342 1285 403 1330 non
426 1267 516 1329 modo
539 1266 736 1346 Aethiopicae
758 1265 933 1340 Ecclesiae,
963 1266 1018 1328 sed
1047 1268 1210 1347 primorum
1241 1267 1431 1329 saeculorum
1462 1267 1549 1330 lidem
1577 1277 1608 1330 et
1634 1270 1709 1331 ritus

261 1389 265 1397 ¹
343 1367 469 1448 agnosci
494 1366 588 1447 jubet.
634 1367 732 1428 Voces
769 1367 856 1428 etiarn
887 1367 1008 1446 antiquo
1037 1384 1095 1427 usu
1124 1369 1251 1430 amnium
1281 1367 1486 1430 Ecclesiarum
1512 1374 1709 1430 consecratas

343 1466 426 1528 ialsis
451 1468 748 1549 interpretationibus
771 1486 831 1530 non
855 1469 1052 1549 corrupisset,
1074 1469 1169 1529 itaut
1192 1468 1242 1547 qui
1265 1467 1391 1547 exejus
1414 1466 1535 1529 Laxicis
1558 1466 1710 1550 Liturgias

342 1566 538 1647 Aethiopicas
562 1567 753 1648 interpretari
777 1566 988 1648 aggrediatur,
1018 1585 1035 1627 a
1063 1583 1138 1628 vera
1161 1565 1277 1627 illarum
1299 1583 1392 1627 sensu
1414 1565 1503 1628 abeat
1525 1565 1709 1649 longissima.

341 1665 466 1728 Miratus
489 1666 527 1729 sit
549 1664 693 1728 Ludollus
716 1666 895 1748 elegantiam
917 1666 1039 1748 linguae
1063 1664 1153 1741 illius,
1177 1663 1307 1724 carmina
1320 1663 1463 1741 Galatica,
1486 1664 1655 1745 Amharica,
1679 1674 1710 1729 et

345 1764 402 1825 alia
425 1764 588 1826 Pindaricis
611 1765 802 1846 praetulerit,
826 1783 887 1827 non
910 1765 1009 1845 magni
1032 1763 1138 1826 relert:
1162 1763 1303 1838 simiolis,
1326 1764 1545 1843 cercopithecis
1569 1773 1599 1826 et
1622 1783 1710 1827 mon-

343 1865 413 1926 stris
444 1865 566 1944 saepius
593 1863 711 1926 delicati
740 1865 875 1927 homines
906 1863 1107 1926 delectantur:
1146 1863 1258 1924 Verum
1285 1863 1315 1922 in
1343 1863 1473 1924 obscura
1496 1864 1598 1945 lingua
1622 1883 1708 1945 quarn

343 1961 530 2043 explicabat,
562 1981 655 2025 novas
678 1971 708 2025 et
731 1962 876 2024 inauditas
899 1962 1134 2045 significationes
1157 1979 1264 2024 vocum
1287 1961 1448 2038 inducere,
1477 1971 1509 2024 ut
1531 1963 1719 2046 Aethiopes,·

342 2061 392 2123 vel
416 2061 827 2140 inviti,Lutheranil1erent,
851 2063 980 2142 pessimo
1004 2061 1156 2141 exemplo,
1181 2060 1333 2124 ctinlelici
1353 2079 1499 2124 successu
1518 2062 1555 2125 ab
1578 2081 1616 2125 eo
1639 2072 1709 2125 tan-

343 2167 436 2222 tatum
460 2180 539 2239 esse,
564 2162 655 2223 certis
679 2163 863 2242 argumentis
886 2160 1163 2224 demonstrabimus.
1191 2167 1196 2180 '

431 2259 659 2322 Observandum
689 2268 735 2322 est
757 2262 854 2322 statim
878 2259 1007 2323 Canonis
1030 2256 1208 2321 universalis
1232 2258 1346 2320 titulum
1368 2279 1458 2341 quem
1479 2259 1584 2322 Latina
1606 2261 1709 2323 Litur-

343 2359 412 2441 giae
434 2360 536 2421 versia
559 2358 702 2440 praefert,
726 2377 786 2422 non
809 2367 915 2422 extare
938 2361 969 2422 in
991 2358 1177 2438 Aethiopicis
1200 2359 1432 2440 exemplaribus.
1478 2359 1585 2421 liadas
1599 2367 1709 2422 vocant

343 2459 525 2539 Aethiopes,
556 2477 633 2522 vnce
662 2460 736 2540 ipsis
759 2477 824 2522 curn
848 2458 932 2540 Syris
955 2466 986 2521 et
1007 2457 1158 2521 Arabibus
1187 2460 1351 2537 communi,
1383 2458 1516 2522 Olliciurn
1539 2457 1709 2543 Liturgiae:

343 2557 425 2638 quod
447 2559 560 2638 pariter
582 2566 613 2620 et
635 2557 821 2640 frequentius
844 2557 1009 2638 Apophora
1037 2576 1160 2638 quoque
1188 2565 1312 2620 vocant:
1346 2566 1376 2620 et
1404 2558 1433 2620 id
1462 2575 1569 2620 nomen
1598 2577 1616 2620 a
1646 2558 1710 2622 Co·

327 2658 424 2737 ¹ptitis
454 2665 653 2737 acceperunt,
684 2665 716 2719 ut
746 2658 861 2738 reliqua
891 2655 985 2720 ierme
1016 2658 1127 2734 amnia,
1157 2673 1223 2717 nam
1246 2664 1309 2719 tres
1331 2675 1401 2720 suas
1424 2657 1575 2741 liturgias
1598 2658 1709 2738 basilii,

343 2755 484 2839 Gregorii
508 2757 665 2839 Theologi,
687 2765 718 2819 et
730 2756 833 2838 Cyrilli
855 2773 915 2818 non
938 2755 1025 2818 aliter
1047 2754 1209 2837 appellant,
1232 2764 1265 2817 ut
1277 2755 1346 2837 Syri
1368 2774 1448 2818 suas.
1489 2755 1592 2837 ltaque
1615 2777 1708 2822 voees

342 2855 413 2918 illae
435 2857 604 2936 significant
626 2856 746 2918 Missam
768 2857 833 2918 sive
849 2855 1022 2938 Liturgiam,
1047 2861 1077 2916 et
1099 2853 1125 2914 si
1148 2853 1243 2932 aliter,
1267 2856 1366 2916 rarius
1390 2862 1487 2916 tamen
1511 2857 1709 2936 appellantur,

343 2964 376 3017 ut
390 2955 552 3018 Orationes
573 2956 623 3018 vel
645 2954 753 3018 Oratio
775 2955 997 3032 Eucharistiae,
1021 2953 1058 3015 ad
1082 2952 1218 3015 eumdem
1240 2953 1438 3035 significatum
1459 2954 1567 3016 reterri
1590 2957 1709 3020 debent.

326 3055 385 3126 ,At
420 3057 539 3131 mirum,
574 3063 762 3134 quantopere
796 3055 850 3117 has
881 3071 974 3116 voces
1005 3052 1154 3135 refugerit
1182 3051 1325 3115 Lndollus
1359 3054 1389 3114 in
1420 3054 1505 3134 cujus
1535 3054 1647 3119 Laxico
1680 3066 1711 3120 et

344 3152 494 3229 Historia,
516 3171 610 3216 sacra
633 3152 746 3229 (laena,
767 3154 966 3234 Participatio
989 3171 1101 3214 sacrae
1123 3151 1258 3227 Corace,
1280 3153 1434 3214 Arcanum
1451 3155 1710 3233 participationis,

344 3261 395 3314 aut
418 3251 520 3329 aliter,
542 3269 601 3314 nee
624 3253 718 3334 magis
742 3253 896 3334 apposite,
919 3270 1024 3314 vocem
1047 3251 1155 3314 lladas
1176 3258 1206 3313 et
1228 3250 1413 3330 Arraphorae
1434 3251 1659 3332 interpretatur.

430 3350 535 3429 Neque
546 3349 662 3412 fidelius
676 3369 740 3412 rem
752 3353 845 3431 ipsam
864 3352 1026 3432 explicavit
1041 3369 1128 3432 quam
1152 3351 1281 3426 nomina,
1306 3368 1371 3412 curn
1384 3349 1544 3433 Liturgias,
1568 3353 1709 3418 llamilias

344 3469 414 3512 esse
438 3448 521 3525 dixit,
545 3467 604 3512 nan
626 3466 687 3510 uno
710 3450 793 3512 lbao:
816 3469 893 3531 quae
915 3451 1123 3530 interpretatio
1146 3451 1172 3512 si
1195 3469 1266 3512 vara
1290 3449 1384 3526 ioret,
1407 3467 1464 3530 pro
1487 3469 1545 3513 una
1570 3452 1708 3534 Chryso-

344 3550 432 3612 stomi
455 3556 505 3610 aut
526 3548 627 3611 Basilii
657 3547 808 3632 Liturgia,
837 3548 960 3611 totidem
989 3549 1182 3624 haberemus,
1213 3557 1286 3629 quot
1313 3568 1471 3612 sermones
1499 3550 1536 3612 ad
1566 3553 1709 3633 populum

343 3648 524 3724 habuerunt,
556 3666 622 3710 cunr
651 3649 828 3729 plerumque
856 3649 1120 3728 pronuntiarentur
1147 3649 1227 3711 inter
1255 3648 1412 3711 hlissarum
1439 3649 1587 3712 solennia.
1630 3651 1711 3715 Nihil

344 3764 438 3828 porro
461 3749 557 3808 minus
581 3747 725 3810 llomiliaa
747 3745 843 3810 simile
865 3765 953 3828 quam
975 3748 1125 3830 Liturgia,
1155 3751 1185 3811 in
1214 3766 1273 3829 gua
1297 3766 1356 3810 non
1379 3749 1462 3812 solus
1486 3749 1636 3813 Sacerdos
1658 3751 1710 3814 lo-

344 3848 460 3928 quitur:
489 3847 543 3908 sed
572 3845 741 3920 Diacoaus,
769 3854 800 3908 et
827 3846 957 3927 papulus
987 3827 1191 3910 circumstans.
1238 3847 1379 3910 llomilias
1403 3847 1595 3927 dramaticus,
1620 3867 1708 3912 nemo

344 3955 414 4008 ante
436 3944 592 4007 Ludollum
615 3954 758 4023 noverat,
781 3953 812 4006 et
835 3965 887 4008 eas
911 3963 989 4026 quae
1010 3964 1086 4008 vere
1106 3947 1251 4010 Honriliae
1274 3954 1400 4026 possunt
1422 3947 1576 4027 appellari,
1599 3947 1710 4012 habent

345 4045 430 4126 Syri,
460 4043 616 4124 Coptitae,
639 4061 803 4126 omnesque
826 4044 996 4108 Orientales
1020 4043 1196 4124 Christiani,
1228 4063 1339 4126 easque
1363 4045 1502 4125 l'cfassir
1523 4055 1648 4127 vocant,
1678 4056 1709 4110 et

344 4143 458 4206 similes
480 4144 586 4224 procul
609 4143 700 4208 dubia
725 4147 755 4207 in
777 4144 936 4226 Aethiopia
958 4145 1130 4208 extiterunt.

430 4242 512 4306 lllanr
534 4261 627 4325 porro
649 4245 803 4328 Liturgiae
826 4245 987 4307 communis
1011 4243 1135 4306 lormam
1151 4243 1301 4306 Oaamwm
1316 4245 1526 4323 universalem,
1550 4263 1609 4308 non
1632 4244 1709 4306 male

345 4342 589 4424 appellaverunt,
619 4346 706 4425 primi
736 4346 814 4407 illius
842 4343 1028 4426 Interpretes
1051 4363 1117 4406 cum
1140 4361 1243 4407 amnes
1266 4344 1345 4405 sacri
1367 4342 1461 4404 Olllcii
1484 4354 1586 4426 partes
1609 4345 1710 4407 conti-

344 4449 424 4520 neat,
448 4443 537 4504 etiarn
552 4446 805 4523 praeparatorius,
828 4452 858 4507 et
880 4464 922 4506 ex
944 4445 993 4506 illa
1016 4446 1078 4526 peti
1101 4444 1240 4516 debeant,
1265 4461 1342 4523 quae
1365 4441 1501 4506 omnibus
1524 4445 1589 4507 aliis
1612 4461 1709 4526 aeque

345 4541 538 4616 conveniunt,
561 4539 599 4602 de
623 4558 681 4620 qua
702 4541 893 4604 distinctione
916 4543 1026 4605 dictum
1049 4551 1096 4605 est
1118 4543 1155 4605 ad
1178 4541 1278 4604 Basilii
1292 4542 1445 4622 Copticam
1468 4542 1640 4627 liturgiam.
1662 4543 1710 4607 Ex

345 4655 380 4699 ea
411 4639 574 4721 composita
610 4647 658 4701 est
691 4640 786 4720 prima
815 4639 865 4700 illa
894 4640 1075 4722 Aethiopum
1104 4641 1253 4724 Liturgia,
1282 4648 1313 4702 ut
1343 4644 1525 4722 comparanti
1552 4652 1710 4724 utramque

344 4740 442 4800 statim
466 4745 601 4819 apparet,
625 4745 655 4800 et
678 4739 708 4798 ia
729 4738 809 4799 notis
831 4738 1015 4818 probabitur.
1047 4741 1127 4803 Talis
1139 4760 1213 4804 sane
1224 4758 1294 4803 esse
1306 4740 1419 4819 debuit,
1442 4743 1558 4804 camah
1572 4742 1710 4804 Alexan-

346 4833 431 4898 drina
461 4836 613 4911 Ecclesia,
643 4837 823 4916 praesertim
852 4846 921 4918 post
950 4837 1113 4920 benjamini
1142 4839 1332 4902 Patriarchae
1361 4848 1513 4920 tempora,
1543 4842 1709 4922 Aethiopes

346 4953 549 5016 quaecumque
571 4936 608 4998 ad
632 4933 761 4995 divinum
786 4936 898 4999 cultum
920 4937 1125 5019 pertinebant,
1157 4940 1338 5019 acceperint.
1384 4937 1468 5000 Unde
1490 4942 1516 5003 si
1539 4939 1607 5020 quid
1631 4939 1709 5003 dilli-
