4670 6046
658 601 709 677 AD
726 533 931 678 muxolin
951 597 1143 727 colliula
1167 600 1198 677 S.
1215 599 1359 676 BASlLll.
1609 597 1685 670 243

323 789 518 872 pronunciata
542 785 622 849 soret
643 784 727 846 initio
749 784 920 868 liturgiae,
944 802 1005 866 quo
1028 784 1186 866 exemplo,
1209 785 1298 846 etiam
1319 782 1426 844 Latino
1449 781 1526 861 ritu,
1551 781 1686 863 quamvis

324 886 460 972 generali
481 891 676 967 peccatorum
699 881 891 946 consessione
912 881 1008 961 facta,
1031 885 1114 947 initio
1137 883 1257 961 Missae,
1283 881 1540 963 pronunciataque
1563 879 1689 942 absolu-

324 989 423 1065 tionc,
446 983 579 1068 quotidie
602 1000 668 1047 cum
690 982 838 1045 accedunt
860 982 965 1046 fideles
989 983 1026 1045 ad
1048 981 1271 1066 percipiendam
1291 981 1527 1044 communionem
1542 980 1689 1060 repetitur

326 1087 431 1148 eadem
455 1081 622 1161 confessio,
645 1081 855 1162 absolutioque
883 1083 990 1144 iterum
1018 1082 1243 1163 pronunciatur.
1297 1080 1470 1142 Patriarcba
1499 1076 1621 1140 Gabriel
1650 1077 1688 1139 de

326 1203 361 1250 aa
383 1183 532 1266 praecipit
553 1181 632 1244 bunc
654 1181 685 1243 in
708 1179 837 1244 modum.
882 1179 1035 1244 Sacerdos
1057 1181 1136 1242 dicet
1155 1179 1380 1242 Absolutionem
1402 1180 1445 1241 ud
1465 1177 1603 1254 Putrem
1632 1196 1689 1239 ns-

323 1303 379 1364 pue
400 1282 443 1344 cd
463 1282 539 1343 boec
560 1279 671 1358 oerbc,
694 1278 824 1360 populus
847 1287 932 1342 tuus:
956 1279 1164 1341 tumincoloet
1182 1297 1303 1340 mum
1318 1297 1403 1340 suom
1418 1278 1483 1340 nelo
1505 1276 1689 1358 bombycino,

324 1381 530 1461 aspiciamque
552 1380 595 1441 ud
615 1376 822 1453 Occidentem,
844 1397 935 1439 muno
952 1379 1093 1458 populum
1115 1379 1233 1452 innuet,
1254 1379 1380 1438 sinistm
1407 1383 1547 1451 exterma,
1574 1375 1689 1437 ocrclis-

324 1499 380 1560 que
407 1479 449 1540 ud
481 1485 617 1540 sunctum
645 1495 755 1556 corpus
787 1479 956 1554 conversis,
987 1486 1127 1558 tunquam
1151 1476 1373 1556 precabamdus,
1402 1483 1431 1538 et
1454 1483 1560 1554 petens
1585 1474 1625 1535 nb
1655 1495 1691 1536 eo

327 1577 441 1658 utquid
458 1596 517 1656 pan
535 1576 657 1656 populo.
694 1576 793 1639 Autor
822 1575 972 1640 Scientiae
997 1573 1245 1638 Ecclesiasticae:
1274 1574 1427 1638 Sacerdos
1455 1577 1536 1638 dicet
1555 1573 1689 1636 Absolu-

325 1679 444 1753 donem,
465 1676 548 1756 socie
570 1676 613 1737 ud
633 1673 825 1737 Occidentem
847 1695 1006 1754 concesso,
1027 1678 1122 1755 jactu
1148 1675 1408 1737 consuetudinem:
1436 1675 1517 1756 qnod
1544 1676 1572 1735 si
1597 1672 1692 1751 fuerit

325 1775 507 1856 Episcopus,
531 1774 607 1853 tepet
628 1791 694 1834 eam
723 1777 755 1836 in
784 1775 856 1836 sede
884 1793 956 1851 suo,
983 1775 1067 1853 socie
1093 1793 1207 1855 paoprac
1235 1792 1328 1835 oersu
1355 1773 1399 1835 od
1426 1773 1631 1848 Occidentem,
1659 1779 1692 1834 ul

323 1875 465 1954 populm
487 1891 572 1934 mrum
595 1873 705 1934 excitet
725 1875 768 1936 ud
789 1874 878 1954 digne
897 1875 1122 1955 percipiendum
1148 1892 1259 1952 eorpus
1288 1881 1318 1935 et
1342 1873 1517 1953 sanquinem
1544 1878 1689 1934 sonetum.

327 1972 359 2034 ln
382 1973 439 2034 ista
462 1971 661 2035 Absolutione
684 1972 909 2051 pronuncianda
933 1972 1010 2035 idem
1033 1973 1211 2036 observatur
1226 1989 1261 2033 ac
1279 1971 1310 2032 in
1327 1973 1433 2050 prima,
1450 1989 1527 2052 quae
1546 1979 1593 2034 est
1607 1971 1690 2033 initio
1732 2017 1737 2030 .

328 2071 493 2152 liturgiae.
551 2070 637 2145 Quod
665 2089 739 2134 vero
768 2072 834 2152 ipsa
868 2090 928 2134 non
958 2072 995 2134 ad
1023 2073 1185 2156 legitimam
1212 2078 1407 2153 peccatorum
1434 2087 1489 2150 per
1515 2069 1690 2132 canonicam

326 2171 539 2253 poenitentiam
562 2169 780 2250 expiandorum
802 2171 1030 2235 Absolutionem
1052 2174 1221 2254 pertineat,
1250 2172 1277 2234 si
1300 2177 1383 2234 esset
1410 2169 1507 2250 abque
1536 2167 1688 2230 dubitandi

328 2287 417 2334 causa
441 2270 565 2348 idonea,
589 2270 688 2332 multis
710 2270 876 2333 rationibus
899 2271 1022 2351 probari
1043 2280 1157 2353 posset.
1195 2271 1269 2334 Nam
1293 2290 1333 2332 ex
1355 2287 1414 2351 quo
1438 2269 1557 2348 antiqua
1580 2268 1691 2348 poeni-

327 2369 406 2431 tendi
430 2368 480 2430 lex
502 2369 651 2430 immutata
674 2377 721 2432 est
742 2371 774 2431 in
796 2388 862 2432 eam
884 2369 1026 2445 formam,
1058 2389 1134 2451 quae
1165 2373 1194 2433 in
1216 2368 1352 2432 Ecclesia
1376 2367 1492 2430 Graeca
1514 2365 1691 2428 servabatur

328 2467 532 2550 Chrysostomi
554 2475 707 2549 tempore,
732 2480 890 2549 supererat
912 2469 1008 2532 adhuc
1031 2470 1060 2531 in
1084 2469 1253 2551 synaxibus
1276 2468 1491 2550 poenitentium
1513 2466 1617 2528 statio:
1643 2474 1691 2528 at-

328 2585 385 2648 que
407 2567 449 2630 illi
477 2573 546 2647 post
574 2584 727 2630 sacrarum
756 2569 971 2649 scripturarum
1000 2567 1176 2647 lectionem,
1211 2576 1370 2649 antequam
1400 2566 1504 2629 Canon
1533 2566 1691 2648 inciperet,

328 2665 565 2744 dimittebantur,
589 2664 666 2730 lacta
690 2685 783 2750 super
806 2685 861 2730 eos
884 2669 1032 2732 oratione.
1056 2667 1230 2730 llemoriam
1253 2667 1344 2729 moris
1369 2666 1456 2728 istius
1485 2673 1608 2728 servant
1629 2663 1693 2726 Ec-

328 2765 439 2828 clesiae
461 2764 647 2843 Orientales,
670 2767 805 2846 quamvis
828 2768 922 2846 ipsam
945 2767 1130 2850 disciplinam
1148 2766 1257 2830 dudum
1279 2765 1444 2828 obsoletam
1463 2764 1557 2827 luisse
1571 2770 1692 2826 testen-

326 2871 375 2926 tur
395 2862 534 2928 Jacobus‘
548 2863 738 2941 Edessenus,
761 2864 905 2928 Earsalibi
928 2873 958 2930 et
987 2865 1045 2932 alii.
1089 2865 1195 2950 Neque
1218 2866 1294 2928 baec
1324 2866 1420 2928 oratio
1450 2863 1609 2929 Absolutio
1633 2863 1692 2928 Sa-

328 2961 516 3026 cramentalis
539 2961 611 3042 luit,
634 2971 685 3025 aut
706 2963 784 3026 illius
807 2967 952 3028 rationem
973 2965 1094 3028 babuit:
1124 2984 1193 3029 narn
1223 2967 1256 3028 si.
1278 2965 1319 3026 ita
1347 2963 1470 3042 luisset,
1498 2966 1691 3028 Poenitentes

327 3063 358 3125 in
378 3061 516 3125 Ecclesia
538 3062 760 3142 constitissent,
784 3071 922 3145 tanquam
945 3067 1144 3128 communioni
1166 3064 1371 3138 reconciliati;
1398 3063 1453 3126 sed
1470 3070 1574 3125 contra
1594 3063 1691 3125 statim

327 3159 526 3242 pellebantur.
548 3159 651 3241 ltaque
674 3180 734 3225 non
758 3160 915 3226 dicebatur
940 3181 1035 3244 super
1064 3163 1140 3228 alios
1168 3175 1256 3245 quam
1287 3181 1380 3244 super
1409 3161 1528 3238 lideles,
1563 3161 1612 3242 qui
1637 3162 1691 3244 jus

329 3254 564 3322 communicandi
585 3259 742 3338 baberent,
766 3279 826 3343 quo
850 3261 1025 3325 exciderant
1047 3281 1108 3326 non
1131 3263 1219 3325 modo
1243 3265 1293 3344 qui
1315 3261 1445 3345 publice,
1469 3261 1523 3324 sed
1540 3262 1589 3342 qui
1602 3262 1691 3322 etiam

329 3367 449 3422 secreto
472 3359 686 3441 poenitentiam
720 3361 866 3444 agebant,
900 3367 950 3423 aut
977 3361 1018 3424 illi
1049 3363 1167 3426 tandem
1195 3364 1245 3444 qui
1275 3362 1391 3425 lethalis
1422 3361 1546 3444 alicujus
1574 3361 1692 3442 peccati

329 3458 414 3538 culpa
437 3457 625 3522 tenebantur.
670 3459 722 3522 lsti
745 3461 879 3541 quamvis
901 3477 962 3522 non
985 3461 1081 3523 ninus
1105 3479 1192 3542 quam
1214 3467 1333 3524 secreto
1356 3462 1558 3542 poenitentes,
1581 3468 1613 3522 et
1634 3461 1691 3523 sub

330 3555 452 3619 Conone
474 3557 540 3619 slve
563 3549 721 3640 ἐπιτιμίῳ
743 3558 895 3620 constituti
916 3565 1032 3622 starent
1054 3561 1083 3621 in
1106 3559 1259 3637 Ecclesia,
1283 3578 1350 3622 cum
1363 3559 1490 3642 integris
1505 3556 1691 3638 Christianis,

330 3655 508 3738 arcebantur
529 3663 627 3719 tamen
649 3659 723 3720 satis
745 3675 762 3719 s
785 3659 991 3720 communione
1012 3677 1070 3740 per
1092 3659 1337 3722 obnunciationes
1359 3657 1580 3733 Diaconorum,
1609 3661 1691 3740 peti-

330 3761 375 3818 tas
398 3773 437 3818 ex
460 3756 662 3836 antiquissima
685 3755 861 3838 disciplina:
889 3757 934 3820 Ne
960 3760 1027 3839 pods
1053 3761 1204 3839 imprimas,
1233 3779 1271 3820 ne
1299 3759 1367 3838 pais
1392 3761 1423 3819 in
1451 3760 1622 3841 hypocrisi,
1653 3759 1691 3823 de

331 3856 437 3936 quibus
460 3855 570 3918 dictum
592 3862 639 3918 cst
660 3857 808 3938 superius.
833 3855 921 3929 Quod
943 3857 969 3920 si
992 3855 1149 3938 aliquando
1179 3857 1216 3920 ad
1244 3857 1334 3919 talem
1367 3857 1547 3938 impietatem
1577 3857 1692 3939 delapsi

331 3961 399 4016 sunt
420 3953 574 4018 Jacobitae
596 3955 760 4038 Aegyptii,
782 3965 815 4019 ut
837 3955 1006 4033 Cononem,
1029 3957 1085 4020 lroc
1109 3964 1155 4020 est
1183 3955 1335 4019 laboriosa
1366 3975 1460 4038 opera
1488 3959 1692 4040 poenitentiae

330 4053 467 4133 imposita
489 4072 547 4135 per
568 4054 767 4134 sacerdotem,
791 4064 822 4119 et
843 4055 1064 4119 confessionem
1088 4063 1256 4120 accuratam
1275 4063 1478 4137 peccatorum,
1501 4057 1594 4120 omitti
1607 4058 1693 4120 sine-

330 4160 413 4232 rent,
437 4150 547 4214 lactum
570 4153 599 4216 id
622 4153 782 4217 obscoenis
805 4155 1006 4236 temporibus,
1037 4156 1288 4237 reclamatumque
1311 4173 1328 4217 a
1351 4171 1459 4237 magna
1480 4153 1559 4218 illius
1581 4155 1693 4219 Eccle-

331 4252 393 4314 siae
416 4260 502 4333 parte
525 4253 587 4328 luit,
610 4252 756 4317 adversus
777 4254 976 4338 irreligiosam
999 4255 1078 4317 illam
1100 4257 1272 4334 novitatem,
1295 4265 1327 4318 ut
1350 4255 1419 4334 alibi
1443 4254 1611 4335 expositum
1635 4265 1692 4321 est.

332 4348 415 4412 'lunc
438 4357 535 4414 autem
564 4351 667 4415 valere
696 4353 943 4416 existimaverunt
971 4356 1056 4417 istam
1086 4363 1116 4418 et
1146 4354 1219 4418 alias
1248 4354 1468 4432 absolutiones,
1499 4351 1536 4414 ad
1565 4356 1693 4418 omnium

332 4457 525 4529 peccatorum
546 4451 769 4532 remissionem,
792 4452 880 4516 modo
901 4472 937 4516 ea
956 4452 1043 4516 simul
1061 4463 1182 4518 secreto
1205 4457 1281 4518 intra
1300 4473 1334 4516 se
1353 4452 1576 4526 confiterentur,
1600 4472 1694 4535 prae-

334 4549 435 4610 sertim
458 4566 524 4611 cum
546 4550 697 4614 Diaconos
720 4553 875 4614 incensum
898 4551 1022 4616 adolens
1045 4555 1189 4616 transibat
1210 4573 1267 4636 per
1294 4553 1420 4616 mediam
1448 4552 1631 4632 Ecclesiam,
1662 4563 1695 4617 ut

334 4665 400 4709 cum
423 4647 503 4712 lumo
527 4649 677 4713 confessio
700 4649 749 4714 illa
773 4653 868 4714 innuis
892 4652 928 4714 ad
950 4653 1065 4716 caelum
1085 4652 1278 4718 ascenderet:
1302 4671 1389 4736 quarn
1403 4653 1490 4716 etiam
1503 4655 1602 4734 posito
1617 4654 1694 4717 intra
1771 4647 1773 4658 '

333 4746 466 4826 privatos
489 4749 621 4828 parietes
644 4749 794 4815 thuribulo
816 4769 965 4832 usurpare
987 4761 1164 4834 cooperunt.

420 4845 495 4908 lluic
518 4849 645 4911 orationi
668 4865 729 4911 non
751 4851 847 4913 minus
876 4868 963 4931 quam
994 4853 1106 4932 primae
1135 4853 1275 4915 inseritur
1302 4854 1544 4916 commemoratio
1573 4851 1695 4933 duplex,

335 4944 528 5023 Sanctorum,
551 4954 584 5008 ut
610 4963 668 5027 pcr
694 4965 798 5011 corum
827 4952 930 5012 merita
962 4957 992 5012 ct
1020 4969 1129 5030 preces
1155 4951 1238 5016 Deus
1268 4954 1474 5016 remissionem
1501 4960 1696 5034 peccatorum

335 5043 570 5126 supplicantibus
594 5046 754 5129 largiatur:
778 5048 1003 5129 defunctorum,
1027 5057 1059 5112 ut
1082 5050 1118 5113 ad
1148 5069 1202 5113 eos
1232 5069 1352 5134 quoque
1385 5049 1499 5116 fructus
1528 5053 1696 5117 orationum

362 5167 477 5214 Tcmust
1438 5155 1489 5230 47
