4686 6060
770 555 1306 658 nnnnrunnruo.
1636 555 1714 630 nan

345 751 432 820 oiae·
445 748 595 840 assignat
621 746 662 819 ad
688 750 848 821 terminos
874 745 1023 839 regionis
1050 745 1181 834 Asana,
1210 743 1425 840 Geograpbia
1440 743 1629 818 Nubiensis‚
1659 744 1716 816 An
1743 775 1750 787 ·

344 863 505 960 Episcopi
531 861 597 933 illic
623 860 754 955 iruerint,
782 863 945 936 affirmare
972 882 1040 934 non
1066 883 1255 957 possumus.

433 978 529 1050 'Hou
560 982 678 1071 viginti
705 1001 815 1074 pagos
843 981 1004 1052 continet:
1031 974 1091 1050 init
1115 976 1213 1072 hujus
1239 975 1320 1050 urbs
1338 973 1550 1072 Episcopalis
1578 977 1717 1070 ejusque

346 1097 564 1167 meminerunt
590 1094 763 1169 Glossaria
791 1091 1115 1192 Coptioo-Arabica.

450 1212 551 1282 Fauo
582 1222 710 1309 septem
749 1220 873 1284 tantum
908 1231 1017 1306 pagos
1051 1205 1351 1306 complectebatur:
1380 1206 1559 1299 Dendera,
1586 1211 1714 1300 viginti.

346 1323 398 1398 Ea
433 1336 486 1398 est
517 1348 603 1420 quae
638 1330 671 1397 in
704 1325 962 1398 Nomenclatore
995 1324 1134 1420 Coptico
1169 1331 1333 1423 Κεντωρι
1370 1321 1571 1420 appellatur:
1605 1321 1721 1395 babuit

349 1464 481 1538 quoque
507 1441 622 1514 sedem
642 1441 888 1538 Episcopalem.

452 1557 538 1650 Keft
562 1559 681 1648 viginti
719 1557 803 1630 dnos
829 1579 938 1653 pagos
967 1555 1234 1654 amplectebatur.
1274 1555 1360 1628 Eam
1387 1577 1465 1628 esse
1493 1553 1625 1649 Copton
1651 1579 1718 1628 an-

349 1676 471 1767 tiquam
499 1681 670 1744 ostensum
696 1683 748 1746 est
774 1675 808 1744 in
834 1673 1079 1746 Dissertatione
1105 1671 1147 1743 de
1175 1669 1333 1767 Coptitis,
1368 1681 1401 1743 et
1425 1672 1540 1764 lingua
1567 1672 1717 1769 Coptica,

347 1790 381 1859 in
409 1811 472 1884 qua
498 1787 668 1860 retulimus
697 1812 781 1884 quae
809 1789 850 1862 de
877 1813 919 1861 ea
944 1790 1028 1862 urbe
1046 1791 1186 1882 ejusque
1214 1785 1458 1882 antiquitatibus
1475 1793 1607 1885 potiora
1633 1800 1717 1862 sunt.

346 1903 396 1976 Ibi
423 1903 529 1988 adhuc
554 1915 751 2000 supererant
777 1905 953 1978 Ecclesiae
979 1915 1012 1976 et
1027 1903 1230 1976 lllonasteria
1258 1914 1323 1975 tam
1339 1907 1488 1976 virorum
1515 1929 1612 1999 qnam
1638 1929 1719 1977 mu-

345 2019 461 2092 lierum
488 2023 523 2090 in
548 2020 615 2092 bne
642 2020 760 2093 decimi
786 2025 873 2094 tertii
900 2021 1036 2108 saeculi,
1063 2044 1136 2093 cum
1165 2020 1329 2092 scriberet
1347 2016 1520 2095 Abuselab
1535 2023 1717 2109 ArmenuS,

344 2141 397 2233 qui
431 2136 540 2230 aliqua
575 2149 757 2211 enumerat.
809 2138 861 2209 Ea
894 2138 973 2210 urbs
1008 2135 1218 2234 Episcopalis
1253 2145 1342 2224 erat,
1380 2148 1479 2231 atque
1512 2141 1599 2208 inter
1630 2135 1716 2208 illius

296 2331 302 2338 ,
345 2254 520 2325 Antistites
546 2256 727 2351 praecipue
754 2262 1031 2326 commemoratur
1065 2252 1277 2340 Vincentius,
1310 2256 1403 2346 cujus
1435 2250 1597 2324 babemus
1624 2253 1717 2324 Pro-

346 2369 528 2443 lessionem
562 2369 638 2441 fidei
672 2369 850 2442 secundum
881 2368 1108 2442 lacobitarum
1134 2373 1347 2458 sententiam,
1378 2379 1414 2440 et
1443 2372 1478 2440 in
1510 2391 1551 2440 ea
1586 2370 1717 2459 insigne

348 2486 569 2558 testimoninm
603 2483 644 2557 de
679 2484 895 2558 Eucharistia.
947 2485 1108 2558 Memoria
1145 2489 1217 2578 ejus
1257 2487 1402 2556 occurrit
1436 2487 1469 2554 in
1509 2482 1717 2555 Kalendariis

351 2599 498 2696 Copticis
525 2611 625 2697 atque
651 2602 875 2698 Aethiopicis:
902 2602 1087 2699 sepulcrum
1119 2623 1225 2697 prope
1252 2600 1343 2685 Kos,
1378 2603 1411 2670 in
1445 2601 1615 2696 parietinis
1640 2597 1716 2671 Ec-

350 2714 474 2790 clesiae
500 2717 535 2790 S.
562 2719 704 2808 Mariae,
730 2727 765 2789 ut
790 2727 930 2790 testatur
954 2717 1043 2790 idem
1067 2716 1249 2790 Abuselab.

453 2833 571 2904 Abour
610 2837 751 2929 quinque
787 2843 909 2906 tantum
943 2856 1054 2930 pagos
1092 2843 1256 2905 numerat:
1311 2834 1344 2903 in
1379 2829 1551 2904 Thebaide
1584 2854 1718 2926 quoque

350 2957 550 3025 memoratur
574 2948 695 3023 alicubi
723 2953 795 3042 ejus
820 2950 1019 3047 Episcopus.

454 3067 552 3137 Aaou
578 3069 721 3161 quinque
753 3069 879 3162 pariter
904 3066 1005 3140 habet
1030 3087 1153 3162 pagos:
1186 3065 1229 3137 ad
1255 3076 1385 3161 partem
1416 3063 1483 3136 Nili
1512 3061 1719 3136 Occidenta-
1808 3143 1810 3161 Ι

352 3181 429 3268 lem,
456 3184 542 3252 inter
567 3182 741 3254 Assowan
768 3205 828 3255 seu
855 3183 1015 3277 Syenem,
1043 3192 1077 3253 et
1101 3181 1225 3255 Kusam
1260 3179 1386 3252 media:
1412 3179 1647 3274 Latonopolis,
1684 3189 1720 3252 ut

351 3321 397 3370 ex
424 3296 606 3371 Glossariis
637 3307 785 3386 constat,
816 3321 902 3393 quae
933 3321 1005 3370 eam
1032 3305 1159 3372 Λατον
1193 3296 1370 3394 appellant.
1422 3292 1629 3392 Episcopatu
1660 3300 1719 3369 in-

351 3416 456 3506 signis
482 3412 551 3484 tuit

453 3532 613 3620 clamat,
646 3540 775 3626 septem
806 3551 917 3625 pagos
950 3535 1099 3628 Epuoac
1131 3529 1277 3603 scribunt
1312 3527 1476 3626 Coptitae.
1529 3527 1720 3603 Secundum
1822 3563 1829 3578 ·
1883 3563 1890 3577 ·

350 3644 549 3719 Abulledam
591 3648 625 3716 in
659 3645 725 3718 Nili
762 3645 861 3718 litore
896 3644 1110 3734 occidentali,
1150 3649 1181 3717 in
1221 3644 1343 3718 Sabide
1374 3649 1558 3742 superiori,
1592 3645 1719 3720 duabus

352 3762 468 3835 diaetis
495 3761 537 3834 ab
563 3763 737 3835 Asowana
764 3785 825 3835 seu
851 3761 979 3860 Syene,
1007 3773 1040 3834 et
1066 3761 1203 3834 totidem
1230 3761 1359 3836 aKusa
1378 3761 1516 3836 distans:
1544 3763 1718 3834 Hermou-

341 3879 418 3950 tbia
442 3887 603 3950 veterum.
656 3879 700 3950 Et
725 3879 813 3974 quod
840 3878 1046 3951 intervallum
1073 3879 1285 3951 Ptolemaeus
1316 3879 1401 3948 inter
1434 3900 1508 3950 eam
1543 3889 1577 3950 et
1608 3878 1720 3950 Lato·
1766 3903 1772 3910 ·

349 3993 440 4088 polin
466 3997 654 4084 constituit,
679 3998 775 4068 unius
802 4017 921 4090 nempe
950 3993 1016 4066 diei
1036 3998 1116 4084 iter,
1143 3994 1230 4067 idem
1258 3998 1343 4066 inter
1361 3995 1489 4069 Asnam
1517 4002 1550 4064 et
1567 3993 1719 4083 Armant,

351 4110 598 4184 Ebu-Jouncs
626 4111 741 4183 etalii
768 4109 957 4184 Orientales
984 4119 1143 4183 statnmrt:
1169 4109 1230 4184 luit
1254 4108 1465 4206 Episcopalis
1492 4133 1533 4181 ea
1559 4107 1650 4182 urbs.
1727 4155 1731 4164 ·

453 4227 598 4298 Acontea
630 4231 664 4298 in
699 4229 864 4322 superiori
898 4249 1031 4323 quoque
1063 4226 1255 4318 Thebaide,
1288 4229 1426 4322 ejusque
1459 4224 1555 4300 limes
1592 4238 1721 4323 septem

352 4365 484 4439 quoque
509 4365 619 4438 pagos
647 4341 852 4416 continebat:
879 4349 1004 4418 Σουαν
1023 4353 1167 4416 vocatur
1193 4345 1226 4413 in
1243 4340 1424 4416 Glossariis
1443 4342 1720 4438 Coptico-Ara-

350 4459 442 4533 bicis.
495 4458 546 4532 Ea
571 4459 686 4553 Syene
711 4470 864 4532 veterum
892 4469 962 4550 est,
988 4480 1055 4530 non
1080 4459 1183 4551 longe
1203 4483 1223 4531 a
1240 4456 1426 4531 cataractis
1448 4456 1533 4548 Nili,
1562 4459 1651 4554 quod
1678 4461 1721 4531 tle

350 4578 414 4648 ista
441 4574 565 4678 Strabo
591 4585 625 4646 et
660 4574 714 4647 alii
750 4573 943 4670 Geograpbi
977 4573 1098 4646 Graeci
1132 4585 1187 4647 aut
1213 4574 1339 4661 Latini,
1375 4574 1417 4646 de
1450 4575 1505 4647 illa
1541 4575 1721 4680 Abulleda,

351 4688 546 4780 Nubiensis‚
573 4690 769 4778 Kazuirrius,
805 4692 911 4764 Persa
948 4713 1152 4788 anonymus,
1187 4703 1221 4765 et
1254 4691 1310 4764 alii
1342 4683 1481 4764 tradunt.
1534 4691 1610 4763 Fuit
1643 4694 1721 4765 olim

353 4811 450 4880 etiam
476 4806 522 4878 ibi
547 4806 760 4905 Episcopalis
787 4807 953 4882 cathedra.
1005 4809 1117 4904 Atque
1141 4806 1192 4882 bis
1219 4806 1374 4880 limitibus
1402 4816 1436 4879 et
1466 4806 1603 4881 urbibus
1632 4833 1722 4882 con-

352 4927 473 4996 tinetur
499 4932 568 4997 tota
594 4929 747 5020 superior
772 4922 975 5021 Aegyptus,
1001 4947 1062 4998 seu
1077 4923 1179 4996 Sabid
1205 4929 1239 4996 in
1260 4946 1324 5020 qua
1341 4945 1449 5019 pagos
1465 4924 1553 4996 mille
1570 4925 1720 5020 qnadra-

353 5045 444 5132 ginta
481 5051 549 5114 tres
575 5039 680 5114 luisse
705 5044 842 5131 praeter
868 5044 1036 5132 minores,
1070 5049 1210 5147 testatur
1241 5039 1430 5114 blolrrinius.
1483 5041 1520 5111 In
1552 5041 1722 5140 plerisque

1433 5155 1515 5232 to*
