4686 6060
750 539 827 616 344

748 723 901 788 Pelopiam
922 733 955 788 et
974 726 1140 790 bituaaiam
1161 727 1320 790 emitteret.
1364 728 1570 790 Protestantes
1599 745 1695 809 aeque
1724 727 1782 792 illis
1804 730 2005 808 insultabant,
2035 729 2114 812 quod

750 823 900 906 Georgius
932 824 1039 888 Douza
1078 843 1175 906 nuper
1202 824 1388 888 Alexandria
1416 827 1529 900 redux,
1561 827 1675 889 nullum
1709 827 1881 890 Gabrielem
1912 828 2114 892 Patriarcbam

748 921 986 986 Alexandrinum
1008 943 1093 1002 esse,
1124 923 1180 988 sed
1208 923 1305 987 solum
1331 923 1484 987 Heletium
1514 925 1679 1008 dejeraret:
1710 944 1799 1008 quem
1821 946 1958 991 errorem
1980 938 2113 990 secutum

747 1019 843 1084 luisse
866 1022 963 1084 virum
984 1023 1226 1102 celeberrimum,
1251 1025 1301 1103 qui
1323 1041 1380 1104 per
1400 1023 1508 1088 multos
1533 1042 1627 1087 annos
1654 1024 1692 1087 de
1719 1025 1811 1088 rebus
1835 1024 2033 1090 Orientalium
2055 1025 2114 1088 Ec-

748 1119 924 1184 clesiasticis
954 1123 1091 1186 scribere
1120 1139 1181 1184 non
1214 1124 1362 1199 cessavit,
1396 1125 1468 1185 satis
1502 1123 1602 1186 mirari
1627 1140 1688 1185 non
1717 1142 1888 1205 possumus.
1933 1123 2114 1208 ignorabant

745 1219 840 1302 igitur
861 1220 938 1284 dnos
962 1221 998 1283 ab
1022 1223 1107 1284 annis
1129 1222 1209 1284 mille
1232 1223 1374 1284 trecentis
1402 1223 1606 1287 Alexandriae
1639 1222 1734 1286 luisse
1762 1224 1970 1303 Patriarcbas,
2001 1224 2113 1287 Ortho-

747 1315 897 1382 doxorum
919 1338 1019 1398 mum,
1042 1321 1245 1384 Jacobitarum
1267 1321 1402 1384 alterum

833 1419 880 1482 De
902 1419 1026 1484 Graecis
1056 1420 1235 1484 Patriarcbis
1263 1421 1313 1482 bic
1340 1438 1401 1484 non
1430 1422 1541 1504 agitur,
1564 1423 1615 1502 qui
1629 1428 1663 1484 ut
1676 1419 1834 1486 Ecclesiae
1858 1420 1995 1485 Graecae
2018 1421 2114 1500 tidem,

745 1518 791 1580 ita
813 1525 843 1580 ct
864 1517 1051 1600 disciplinam
1073 1528 1250 1602 sequuntur,
1274 1527 1305 1582 ct
1327 1520 1656 1601 Constantinopolitano
1678 1520 1806 1602 subjecti
1828 1527 1916 1598 sunt,
1945 1539 1963 1584 a
1986 1529 2047 1602 qrto
2069 1521 2115 1582 in-

745 1617 910 1680 stituuntur
929 1618 1020 1699 pleno
1038 1619 1123 1702 jure:
1146 1619 1222 1682 adeo
1245 1627 1277 1681 ut
1300 1619 1512 1703 suffragiorum
1539 1619 1777 1700 Episcoporrun,
1807 1618 1888 1683 Cleri
1918 1629 1950 1684 et
1976 1618 2116 1682 saecula-

745 1717 822 1780 rium
843 1718 920 1780 ratio
944 1717 1024 1781 nulla
1047 1717 1202 1782 habeatur.
1249 1718 1323 1780 Cum
1353 1738 1427 1781 vero
1457 1718 1531 1782 sede
1555 1717 1886 1800 Constantinopolitano
1908 1727 2054 1796 vacante,
2078 1738 2115 1780 ex

745 1817 841 1879 veteri
865 1817 1091 1896 consuetudine,
1115 1817 1194 1880 illius
1218 1817 1500 1881 administrationem
1530 1817 1659 1880 habeant
1686 1816 1887 1880 Alexandrini
1909 1817 2113 1897 Patriarcbae,

746 1915 905 1979 abluerunt
935 1933 1028 1998 saepe
1058 1917 1141 1979 multi
1168 1936 1185 1979 a
1208 1933 1263 1980 sua
1285 1916 1442 1995 Dioeccsi‚
1471 1925 1503 1978 et
1530 1915 1568 1978 ad
1596 1916 1833 1980 Patriarcbarum
1857 1916 2115 1997 Constantinopo-

743 2015 868 2078 litanum
891 2017 990 2078 evecti
1011 2023 1092 2095 sunt,
1125 2015 1211 2079 malis
1234 2016 1447 2097 utplurimum
1470 2014 1595 2078 artibus.
1633 2017 1743 2097 'ltaque
1773 2015 1930 2096 disciplina
1959 2017 2039 2097 apud
2062 2033 2114 2080 eos

745 2113 855 2176 dudum
877 2133 987 2178 eversa
1009 2125 1072 2194 est,
1100 2115 1185 2197 cujus
1208 2115 1299 2178 multa
1322 2115 1452 2198 vestigia
1480 2115 1560 2196 apud
1591 2113 1727 2196 Coptitas
1757 2123 1937 2196 supersunt,
1960 2133 2039 2195 quae
2061 2135 2114 2180 se-

745 2215 850 2296 quenti
871 2215 1090 2278 llissertatione
1120 2231 1276 2294 exponere
1298 2215 1522 2297 aggrediemur.
1566 2215 1614 2276 Ex
1636 2215 1769 2278 Historia
1797 2232 1892 2296 porro
1921 2214 2114 2278 Patriarcbali

744 2331 844 2395 nuper
866 2313 962 2394 edita,
993 2331 1162 2398 agnoscere
1192 2315 1319 2396 quisque
1342 2315 1455 2394 poterit
1476 2313 1548 2375 nibil
1578 2313 1616 2376 ab
1646 2314 1811 2377 Autoribus
1840 2314 1891 2395 qui
1919 2314 1959 2376 de
1981 2315 2114 2377 Patriar-

744 2414 867 2476 charum
889 2413 1059 2492 electione,
1086 2411 1292 2489 ordinatione,
1321 2413 1503 2491 autoritate,
1538 2421 1569 2475 et
1591 2413 1693 2476 olllclis
1716 2414 1921 2494 scripserunt,
1953 2417 2114 2476 memoriae

743 2513 894 2594 proditum
917 2511 1023 2590 luisse,
1046 2511 1128 2593 pron
1149 2530 1212 2575 non
1234 2511 1380 2595 exemplis
1404 2511 1605 2576 confirmetur.

830 2610 1004 2692 adjecimus
1028 2610 1161 2673 Officium
1183 2610 1386 2676 ordinationis
1409 2611 1598 2675 Patriarcbae
1609 2609 1808 2674 Alexandrini
1829 2611 1936 2673 Latine
1958 2612 2114 2694 iuterpre-

743 2717 846 2787 tatam,
869 2709 909 2773 ex
932 2710 1038 2773 codice
1060 2711 1257 2792 Seguieriano
1281 2709 1571 2793 Coptica-Arabico,
1594 2713 1664 2792 quia
1685 2710 1788 2774 similis
1804 2709 1898 2774 Obicii
1920 2709 2019 2774 forma
2034 2712 2114 2776 nulla

745 2826 876 2892 tunquam
899 2809 979 2872 edita
1001 2816 1062 2872 est:
1085 2827 1185 2890 neque
1208 2810 1286 2872 enim
1308 2812 1339 2874 in
1360 2810 1537 2890 imperfecto
1558 2809 1610 2872 illo
1633 2809 1743 2873 Hituali
1762 2808 2001 2889 Ordinationum,
2026 2828 2113 2892 quem

743 2927 783 2972 ex
805 2908 974 2990 Symmictis
996 2907 1115 2988 allatii,
1143 2910 1175 2970 ln
1203 2926 1280 2990 opus
1310 2927 1396 2972 suum
1423 2909 1574 2973 transtulit
1596 2910 1650 2972 Vir
1673 2908 1862 2972 Clarissimus
1886 2906 2020 2972 Joannes
2042 2909 2113 2973 Ho-

742 3010 844 3088 rinus,
867 3008 904 3070 de
933 3006 1105 3070 Patriarcha
1135 3007 1302 3072 ordinando
1333 3010 1493 3092 quidquam
1523 3009 1711 3072 occurrebat.
1755 3006 1853 3072 Habet
1882 3015 1982 3070 autem
2004 3009 2113 3090 singu-

743 3106 819 3170 laria
841 3107 930 3169 multa
954 3107 1029 3170 baec
1052 3106 1218 3185 Ordinatio,
1241 3109 1271 3171 in
1294 3109 1402 3190 quibus
1425 3109 1462 3171 ab
1485 3109 1658 3190 Episcopali
1679 3107 1790 3187 dillert,
1812 3126 1873 3170 non
1896 3115 1994 3169 nmen
2025 3108 2055 3169 in
2078 3107 2111 3170 iis

689 3265 699 3281 ,
743 3226 821 3289 quae
850 3207 889 3271 ad
910 3208 1094 3271 Sacramenti
1111 3195 1226 3272 ariciae
1243 3210 1396 3289 pertinere
1425 3217 1567 3288 possunt;
1603 3207 1659 3271 sed
1687 3209 1718 3270 in
1753 3207 1960 3270 caeremoniis.
2004 3205 2111 3287 Neque

741 3310 820 3371 enim
842 3316 874 3371 ut
904 3307 1151 3370 Nestorianorum
1181 3308 1369 3370 consuetudo
1399 3306 1508 3369 dudum
1532 3307 1603 3387 luit,
1634 3307 1707 3390 eligi
1742 3307 1772 3368 in
1794 3306 1998 3370 Patriarcbam
2021 3306 2110 3384 solet,

741 3411 793 3490 qui
811 3409 873 3490 jam
896 3408 984 3470 alteri
1005 3406 1161 3470 Ecclesiae
1184 3425 1241 3488 per
1262 3406 1494 3488 praecedentem
1515 3405 1741 3469 Ordinationem
1755 3403 1895 3488 alligatus
1917 3402 2020 3480 luerit,
2043 3423 2111 3468 cum

740 3507 840 3572 nullus
871 3507 950 3590 apud
977 3506 1128 3588 Coptitas,
1159 3525 1176 3569 a
1205 3507 1345 3570 Dioscuri
1373 3514 1510 3588 ternpore
1538 3505 1725 3587 Episcopus,
1756 3504 1794 3567 ad
1824 3503 1904 3566 illam
1934 3503 2110 3586 dignitatem

741 3615 911 3689 assumptus
941 3605 1039 3670 luerit.
1085 3605 1145 3670 Sed
1173 3623 1273 3687 neque
1302 3603 1411 3668 Graeci
1438 3606 1507 3687 ipsi,
1538 3623 1556 3668 a
1585 3605 1693 3686 qulbus
1721 3603 1778 3668 bac
1808 3605 1839 3666 in
1860 3611 1947 3685 parte
1971 3602 2110 3668 Canones

741 3708 854 3788 critiqui
875 3704 978 3770 violati
1002 3713 1081 3782 sunt,
1105 3712 1135 3767 et
1156 3705 1236 3767 inter
1258 3723 1335 3786 quos
1358 3703 1618 3786 frequentissimae
1641 3713 1711 3767 sunt
1736 3703 1957 3784 Episcoporurn
1979 3702 2110 3764 transla-

740 3809 856 3885 tiones,
878 3825 986 3870 novam
1014 3804 1239 3868 Ordinationem
1261 3803 1424 3883 celebrant,
1448 3803 1503 3868 sed
1524 3803 1622 3867 solum
1641 3790 1878 3888 Ἐνθρονισμόν.
1897 3801 1930 3862 ln
1953 3803 2012 3864 isto
2035 3816 2109 3863 vero

741 3905 926 3988 Coptitarum
956 3904 1061 3968 Obicio
1092 3902 1297 3967 Ordinationis
1325 3902 1416 3966 multa
1451 3910 1615 3966 occurrunt
1647 3901 1821 3983 disciplinae
1851 3900 2002 3983 vestigia,
2033 3918 2108 3981 quae

741 4005 885 4085 Graecas,
909 4005 1002 4087 Syras
1025 4012 1056 4068 et
1077 4002 1198 4067 Latinas
1222 4003 1388 4082 illustrant,
1419 4010 1451 4065 ut
1474 4004 1563 4084 periti
1590 4002 1739 4065 Lectores
1763 4001 1835 4065 satis
1859 3999 2106 4079 animadvertent,

740 4104 830 4169 ruodo
853 4103 1104 4168 Commentarium
1125 4102 1249 4166 loannis
1272 4103 1391 4181 blorini,
1414 4111 1446 4166 et
1468 4101 1591 4164 Habenti
1612 4101 1783 4166 Pontilicale
1806 4099 1994 4162 Graecorum
2016 4100 2104 4181 lege-

740 4207 809 4268 rint.
853 4204 899 4267 llli
927 4205 1005 4268 enim
1034 4221 1109 4286 prae
1133 4203 1263 4265 caeteris
1293 4221 1447 4266 sacrarum
1476 4201 1701 4266 Ordinationum
1734 4199 1918 4278 doctrinam,
1956 4200 2103 4280 simulque

741 4309 870 4372 omnium
892 4307 1081 4370 saeculorum
1104 4305 1299 4386 disciplinam,
1329 4313 1389 4368 tom
1411 4313 1552 4368 accurate
1574 4307 1797 4378 tractaverunt,
1827 4307 1860 4362 ut
1881 4300 1908 4361 si
1939 4316 2018 4380 quae
2049 4298 2104 4361 ad-

739 4427 848 4472 versus
872 4405 1042 4471 Orientales
1065 4405 1278 4469 Ordinationes
1301 4408 1432 4487 suspicio
1456 4408 1528 4469 viris
1557 4408 1586 4468 in
1616 4403 1790 4484 antiquitate
1813 4399 2027 4464 Ecclesiastica
2049 4416 2106 4480 pa-

738 4529 805 4573 rum
827 4508 955 4572 versatis
977 4506 1086 4588 injecta
1108 4503 1223 4582 lauerat,
1247 4523 1312 4568 eam
1340 4508 1458 4588 penitus
1482 4505 1690 4568 discusserint.
1718 4501 1811 4566 Notas
1834 4499 2026 4563 necessarias
2050 4493 2104 4560 sed

738 4610 849 4673 breves
872 4606 1046 4688 adjecimus,
1069 4606 1138 4687 quia
1161 4604 1198 4668 de
1221 4607 1315 4668 sacris
1339 4605 1594 4684 Ordinationibus,
1632 4604 1658 4666 si
1687 4603 1768 4664 Deus
1790 4602 1881 4662 vitam
1905 4596 2100 4674 concesserit,

740 4708 990 4772 Commentariun
1008 4706 1152 4778 dabimus,
1174 4705 1205 4766 in
1227 4723 1287 4786 quo
1311 4707 1410 4769 omnia
1433 4722 1510 4787 quae
1533 4704 1571 4767 ad
1593 4701 1776 4784 disciplinam
1801 4699 2005 4776 Orientalium,
2028 4699 2105 4760 circa

739 4807 805 4872 illas
828 4809 989 4889 pertinent,
1007 4805 1108 4870 'iusim
1131 4813 1331 4888 exponentur.

1169 5012 1685 5060 ψ..
