4760 6038
374 595 693 672 annuuntiabant
710 593 961 672 OlilEllTAllllll
979 594 1127 674 OblGlllE
1139 598 1187 674 ΕΤ
1203 597 1452 676 turonibus.
1521 595 1632 673 LXXI

368 781 495 855 Verum
527 781 774 878 qualiscumque
808 779 939 854 tandem
978 784 1095 854 rituum
1129 782 1343 856 Orientalium
1387 787 1485 879 origo
1518 786 1631 882 fuerit,
1644 801 1949 863 continuationem

268 921 354 996 quaa
379 899 591 992 singulariter
615 900 649 968 in
674 899 763 972 notis
789 896 832 969 ad
857 896 1023 990 Liturgias
1050 898 1279 994 expendetur,
1307 923 1379 972 curn
1400 923 1480 976 usus
1500 902 1628 981 illorum
1642 898 1750 954 ΜΝ)
1763 890 1950 990 ‘'⁰⁸“{l5u‘

268 1026 377 1088 oertus
405 1017 467 1106 sit,
493 1013 615 1088 bustra
648 1016 859 1109 impugnatur
890 1033 1004 1086 eornm
1036 1016 1210 1109 antiquitas
1244 1024 1278 1086 et
1309 1018 1501 1106 sinceritas,
1536 981 1785 1114 quasiurmmm
1802 984 1941 1045 'nulum'

167 1139 173 1158 '
269 1134 416 1228 prinitus
449 1121 612 1226 usurpau'
625 1151 695 1202 non
721 1129 858 1202 fuerint:
893 1131 957 1202 nisi
982 1128 1111 1203 idoneis
1144 1129 1392 1225 probationibus
1427 1133 1630 1226 designatur,

267 1245 397 1343 quando
424 1255 623 1319 vetustatem
649 1247 780 1320 novitas
808 1243 1001 1318 aboleverit
1028 1244 1110 1318 Illud
1136 1248 1165 1318 si
1202 1244 1509 1322 aProtestantibus
1542 1271 1629 1346 pro-

268 1362 338 1436 bari
363 1385 467 1458 posse
493 1361 651 1436 audacter
675 1383 856 1454 negamus,
882 1358 961 1430 nibil
986 1362 1118 1432 nimium
1145 1360 1291 1434 dicimus.

317 1481 450 1554 Rituum
476 1463 600 1576 porro,
626 1477 668 1549 de
694 1477 812 1572 quibus
838 1476 1001 1572 loquimur
1036 1475 1160 1572 duplex
1194 1498 1301 1569 genus
1334 1489 1399 1551 est:
1436 1489 1510 1552 sumt
1544 1481 1738 1552 enimtorun
1754 1489 1847 1560 duplex
1860 1508 1949 1560 genua.

267 1595 396 1692 quidam
423 1595 574 1668 omnibus
609 1593 767 1686 Litnrgiis
798 1596 845 1666 ita
881 1613 1091 1682 communes,
1126 1592 1282 1665 utnulla
1313 1592 1376 1666 illis
1409 1605 1540 1684 careat;
1575 1596 1631 1666 alii

267 1711 446 1788 secundum
462 1709 689 1784 Ecclesiamm
715 1709 867 1784 diversas
895 1707 1170 1799 eonsuetudines,
1196 1711 1343 1782 variosa
1360 1708 1491 1783 babent
1529 1710 1632 1782 Primi

268 1832 401 1922 generis
428 1835 503 1900 sunt
529 1848 755 1923 quaecumque
782 1825 825 1898 ad
850 1828 1140 1921 praeparationem
1157 1829 1309 1920 corporis
1326 1835 1360 1897 at
1375 1829 1505 1899 anbnae
1522 1850 1631 1923 prac-

269 1946 455 2019 soribuntur
479 1946 515 2015 in
540 1945 643 2015 variis
668 1941 872 2030 Ritualibus,
898 1949 965 2012 tum
992 1963 1077 2036 quae
1105 1940 1148 2014 ad
1163 1941 1402 2014 elementorum
1420 1965 1631 2016 consecran-

269 2059 382 2133 dorum
410 2081 539 2148 curam,
565 2067 599 2130 et
625 2059 781 2130 decorem
815 2056 931 2130 domus
958 2057 1032 2128 Dei.
1086 2055 1170 2130 (lum
1205 2067 1312 2129 autem
1347 2060 1382 2129 in
1416 2057 1541 2153 aliquot
1573 2059 1631 2132 di-

268 2177 425 2272 sciplinae
448 2173 709 2247 Ecclesiasticus
735 2173 897 2269 capitibus
915 2193 1075 2246 successu
1091 2183 1276 2269 temporum
1293 2172 1455 2269 quaedam
1471 2177 1631 2250 innovata

267 2291 403 2382 lberint,
429 2295 545 2364 mirum
572 2313 649 2364 esse
673 2293 795 2362 nemini
822 2287 939 2380 debet,
965 2289 1054 2362 illam
1078 2292 1112 2360 in
1138 2292 1242 2362 variis
1276 2289 1446 2363 codicibus
1482 2288 1524 2363 ad
1555 2313 1631 2366 eam

268 2431 351 2504 quae
377 2407 537 2500 vigebat,
574 2405 704 2501 quando
738 2409 851 2502 scripti
876 2404 1026 2495 iuenmt,
1052 2404 1335 2478 accommodatam
1353 2403 1468 2480 fuisse.
1520 2407 1569 2480 Ita
1596 2412 1631 2482 in

268 2522 406 2597 Graecis
432 2544 540 2619 prope
567 2521 718 2595 omnibns
744 2530 957 2619 praeceptum
982 2524 1186 2617 reperimus,
1211 2529 1248 2592 ut
1273 2521 1433 2596 sacerdos
1455 2530 1630 2618 autequam

266 2639 307 2712 ad
339 2637 575 2711 celebrandam
605 2635 789 2730 Liturgiam
831 2636 986 2728 accedat,
1023 2646 1164 2733 peccata
1202 2659 1262 2710 sua
1299 2637 1473 2712 confessus
1512 2638 1630 2713 fuerit:

268 2754 355 2850 quod
382 2776 464 2828 sane
490 2757 525 2825 in
550 2756 783 2848 antiquissimis
799 2757 981 2850 primorum
998 2752 1208 2826 saeculorum
1226 2751 1318 2828 libris
1338 2776 1406 2827 nou
1426 2766 1630 2848 occurrerat,

267 2875 295 2946 si
319 2870 395 2944 illos
422 2869 628 2943 haberemus.
681 2867 799 2964 Neque
826 2873 911 2942 eninr
937 2867 1067 2942 ferebat
1093 2879 1190 2942 vetus
1218 2869 1407 2966 disciplina,
1438 2883 1474 2944 ut
1508 2893 1631 2945 sacer-

266 2985 327 3061 dos
353 2989 485 3082 pecoati
512 2985 649 3076 alicujus
676 2983 804 3058 lethalis
832 2986 895 3058 sibi
913 2989 1087 3076 conscius,
1115 2985 1157 3058 ad
1171 2985 1275 3059 altare
1293 2987 1480 3078 accederet,
1508 3011 1630 3084 quam

267 3107 318 3177 vis
344 3101 423 3175 illud
450 3103 617 3178 sacerdoti
643 3101 817 3176 oordessus
844 3101 973 3178 brisset
1026 3101 1151 3175 Verum
1177 3125 1222 3174 ex
1250 3125 1314 3199 quo
1336 3115 1459 3177 mutata
1475 3116 1527 3178 ast
1546 3108 1631 3177 inter

266 3217 415 3292 Graecos
448 3217 690 3314 poenitentialis
726 3217 914 3314 disciplina,
947 3230 981 3290 et
1014 3241 1129 3292 eorum
1167 3223 1267 3292 etiam
1297 3231 1509 3315 peccatorum
1544 3241 1630 3316 quaa

266 3340 371 3408 minus
398 3337 518 3427 gravia
545 3345 636 3425 sunt,
664 3333 832 3408 confessio
859 3333 930 3406 lieri
953 3339 1083 3431 coepit,
1109 3334 1189 3408 illud
1204 3359 1336 3432 quoque
1348 3341 1491 3411 monitos
1508 3359 1630 3410 sacer-

268 3451 361 3526 dotes
387 3449 584 3540 voluerunt,
610 3460 645 3522 ut
670 3474 710 3524 se
736 3449 950 3525 confessione
978 3459 1169 3548 purgarent.
1222 3452 1270 3523 Ita
1297 3451 1385 3547 apud
1406 3451 1570 3549 Coptitas,
1597 3460 1632 3524 at

267 3589 383 3640 omnes
408 3588 516 3663 propa
544 3565 749 3640 Christianos
784 3567 971 3641 Orientales
1003 3565 1044 3640 ab
1079 3568 1203 3662 aliquot
1235 3567 1378 3642 saeculis
1410 3568 1629 3642 observatnr:

267 3688 327 3757 atsi
362 3686 396 3755 in
430 3681 610 3756 (lodicibus
643 3682 822 3775 Litangicis
856 3683 935 3755 nihil
967 3683 1033 3754 tale
1064 3682 1329 3778 praescribatur,
1365 3687 1441 3779 quia
1476 3683 1630 3758 Graecae

267 3799 404 3871 similem
437 3821 457 3870 a
491 3797 600 3871 multis
632 3797 775 3873 saeculis
808 3798 1074 3895 poenitentialem
1115 3798 1319 3893 disciplinam
1362 3811 1560 3894 sequuntur,
1595 3809 1631 3873 ut

266 3912 343 3986 abbi
368 3912 474 3988 insius
503 3937 720 4013 exponemus.
772 3914 958 3989 Discrimen
984 3918 1083 4008 igitur
1115 3915 1193 3988 illud
1219 3913 1336 3988 nullm
1368 3920 1526 3988 momenti
1560 3926 1628 3992 ost:

268 4049 341 4102 narn
377 4030 466 4125 quod
497 4034 530 4102 in
566 4031 761 4128 quibusdam
791 4030 972 4106 Codioibus
1005 4031 1139 4105 mbrica
1178 4053 1245 4104 non
1278 4034 1450 4129 exprimit,
1489 4031 1629 4106 babetur

268 4145 409 4218 aliunde.

368 4260 448 4334 Pari
473 4265 603 4336 ratione
629 4275 807 4338 occurrunt
833 4264 1009 4361 aliquando
1035 4265 1107 4357 illa,
1141 4289 1227 4362 quaa
1253 4276 1404 4363 spectant
1436 4288 1626 4364 praepara·
1654 4280 1727 4334 ιιιιιιι
1735 4297 1806 4336 mara
1814 4299 1948 4338 coerano·
2062 4346 2067 4362 Ι

267 4382 390 4452 tionem
424 4379 581 4453 Oblatas:
614 4381 806 4477 plemmque
839 4390 948 4453 tamen
980 4380 1065 4454 baec
1099 4383 1339 4474 omunittumtm,
1379 4393 1560 4478 extantque
1593 4366 1730 4455 in¹¹¹⁸¹⁰⁵·

268 4493 359 4568 libris
385 4494 625 4588 singularibus:
666 4496 771 4592 qualis
807 4508 860 4570 est
892 4496 979 4593 apud
1012 4495 1123 4594 Syros
1162 4498 1338 4573 Tractatus
1371 4502 1425 4595 qui
1459 4499 1626 4596 Dionysio

268 4609 431 4686 barsalibi
463 4611 631 4703 tribadum,
663 4625 869 4710 vocatumque
896 4615 1014 4685 Conon
1039 4614 1289 4687 mammam.
1339 4615 1389 4687 lta
1424 4638 1509 4711 quae
1545 4618 1628 4688 atti-

268 4736 345 4798 nent
371 4726 414 4798 ad
440 4737 591 4800 ornatum
618 4727 880 4822 sacerdotalem,
906 4729 1205 4825 Diaconicumque,
1237 4739 1293 4802 aut
1323 4729 1565 4822 Pontificalem,
1598 4734 1628 4806 si
1701 4745 1703 4748 ’

268 4837 454 4939 Episcopus
480 4843 661 4938 Liturgiam
688 4845 854 4937 celebret,
879 4849 941 4920 vix
967 4854 1162 4936 occurrunt,
1196 4857 1329 4943 practer
1355 4870 1452 4942 quam
1478 4850 1512 4919 in
1551 4847 1628 4922 Co-

269 4957 395 5033 dicibus
423 4963 479 5055 qui
504 4963 667 5054 integrum
694 4965 862 5036 continent
888 4965 1172 5036 caeremoniarum
1205 4972 1412 5059 apparatum:
1447 4972 1482 5036 ut
1515 4963 1627 5062 depo-

268 5075 341 5147 sitio
370 5075 512 5150 Oblatas
537 5087 572 5150 ot
597 5079 710 5154 calicis
735 5083 769 5153 in
794 5078 966 5170 Prothesi,
993 5088 1048 5152 aut
1064 5083 1257 5172 secretario,
1279 5091 1453 5177 antequam
1466 5082 1508 5155 ad
1523 5081 1628 5157 altare
