4686 6060
727 596 805 671 418
1107 599 1183 674 DE
1234 597 1705 678 PATRIARCHA

723 786 854 856 ritatem
879 784 964 858 haec
990 784 1195 859 consuetudo
1222 807 1377 878 magnam
1403 784 1504 859 habet
1529 809 1575 858 ex
1603 783 1794 860 Canonibna
1821 785 1979 860 Nicaenis
1995 790 2090 862 Ara-

583 960 586 965 .
723 902 826 994 blois,
853 904 886 974 in
913 900 1030 998 quibus
1056 904 1241 997 perscripta
1268 912 1331 975 est.
1382 901 1501 996 Neque
1526 901 1687 994 indigena
1713 901 1797 976 ullus
1816 905 2006 996 assumitur,
2033 907 2091 980 sed

722 1018 885 1114 Aegyptii
911 1021 1096 1107 mittuntur,
1123 1028 1159 1090 nt
1184 1040 1230 1090 ex
1256 1017 1365 1090 multis
1392 1016 1554 1112 exemplis
1582 1015 1768 1091 ohservare
1784 1018 1871 1090 licet.
1923 1019 1985 1092 tus
2007 1022 2092 1094 istud

723 1133 787 1205 huc
813 1155 919 1230 usqne
944 1132 1163 1206 Alexandrini
1189 1132 1402 1206 Patriarchao
1428 1137 1463 1204 in
1481 1132 1692 1229 Aethiopiam
1719 1145 1900 1225 exercent,
1926 1159 2092 1232 nunquam

724 1252 907 1346 interrupta
935 1250 1189 1340 consuetudine,
1216 1253 1280 1322 nisi
1306 1253 1471 1346 superiori
1498 1248 1651 1340 saeculo,
1678 1271 1751 1323 cum
1767 1248 1877 1324 Roma
1904 1277 1923 1325 n
1951 1253 2091 1348 quihus-

726 1365 801 1438 dam
826 1365 977 1458 Regibus
1009 1366 1211 1440 concordiae
1245 1366 1478 1462 procurandae
1507 1365 1677 1452 studiosis,
1713 1369 1841 1463 accepti
1875 1379 1950 1441 sunt
1983 1368 2092 1443 Latini

723 1481 956 1572 Patriarchae,
983 1481 1044 1555 sed
1069 1481 1193 1555 infelici
1218 1482 1318 1578 plane
1344 1503 1520 1555 successu:
1547 1490 1583 1553 ut
1606 1480 1711 1553 insius
1737 1485 1771 1552 in
1797 1482 1945 1556 Historia
1971 1485 2092 1560 Balta-

725 1600 811 1670 saris
838 1597 994 1688 Tellozii,
1021 1601 1136 1694 etqui
1163 1601 1272 1670 omnia
1299 1596 1342 1670 ab
1370 1620 1412 1670 eo
1439 1600 1579 1693 accepit,
1604 1595 1684 1670 lobi
1710 1595 1839 1670 Ludolfi
1864 1598 2004 1695 ahisque
2028 1624 2092 1676 re-

725 1715 926 1786 centioribus
970 1713 1138 1787 autoribus
1176 1714 1246 1806 legi
1280 1723 1399 1809 potest.
1452 1713 1547 1785 Mitto
1585 1712 1749 1786 loannem
1782 1713 1998 1806 Bermndem,
2027 1723 2091 1814 qni,

725 1832 788 1900 etsi
822 1830 1000 1923 indigena,
1033 1850 1101 1901 non
1136 1833 1244 1922 magis
1278 1838 1390 1901 tamen
1426 1853 1446 1902 a
1480 1828 1647 1925 plerisque
1680 1827 1903 1926 Aethiopibus
1936 1843 2092 1927 receptus

724 1955 796 2035 est,
823 1968 921 2039 qnam
948 1948 1042 2020 missi
1068 1969 1114 2017 ex
1140 1945 1311 2017 societate
1337 1945 1419 2018 Jesu
1445 1955 1535 2035 tres,
1570 1944 1698 2017 Nonius
1730 1944 1904 2036 Barretna,
1934 1948 2091 2023 Andreas

725 2059 891 2152 omerus,
928 2072 963 2134 et
1005 2084 1185 2135 successor
1222 2065 1303 2157 ipsis
1344 2062 1537 2154 designatus
1577 2059 1803 2157 Appollinaris
1846 2061 1888 2133 de
1927 2063 2091 2138 Almeida.

725 2176 822 2263 Quae
848 2201 951 2274 porro
979 2181 1150 2251 successio
1176 2200 1292 2250 eorum
1318 2176 1586 2250 Patriarcharum
1611 2177 1711 2250 fuerit
1736 2185 1770 2247 et
1795 2175 1872 2270 quid
1900 2177 1941 2250 de
1968 2185 2092 2272 singu-

722 2290 831 2365 lomm
869 2298 1029 2368 missione
1064 2304 1098 2367 et
1139 2292 1354 2366 Ordinatione
1388 2292 1537 2366 Historia
1571 2292 1801 2365 Alexandrina
1840 2296 2092 2390 complectatur,

722 2419 857 2504 praeter
883 2410 982 2483 multa
1010 2413 1155 2505 quaein
1182 2413 1255 2502 ejus
1282 2413 1370 2482 serie
1397 2432 1416 2481 a
1442 2408 1540 2482 nobis
1574 2408 1661 2482 dicta
1696 2421 1786 2498 sunt,
1823 2409 1950 2482 dicetur
1982 2433 2093 2483 accu-

641 2575 644 2584 ,
722 2528 840 2616 ratius,
866 2530 900 2599 in
925 2529 1169 2601 Dissertatione
1195 2527 1237 2599 de
1262 2526 1417 2600 Ecclesia
1443 2523 1651 2621 Aethiopica.
1769 2587 1776 2598 ,

416 2636 555 2707 Aethiopes
567 2655 600 2690 ne
612 2640 710 2708 eligere

400 2725 503 2793 quidem
517 2733 623 2793 possunt
637 2742 710 2778 suum

398 2807 594 2878 Metropolitum.

729 2691 732 2699 v
829 2643 944 2717 cviii.
997 2644 1119 2716 Paucis
1146 2641 1333 2716 observare
1360 2642 1476 2714 sufficit
1503 2664 1633 2714 omnem
1653 2663 1792 2736 prorsus
1818 2640 2091 2714 Ecclesiasticam

723 2763 934 2833 autoritatem
968 2759 1010 2832 ab
1044 2763 1139 2832 annis
1173 2759 1312 2856 amplius
1346 2757 1455 2849 mille,
1487 2761 1532 2830 ita
1565 2761 1599 2829 in
1630 2756 1861 2830 Alexandrino
1896 2757 2092 2828 Potriarchn

721 2875 947 2950 Jacobitarum
974 2899 1056 2970 erga
1080 2873 1265 2971 Aethiopes
1290 2875 1415 2965 trisse,
1443 2884 1571 2946 utnon
1597 2873 1697 2947 modo
1724 2873 2003 2964 ordinandorum,
2030 2873 2092 2946 sed

720 3013 785 3064 nec
811 2991 1040 3084 eligendorum
1065 2991 1350 3088 Metropohtarum
1377 3013 1511 3065 suornm
1538 2988 1730 3062 facultatem
1754 2989 1924 3063 haberent.
1965 2988 2091 3060 Verum

722 3111 992 3204 quotiescumque
1019 3109 1064 3181 illi
1091 3110 1177 3181 diem
1211 3131 1306 3182 sunm
1339 3107 1512 3197 obierant,
1542 3104 1754 3179 mittebantur
1788 3105 1830 3176 ad
1863 3104 2091 3178 Patriarcham

719 3224 982 3298 Alexandrinum
1007 3225 1125 3299 literae
1151 3226 1258 3318 Regis
1284 3226 1463 3297 Primatum
1482 3225 1588 3316 regni,
1616 3220 1734 3318 quibus
1762 3222 1804 3293 de
1830 3224 2010 3294 vacatione
2026 3244 2090 3294 se-

721 3341 771 3412 dis
798 3345 976 3415 certiorem
1003 3365 1079 3414 enm
1104 3340 1283 3430 faciebant,
1309 3340 1541 3439 rogabantque
1568 3342 1664 3416 simul
1694 3351 1731 3415 ut
1760 3364 1884 3414 novum
1920 3340 1984 3414 sibi
2010 3344 2090 3416 An·-

719 3461 853 3531 tistitem
880 3461 1058 3533 ordinaret.
1111 3458 1297 3532 Voluerunt
1323 3457 1499 3554 aliqnando
1533 3457 1720 3556 Aethiopes
1755 3480 1882 3551 cogere
1908 3457 2090 3554 Metropo-

718 3572 809 3648 litam
836 3599 943 3668 anum,
970 3575 1129 3651 Gabriele
1159 3576 1197 3647 F.
1233 3575 1355 3648 Tarich
1389 3575 1652 3648 Alexandrinam
1684 3573 1872 3648 Ecclesiam
1906 3574 2089 3666 obtinente,

718 3701 754 3763 ut
779 3691 892 3788 plures
919 3695 1065 3788 septenis
1091 3691 1281 3788 Episcopos
1309 3691 1497 3782 ordinaret,
1529 3692 1617 3788 quod
1649 3690 1704 3763 ille
1731 3693 1998 3765 constantissime
2024 3713 2089 3764 re-

719 3811 865 3881 cusavit:
898 3812 974 3904 quia
1008 3807 1128 3882 fnisset
1158 3807 1193 3880 id
1224 3817 1358 3902 praeter
1393 3831 1519 3880 morem
1553 3818 1587 3881 et
1617 3812 1784 3903 antiquam
1817 3807 1945 3899 legem,
1980 3829 2025 3879 ne
2058 3812 2087 3881 si

718 3922 892 3996 duodecim
918 3924 1108 4021 Episcopos
1134 3923 1302 4013 baberent,
1331 3935 1410 4019 quot
1436 3923 1623 3998 Orientales
1639 3927 1762 4019 requiri
1789 3933 1927 3995 censent
1953 3921 1997 3995 ad
2024 3945 2087 3995 or-

720 4037 894 4113 dinandum
921 4041 1158 4129 Patriaroham,
1185 4038 1380 4134 subjectioni
1406 4041 1658 4116 Alexandrinae
1693 4040 1850 4114 sedisse
1885 4041 2086 4128 eximerent,

720 4166 754 4227 et
780 4159 949 4253 proprium
977 4155 1040 4230 sibi
1064 4158 1255 4229 Antistitem
1283 4167 1435 4229 crearent
1461 4168 1559 4253 atque
1587 4157 1788 4230 ordinarent.
1833 4155 1946 4251 Atque
1973 4177 2020 4227 ex
2045 4177 2086 4228 ea

718 4271 856 4368 historia
881 4274 1074 4366 intelligitur
1105 4271 1327 4368 Metropolitis
1359 4273 1559 4370 Aethiopiae
1586 4277 1642 4367 jus
1675 4274 1825 4346 relictum
1856 4271 1961 4345 tuisse
1988 4272 2086 4347 ordi-

718 4389 819 4462 nandi
844 4387 1044 4486 llpiscopos,
1070 4389 1170 4462 modo
1197 4392 1421 4485 septenarium
1446 4389 1536 4463 illum
1566 4411 1736 4462 nnmerum
1770 4411 1837 4464 non
1870 4388 2086 4477 excederent,

717 4491 785 4579 non
810 4527 896 4578 vero
922 4504 998 4578 illos
1019 4503 1226 4577 Alexandria
1253 4509 1426 4600 accepisse
1448 4510 1518 4600 jam
1546 4505 1729 4596 ordinatos,
1756 4508 1841 4580 sicut
1867 4527 1952 4597 erga
1969 4503 2085 4577 Nubas

716 4621 841 4694 factum
866 4620 972 4694 fuisse
997 4621 1178 4694 verisimile
1204 4631 1266 4696 est.
1317 4621 1404 4694 Mira
1430 4643 1514 4694 sane
1539 4621 1745 4696 consuetudo
1778 4622 1862 4696 haec
1886 4619 1967 4710 fuit,
1994 4620 2084 4693 mul-

717 4742 827 4834 tisque
852 4736 1070 4811 incommodis
1096 4735 1257 4828 obnoxia,
1283 4737 1344 4812 sed
1370 4761 1456 4834 qnae
1482 4749 1591 4811 tamen
1617 4739 1681 4811 huc
1707 4760 1813 4835 usquo
1837 4740 2084 4834 perseveravit,

718 4866 818 4950 atque
842 4855 1028 4952 Aethiopas
1062 4857 1097 4926 in
1127 4851 1312 4926 lacohitica
1343 4853 1475 4926 haeresi
1508 4859 1649 4927 retinuit
1701 4855 1773 4930 Eos
1805 4865 1915 4928 antem
1948 4854 2083 4927 Metro-

718 4972 839 5070 politas
874 4974 928 5067 qui
964 4969 1006 5044 ab
1040 4973 1202 5066 Aegqpto
1237 4968 1465 5060 mittebantur,
1504 4980 1639 5066 praeter
1680 4974 1807 5046 itineris
1845 4969 2082 5064 longitudinem

718 5090 814 5180 (nam
837 5088 963 5162 biennii
986 5085 1059 5164 fere
1090 5089 1232 5183 spatium
1259 5082 1435 5180 effluebat,
1466 5097 1642 5184 antequam
1667 5111 1777 5163 novus
1808 5087 2021 5184 Metropolita
2050 5090 2084 5158 in
