4684 6042
726 547 937 626 OllthOllllS
963 551 1012 626 ΕΤ
1037 548 1343 630 BENEDICTIONES.

574 840 891 960 (tullionis
922 842 991 960 ut
1022 842 1478 964 BENEDICTIONES

336 1090 341 1105 '
456 1081 535 1156 to
588 1072 1272 1192 ootsuottottotuu
1323 1079 1625 1160 Ohllllllld

755 1263 916 1342 hhldeS
948 1265 1300 1346 INSTRUllENTORlllL

866 1467 972 1538 Dicet
997 1467 1198 1563 Epiacopoe.

446 1667 563 1772 Deus
590 1689 701 1779 hone,
729 1699 864 1779 sancto,
891 1689 925 1759 in
953 1692 1078 1762 sanctis
1111 1695 1348 1786 requiescens3
1382 1695 1476 1786 cujus
1510 1693 1718 1788 benignitate

340 1824 376 1885 et
401 1812 590 1910 praeceptis
618 1810 749 1901 accepit
774 1803 917 1900 Moyses
945 1803 987 1877 dc
1006 1809 1193 1898 sanguine,
1228 1821 1262 1883 et
1295 1813 1439 1907 aspersit
1469 1832 1572 1907 super
1607 1816 1718 1885 omnia

338 1933 556 2001 instrumenta
581 1924 764 2010 ministerii,
790 1922 932 2016 petimus
960 1943 1075 1993 coram
1101 1932 1134 1992 te
1160 1929 1330 2018 prostrati,
1358 1936 1526 1999 camator
1550 1926 1717 2000 hominum

339 2044 453 2134 hone,
480 2049 516 2114 ut
543 2040 689 2132 digneris
717 2035 926 2110 sanctificare
952 2035 1037 2108 hoec
1063 2041 1279 2113 instrumenta
1305 2063 1367 2138 per
1382 2041 1540 2137 Spiritum
1566 2051 1716 2116 sanctum

340 2169 432 2231 tuum
467 2167 502 2230 et
537 2157 769 2252 aspersionem
803 2153 974 2244 sanguinis
1002 2148 1124 2226 Christi
1156 2159 1223 2245 tui,
1254 2166 1291 2227 ut
1325 2159 1390 2229 sint
1423 2179 1525 2252 pura,
1565 2167 1600 2228 et
1630 2177 1716 2229 vasa

340 2276 514 2348 ministerii
541 2274 648 2346 sancti
675 2271 810 2360 otveri,
838 2277 1122 2342 sacramentorum
1138 2272 1242 2342 vitam
1259 2270 1509 2360 conferentium,
1538 2281 1717 2366 quaesunt

342 2411 467 2485 corpus
494 2399 528 2461 et
554 2389 692 2480 sanguis
717 2389 884 2482 pretiosus
912 2382 1033 2456 Christi
1061 2387 1125 2476 tui,
1153 2389 1393 2480 quiasanctum
1421 2397 1472 2462 est
1486 2409 1609 2460 nomen
1627 2397 1715 2460 tuum

343 2515 379 2577 et
404 2504 514 2598 gloria
540 2503 673 2599 plenum
700 2505 788 2575 omni
814 2511 984 2596 tempore,
1010 2499 1124 2591 Pater,
1149 2501 1230 2593 Fili,
1258 2513 1292 2575 et
1317 2501 1459 2600 Spiritus
1487 2512 1603 2576 sancte
1629 2525 1717 2575 nunc

341 2632 377 2692 ct
403 2641 551 2716 semper‚
579 2628 642 2690 etc.

445 2735 569 2830 Sipnot
597 2755 659 2822 ca,
688 2739 755 2802 tum
781 2733 875 2802 dicit.
927 2730 1127 2803 Benedictus
1154 2734 1316 2807 Dominus
1343 2733 1443 2807 Jesus
1471 2730 1623 2809 Christus
1650 2735 1716 2808 Fi-

339 2849 404 2924 lius
431 2850 496 2922 Dei
523 2852 651 2938 sancti,
678 2858 712 2922 et
738 2846 880 2942 Spiritus
907 2857 1051 2920 sanctus.
1104 2849 1225 2924 Amen.

577 3055 699 3125 Oratio
726 3055 998 3126 consecrationis
1022 3055 1124 3125 Diaei
1150 3061 1184 3126 et
1217 3053 1374 3129 Veiorum
1399 3061 1481 3147 ejus.

858 3207 964 3278 Dicet
989 3207 1190 3300 Episcopus.

446 3362 646 3434 Dominator
677 3359 839 3433 Dominus
874 3360 986 3450 Deus,
1019 3362 1182 3434 Dominus
1215 3357 1344 3452 honus,
1386 3360 1545 3433 extendat
1576 3360 1715 3436 brachia

344 3499 406 3550 sua
432 3482 568 3565 sancta,
596 3485 630 3547 et
656 3473 839 3547 sanctificet
865 3472 992 3546 discum
1017 3475 1150 3569 plenum
1165 3473 1275 3564 honis,
1303 3497 1389 3570 quae
1414 3480 1632 3572 praeparavit
1658 3476 1715 3548 di-

340 3591 521 3685 ligentibus
546 3611 669 3663 nomen
696 3611 790 3662 suum
818 3599 987 3681 sanctum‚
1014 3589 1282 3662 recmnhentihus
1308 3593 1342 3660 in
1369 3594 1529 3664 convivio
1554 3612 1716 3664 annorum

341 3707 439 3779 mille.
492 3705 536 3778 Et
561 3727 667 3795 stunc,
698 3707 862 3796 Domine,
898 3716 1026 3778 amator
1060 3705 1249 3794 hominum,
1284 3704 1430 3776 extende
1461 3727 1592 3779 manum
1627 3716 1716 3779 tuam

343 3824 489 3897 divinam
516 3843 618 3917 super
645 3819 772 3892 discum
797 3819 884 3892 huuc
909 3821 1136 3910 benedictum,
1164 3843 1260 3915 quem
1288 3819 1453 3918 impleturi
1473 3831 1549 3894 sunt
1565 3821 1715 3918 partibus

342 3941 419 4013 sive
444 3935 590 4032 reliquiis
618 3941 771 4034 corporis
799 3938 845 4007 tui
871 3939 995 4027 sancti,
1023 3935 1113 4032 quod
1140 3935 1280 4008 oltercnt
1294 3957 1395 4030 super
1410 3934 1514 4008 altare
1528 3935 1717 4008 Sanctuarii

341 4062 478 4126 sanctae
505 4055 650 4125 civitatis
676 4053 717 4124 N.
746 4051 861 4125 Gloria
888 4050 947 4123 tihi
974 4075 1050 4124 cum
1063 4051 1165 4124 Patre
1182 4061 1239 4124 tuo
1257 4049 1364 4143 hono,
1390 4061 1424 4122 et
1444 4050 1568 4148 Spiritu
1584 4061 1716 4141 sancto,

343 4191 432 4242 nunc
459 4177 493 4240 ct
519 4189 663 4264 semper.

459 4284 622 4377 Accipiet
658 4283 813 4354 Christro
856 4289 891 4354 et
922 4281 1048 4354 discam
1083 4282 1251 4380 sipaahit,
1288 4283 1455 4378 dicetque.
1515 4281 1716 4354 Benedictus

341 4398 504 4474 Dominus
530 4399 631 4474 tesus
660 4399 810 4474 Christus
836 4397 940 4470 Filius
967 4400 1044 4490 Dei,
1071 4411 1105 4472 et
1131 4399 1273 4498 Spiritus
1301 4409 1445 4476 sanctus.
1498 4400 1617 4476 Amen.

664 4587 786 4678 Oratio
809 4629 878 4700 pro
907 4605 1026 4676 Colice
1053 4612 1088 4676 et
1113 4605 1286 4699 Mappalia
1313 4611 1393 4697 ejus.

859 4759 966 4832 Dicet
990 4759 1193 4853 Episcopus.

444 4912 642 4984 Dominator
675 4912 820 4984 Domina
856 4913 939 4986 lesu
974 4912 1125 5006 Christe,
1157 4935 1288 5006 verax,
1325 4913 1453 5009 absque
1485 4914 1591 5004 vitio,
1624 4914 1717 4987 Deus

341 5023 440 5100 simul
467 5037 502 5100 et
527 5026 646 5118 homo,
673 5030 766 5120 cujus
795 5028 948 5103 divinitas
976 5029 1085 5105 divisa
1110 5051 1179 5102 non
1206 5039 1258 5106 est
1289 5028 1331 5103 ah
1364 5031 1470 5126 ipsius
1505 5029 1717 5121 humanitate,
