4788 6030
735 977 1410 1413 olssllplllld

441 1542 1049 1724 LITURGIARUll
1100 1539 1700 1722 Olllllbl'lllllUM

702 1843 939 1964 autema
970 1843 1434 1964 uolumenum.
1517 1889 1522 1900 ·

928 2101 1213 2138 ψ

859 2272 1027 2356 otrus
1067 2269 1286 2354 autnon.

388 2472 425 2543 la
451 2491 516 2565 qao
540 2467 710 2564 probatur
736 2414 859 2538 nullam
891 2471 1076 2562 antiquitas
1097 2471 1205 2560 faisse
1231 2466 1475 2536 Eucharistiae
1506 2468 1762 2538 consecrandae

476 2588 637 2677 summm,
666 2603 754 2677 quoae
782 2584 928 2654 Graccis
953 2583 1154 2676 Latinisque
1180 2581 1347 2676 Liturpiis
1369 2583 1465 2672 soret
1491 2581 1669 2653 dissimilia.

474 2791 569 2902 Con
595 2821 766 2914 Liturglae
789 2820 989 2912 Orientales,
1017 2817 1134 2914 quibus
1159 2840 1251 2893 nova
1277 2823 1436 2892 versione
1459 2829 1494 2891 et
1516 2817 1763 2894 Commentario
1775 2828 1968 2885 autemeam
1981 2845 2083 2898 scopus.

388 2939 586 3012 illustrandis
615 2959 751 3032 operam
780 2937 914 3026 damus,
948 2938 1091 3006 maxima
1117 2957 1199 3029 prae
1226 2938 1368 3008 caeteris
1401 2939 1601 3030 antiquitatis
1633 2938 1762 3011 Eccle-
1794 2999 1801 3014 .

388 3056 542 3125 siasticae
576 3054 795 3123 monumentis
830 3050 989 3142 dignitate
1031 3049 1318 3138 commendentur,
1361 3049 1403 3120 ad
1440 3073 1499 3121 eas
1531 3053 1763 3145 intelligendas

388 3169 486 3240 multa
519 3167 664 3263 praefari
698 3165 884 3260 oportebat.
932 3165 1018 3236 Nam
1053 3165 1305 3260 Aegyptiacae,
1339 3187 1424 3258 quae
1459 3169 1597 3260 primum
1634 3169 1697 3241 hac
1731 3173 1763 3240 ln

389 3282 594 3356 collectione
620 3280 730 3352 locum
757 3280 917 3370 obtinent,
944 3289 1120 3375 postquam
1146 3278 1264 3351 Latine
1292 3279 1400 3350 editae
1427 3290 1512 3370 sunt,
1539 3303 1653 3376 parum
1674 3283 1764 3354 lide-

389 3397 462 3471 liter
493 3401 750 3491 interpretatae,
790 3405 825 3466 ut
850 3394 1047 3491 Aethiopica
1075 3418 1160 3490 quae
1188 3403 1265 3466 ante
1292 3394 1411 3468 multos
1438 3417 1544 3468 annos
1576 3397 1763 3492 prodierat:

389 3513 501 3585 Basilii
527 3511 615 3606 Syra
643 3533 688 3581 ex
714 3511 883 3583 Versione
909 3512 1023 3584 Masli:
1060 3511 1191 3582 Graeca
1219 3510 1349 3581 demum
1375 3509 1493 3592 Marco
1521 3512 1695 3602 attributa,
1730 3517 1763 3584 in
1824 3603 1833 3616 ι

389 3625 625 3698 bibliothecam
659 3627 792 3698 Patrum
819 3629 995 3718 conjectae
1027 3637 1118 3716 sunt,
1154 3624 1282 3720 absque
1306 3629 1394 3698 notis
1422 3635 1478 3696 aut
1505 3631 1763 3716 commentariis,

391 3741 476 3812 unde
502 3763 589 3835 quae
614 3739 742 3812 illarum
770 3745 884 3833 origo,
916 3764 1002 3836 quae
1029 3743 1222 3834 antiquitas,
1256 3745 1328 3834 quis
1355 3763 1454 3828 usus,
1492 3763 1578 3833 quae
1604 3745 1763 3814 autoritas

390 3854 493 3945 loret,
528 3854 761 3949 explicaretur.
814 3856 980 3948 'theologi
1007 3858 1112 3930 nostri
1139 3855 1266 3927 illamm
1293 3857 1488 3928 testimoniis
1514 3857 1685 3926 rarissime
1712 3857 1764 3928 usi

391 3978 479 4040 sunt:
506 3979 719 4042 vexaverunt
749 3971 822 4043 illas
858 3971 1034 4066 aliquando
1061 3971 1307 4060 Protestantes,
1340 3978 1492 4064 tanquam
1526 3973 1764 4066 supposititias,

391 4095 434 4172 et,
462 4084 549 4178 quod
576 4084 751 4156 dolendum
778 4097 847 4176 est,
882 4088 925 4159 ad
952 4109 1066 4160 eormu
1094 4109 1198 4181 saepe
1225 4090 1421 4158 sententiam
1448 4095 1664 4158 accesserunt
1690 4085 1763 4157 Ca-

390 4197 509 4271 tholici.
542 4199 671 4296 Nempe
699 4223 772 4271 cum
801 4201 950 4274 Graecas
967 4203 1098 4291 iacobi,
1124 4201 1249 4290 Basilii,
1276 4191 1575 4297 cmqsosromique
1597 4200 1765 4293 Liturgias

395 4316 550 4386 novitatis
590 4315 919 4411 interpolationisque
961 4320 1150 4413 suspicione
1184 4315 1295 4388 Criticl
1330 4319 1569 4412 aspersissent,
1605 4338 1650 4386 ex
1685 4319 1765 4387 ina-

391 4429 532 4501 nissimis
566 4432 782 4521 conjecturis,
816 4441 926 4503 tamen
959 4432 1046 4527 quod
1079 4443 1194 4506 essent
1225 4435 1322 4526 pauci
1355 4436 1388 4502 in
1416 4431 1547 4503 Graeca
1574 4433 1766 4524 antiquitate

392 4545 471 4616 satis
485 4547 630 4633 versati,
657 4544 773 4617 iisdem
793 4546 1022 4641 adquiescere,
1049 4571 1146 4642 quam
1172 4549 1348 4619 veritatem
1376 4545 1564 4637 diligentius
1591 4551 1766 4643 pervesti-

391 4678 473 4747 gare
500 4657 693 4730 maluenmt.
737 4659 831 4732 Unde
859 4685 932 4732 cum
959 4685 1005 4734 ex
1032 4663 1172 4734 Graecis
1199 4661 1389 4735 Orientales
1415 4661 1585 4754 Liturgias
1612 4685 1767 4736 manasse
1867 4649 1870 4654 ⁵

391 4777 576 4845 certissime
602 4783 786 4863 constaret,
814 4775 887 4848 illas
916 4779 1033 4850 eadam
1061 4800 1219 4867 censura,
1247 4800 1311 4871 qua
1339 4777 1509 4870 Graecas,
1542 4779 1766 4866 involverunt,

390 4887 496 4960 nullus
522 4897 558 4959 ut
580 4892 650 4981 jam
677 4912 857 4984 superesse
882 4893 1046 4974 locus,ad
1074 4915 1187 4965 earum
1213 4889 1443 4966 stabiliendam
1478 4897 1700 4990 antiquitatem
1734 4902 1767 4964 et

392 5006 598 5076 autoritatem
620 5005 798 5077 videretur.
825 5005 940 5102 ltaque
967 5008 1149 5102 deprimis
1176 5006 1250 5094 illis,
1280 5030 1366 5101 quae
1391 5007 1517 5080 iontem
1540 5020 1574 5080 et
1602 5012 1766 5099 originem

393 5116 606 5192 Orientalium
638 5123 781 5194 omnium
809 5126 992 5213 continent,
1024 5122 1264 5218 praemittenda
1298 5123 1461 5218 quaedam
1488 5133 1581 5213 sunt,
1615 5123 1765 5216 quamvis

418 5257 530 5302 nomme
1536 5237 1555 5308 1
