4680 6044
598 653 651 730 AD
668 652 875 732 LlTllllGlAll
891 650 1084 732 COPllCAM
1100 654 1131 732 S.
1148 653 1292 732 BASIIAL
1555 656 1627 732 163

262 836 313 899 illa
335 843 421 901 vesle
443 835 608 913 11111111,
631 855 687 900 seu
710 837 847 902 Camasio
869 856 929 902 non
951 847 1107 902 uterentur
1128 839 1158 902 in
1187 838 1352 904 ministerio
1373 841 1544 923 liturgico,
1572 843 1628 907 sed

261 943 375 1000 tantum
397 937 428 998 in
449 937 591 1018 precibus
613 937 756 1018 publicis,
779 956 820 1000 ex
842 936 999 1020 disciplina
1021 938 1181 1020 peculiari:
1212 939 1297 1021 cujus
1327 941 1486 1024 imaginem
1516 941 1627 1006 obser-

261 1053 336 1100 vare
357 1037 430 1098 licet
452 1036 531 1117 apud
553 1044 673 1100 nostros
696 1037 842 1119 quosdam
866 1036 1046 1120 Religiosos.
1090 1037 1209 1100 illarum
1237 1041 1373 1102 vestium·
1395 1056 1499 1101 sacras
1527 1043 1626 1126 signi-

261 1135 416 1199 ficationes
439 1135 591 1217 explicant
611 1137 725 1218 passim
748 1145 889 1214 autores,
912 1134 1018 1198 codem
1039 1154 1138 1217 prope
1159 1137 1249 1200 modo
1273 1155 1308 1200 ac
1331 1138 1441 1201 Gracci
1463 1157 1545 1202 suas.
1579 1141 1625 1206 De

260 1235 319 1298 illis
341 1235 557 1298 Ecbmimensis
579 1254 620 1298 ex
642 1234 814 1298 canonibus
836 1234 1020 1315 Athanasio,
1047 1235 1219 1317 Basilioqne
1241 1235 1379 1316 tributis,
1409 1244 1470 1299 tum
1492 1258 1532 1302 ex
1556 1242 1627 1321 qui-

261 1335 385 1399 busdam
408 1333 604 1416 Apostolicis.
626 1335 740 1398 inillis
761 1353 855 1417 porro
878 1341 909 1396 et
932 1334 997 1396 aliis
1020 1336 1195 1398 testimoniis
1232 1353 1292 1398 non
1322 1338 1434 1419 exigna
1458 1345 1505 1400 est
1527 1341 1628 1403 nomi-

261 1451 331 1495 num
352 1433 551 1497 Arabicorum
573 1435 771 1516 permutatio,
801 1435 870 1515 quia
893 1433 945 1496 vix
973 1433 1034 1496 ullo
1064 1435 1137 1497 satis
1165 1436 1359 1516 exprimitur,
1390 1436 1546 1518 Copticum
1576 1447 1628 1504 aut

261 1532 426 1612 Graecum,
450 1536 498 1596 oui
519 1533 733 1614 respondeant.
756 1533 816 1598 Sed
838 1535 869 1595 in
891 1533 956 1595 istis
979 1533 1088 1596 diutim
1110 1535 1262 1596 immorari
1286 1553 1348 1598 non
1370 1535 1490 1599 videtur
1511 1555 1626 1619 operae

260 1635 407 1714 pretium,
431 1651 497 1694 cum
520 1633 641 1713 antiqua
663 1632 760 1695 lorma
792 1653 831 1696 ex
860 1640 996 1694 autorum
1024 1632 1277 1715 descriptionibus
1308 1653 1368 1698 non
1396 1637 1469 1700 satis
1499 1636 1627 1721 intelligi

260 1731 377 1813 possit:
400 1733 555 1796 recentior
575 1733 696 1815 paulum
718 1733 869 1796 immutata
891 1733 928 1794 ab
951 1732 1078 1796 oculatis
1100 1736 1201 1814 potius
1216 1734 1360 1809 testibus,
1384 1753 1473 1816 quam
1487 1754 1528 1799 ex
1542 1736 1628 1801 libris

260 1831 391 1913 petenda
413 1833 461 1897 sit.
485 1831 591 1894 Omnia
612 1839 711 1895 autem
732 1832 903 1895 indumenta
924 1831 974 1894 illa
1004 1848 1093 1894 sacra
1128 1832 1253 1896 Graecis
1282 1835 1468 1916 potissimum
1496 1854 1628 1917 respon-

260 1929 342 1993 dent.
365 1930 439 1992 Nom
460 1929 533 1993 illud
555 1931 636 2012 quod
657 1938 812 2013 postremo
834 1931 903 1995 loco
927 1931 1109 2012 explicatum
1131 1942 1193 2012 est,
1216 1933 1341 2015 proprie
1358 1933 1523 2015 respondet
1536 1939 1628 1999 Φαι-

258 2024 424 2112 11111111
439 2023 593 2110 Φελονίῳ,
608 2047 695 2110 quam
718 2047 823 2094 vocem
836 2032 961 2112 exponit
980 2030 1164 2094 Glossarium
1170 2053 1179 2109 3
1201 2033 1296 2115 ipsam
1310 2035 1403 2097 vestis
1419 2052 1527 2098 sacrae
1545 2035 1628 2120 figu-

257 2147 321 2192 ram
343 2136 553 2211 repraesentat
567 2128 710 2206 Goarius3
734 2137 840 2212 estque
855 2129 965 2194 Casula
981 2134 1102 2212 antiqua
1117 2151 1173 2195 seu
1184 2117 1307 2214 planeta
1325 2133 1508 2198 Latinorum.
1529 2135 1626 2197 Prima

257 2230 351 2292 vestis
375 2246 453 2310 quae
476 2228 573 2290 Albae
595 2237 718 2291 nostrae
741 2229 921 2310 respondet,
945 2236 992 2293 cst
1014 2231 1140 2312 proprie
1161 2230 1315 2312 loquendo
1338 2220 1519 2320 Στιχᾶριον,
1537 2251 1627 2315 quam

258 2346 366 2392 rocem
389 2327 508 2390 Arabes
532 2327 692 2391 Christiani
714 2336 928 2408 servaverunt,
951 2336 982 2392 et
1004 2347 1070 2392 eam
1091 2330 1305 2395 Ecbmimensis
1327 2351 1385 2414 per
1412 2333 1532 2410 Kamir,
1559 2335 1625 2398 sive

259 2415 434 2490 Comitium
446 2427 579 2508 explicat
600 2427 668 2490 loco
692 2428 793 2493 citato.
816 2429 953 2492 Manicae
969 2429 1033 2492 sive
1045 2417 1251 2508 Ἐπιμανίκια
1265 2431 1393 2494 vinculis
1412 2433 1537 2496 sericeis
1557 2433 1626 2497 alli-

259 2535 386 2612 gantur,
411 2525 449 2587 ad
469 2526 667 2608 significanda
689 2528 807 2591 vincula
831 2529 939 2610 quibus
962 2526 1098 2592 Christus
1120 2528 1231 2611 ligatus
1247 2540 1309 2609 est,
1333 2531 1413 2594 unde
1428 2539 1557 2613 apparet
1571 2550 1624 2595 eas

260 2626 297 2689 ad
320 2625 505 2690 Graecorum
527 2624 651 2689 iormam
673 2625 778 2691 iactas.
803 2628 903 2690 iilson
924 2628 990 2690 sive
1011 2627 1134 2709 Epomis
1158 2629 1315 2693 amiculum
1338 2638 1401 2711 est,
1430 2638 1464 2692 ut
1486 2630 1625 2714 diximus,

258 2727 430 2808 adjunctum
450 2725 564 2788 habeus
587 2727 761 2808 capucium,
783 2733 816 2788 ut
839 2728 881 2790 ait
900 2727 1127 2792 Echmirneusis.
1172 2729 1256 2795 Stola
1277 2729 1357 2794 collo
1380 2733 1625 2812 circumponitur,

258 2833 350 2907 atque
371 2824 403 2888 in
424 2827 523 2888 crucis
544 2825 669 2889 formam
690 2827 773 2889 circa
794 2825 936 2892 humeros
958 2827 1153 2908 decussatur,
1174 2836 1208 2891 ut
1221 2837 1432 2911 repraesentat
1447 2847 1513 2893 eam
1527 2829 1625 2914 ligura

260 2926 339 3007 apud
362 2925 512 2988 Goarium.
536 2924 649 2989 blentio
671 2925 703 2989 fit
724 2933 886 3008 praeterea
909 2925 1025 2990 Cidaris
1048 2947 1137 3008 quam
1160 2927 1310 2994 Sacerdos
1333 2930 1457 3013 imponit
1480 2931 1579 3012 capiti,
1594 2937 1626 2993 et

260 3042 337 3106 quae
360 3023 519 3088 cruciculis
541 3034 648 3088 omata
670 3033 732 3106 est,
756 3026 836 3108 apud
859 3026 995 3090 eumdem
1017 3027 1264 3093 Ecbmimeusem.
1298 3029 1410 3094 Omnes
1433 3038 1532 3093 autem
1554 3029 1625 3093 illac

258 3132 378 3203 vestes,
402 3131 543 3204 quantum
566 3123 648 3187 ferre
678 3133 779 3206 potest
801 3125 1005 3188 Ecclesiarum
1035 3127 1178 3208 facultas,
1208 3131 1363 3209 pretiosae
1392 3130 1514 3193 inerunt
1544 3129 1625 3209 olim,

258 3230 289 3288 et
310 3231 382 3284 suat
403 3225 572 3288 etiamnum.
596 3222 762 3287 Servantur
782 3241 893 3308 magna
915 3243 1005 3304 cura,
1027 3244 1127 3308 neque
1151 3235 1238 3290 extra
1257 3228 1424 3292 Ecclesiam
1447 3237 1498 3292 aut
1512 3228 1625 3293 Secre-

257 3323 365 3385 tarium
387 3321 546 3386 transferri
574 3322 701 3403 debent,
725 3324 814 3405 juxta
842 3325 980 3406 antiquos
1010 3333 1043 3388 et
1070 3344 1164 3409 saepe
1194 3335 1357 3391 renovatos
1385 3328 1543 3410 Capones,
1573 3311 1625 3412 qui

258 3421 433 3504 Apostolis,
457 3421 647 3504 antiquisque
661 3423 799 3486 Patribus
811 3423 990 3489 tribuuntur.
1013 3424 1228 3489 benedictione
1242 3426 1418 3509 Episcopali
1434 3446 1624 3492 consecran-

258 3531 322 3602 tur,
344 3529 378 3584 ut
400 3523 498 3584 omnia
522 3539 599 3603 quae
624 3521 802 3586 adsacrum
825 3524 1019 3587 ministerium
1040 3527 1202 3606 pertinent.
1244 3525 1275 3590 Si
1298 3527 1334 3588 ab
1358 3528 1534 3608 haereticis,
1564 3528 1623 3590 hoc

1675 1196 1737 1270 cap.
1748 1200 1791 1253 ro.
1804 1201 1834 1264 r.
1848 1203 1875 1256 r.

258 3630 305 3684 est
332 3621 473 3684 diversae
502 3623 716 3685 communionis
746 3621 911 3685 hominibus
938 3632 1102 3705 usurpatae
1131 3623 1242 3689 luerint
1265 3624 1476 3690 Sacerdotales
1507 3635 1622 3708 vestes,
1736 3667 1738 3672 ,

257 3738 310 3784 eas
333 3719 476 3802 profanas
500 3721 684 3796 existimant,
711 3728 743 3784 et
765 3721 888 3802 expiant
909 3723 1001 3785 certis
1024 3723 1211 3788 orationibus
1233 3726 1282 3788 vel
1305 3726 1429 3788 dammis
1452 3727 1621 3790 absumuht.

256 3820 300 3883 lta
322 3823 353 3882 in
375 3821 444 3883 Vita
467 3818 577 3883 Chailis
599 3820 791 3883 Patriarchae
812 3819 1010 3884 Alexandrini
1031 3821 1105 3886 LVI.
1129 3821 1252 3906 legitur,
1279 3824 1433 3888 lacobitas
1457 3843 1474 3887 a
1495 3824 1621 3890 Sultano

257 3919 438 4000 obtinuisse,
464 3927 499 3982 ut
518 3938 575 3981 rec
596 3919 815 4000 Episcoporam
835 3919 1042 3984 Melcbitancm
1062 3931 1162 3984 cester
1182 3921 1397 3986 Sacerdotales
1424 3926 1490 4006 igni
1515 3925 1622 3987 1111-

256 4018 747 4101 rentur.1nrerEpiscnpaleset
774 4018 985 4084 Sacerdotales
1015 4021 1053 4083 ad
1080 4021 1290 4084 celebrandam
1316 4022 1479 4108 liturgiam
1509 4026 1622 4108 exigua

257 4117 428 4180 differentia
450 4125 512 4197 est,
536 4125 567 4180 et
587 4119 618 4180 11
640 4121 708 4200 ipsa
729 4117 826 4181 lorma
849 4119 995 4182 exteriori
1011 4137 1111 4202 prope
1125 4121 1222 4186 nulla:
1247 4122 1471 4207 distinguuntur
1487 4123 1619 4204 circulis,

254 4215 371 4295 limbis,
393 4226 425 4281 et
446 4217 587 4281 crucibus
608 4225 643 4280 ut
665 4217 745 4299 apud
767 4217 912 4282 Graecos.

604 4479 704 4551 Mitte
728 4479 810 4550 mibi
833 4483 991 4552 virtutem
1017 4503 1073 4553 ec·
1089 4481 1171 4570 alto,
1198 4487 1262 4553 etc.

349 4688 387 4768 In
409 4699 519 4763 codice
543 4699 593 4781 qui
616 4697 753 4761 rubricas
777 4715 882 4763 omnes
912 4702 1003 4767 habet
1027 4703 1113 4785 juxta
1143 4707 1354 4770 recensionem
1383 4704 1533 4772 Gabrielis
1561 4709 1623 4771 Pa-

253 4803 420 4882 triarchae,
443 4811 580 4883 notatur,
605 4803 801 4868 Sacerdotem
823 4823 890 4867 cum
913 4806 950 4868 ad
973 4807 1050 4869 haec
1072 4807 1167 4871 verba
1185 4813 1375 4892 pervenerit,
1397 4830 1472 4876 vasa
1488 4831 1578 4876 sacra
1591 4815 1623 4876 in

256 4904 342 4966 altari
365 4904 545 4984 disponere:
574 4901 697 4964 Discum
726 4903 841 4984 primo,
870 4911 1030 4986 postquam
1051 4923 1140 4968 manu
1164 4907 1273 4972 leviter
1294 4910 1439 4993 detersit,
1466 4931 1523 4977 suo
1552 4913 1622 4977 loco

256 5004 463 5082 constituere,
486 5002 634 5084 simulque
655 5000 808 5064 linteolum
832 5002 912 5082 quod
937 5003 1142 5084 purificatorio
1170 5015 1276 5073 nostro
1305 5013 1486 5093 respondet:
1515 5014 1624 5078 deinde

256 5104 380 5167 calicem
402 5103 434 5164 in
457 5120 494 5164 11
515 5110 604 5184 parte
627 5117 705 5182 quae
728 5100 824 5164 ilorci
844 5102 909 5165 sive
932 5103 1041 5166 solium
1063 5103 1186 5186 dicitur,
1211 5107 1413 5194 cochlearque
1434 5115 1580 5179 similiter.
