4778 6034
708 597 772 671 LX
1177 599 1553 678 otssunrttto

711 787 834 861 ciliosis
861 787 939 862 illis·
954 787 1094 861 criticis.
1147 785 1274 858 Verum
1300 789 1431 858 ameni
1463 785 1725 859 sacramentales
1750 784 1826 858 libri
1851 794 1988 860 veteres
2007 783 2084 856 La-

712 905 788 993 tini,
816 900 938 975 Graeci
965 915 999 976 et
1025 905 1260 996 cujuscumque
1286 900 1440 993 liugnam,
1457 901 1673 973 enucleatam
1688 904 1807 974 rituum
1827 901 2084 997 descriptionem

710 1040 777 1090 uon
803 1021 1013 1108 contineant,
1040 1040 1117 1088 nam
1143 1015 1274 1088 aliunde
1301 1014 1518 1110 petebantur,
1544 1038 1611 1087 nou
1637 1015 1763 1087 idcirco
1791 1019 1950 1088 novitatis
1966 1017 2083 1110 suspi-

711 1136 808 1204 cione
828 1133 1029 1228 aspergeudi
1052 1144 1144 1226 sunt,
1171 1135 1266 1228 quasi
1288 1141 1364 1202 tunc
1379 1135 1520 1227 primum
1540 1133 1685 1204 instituta
1702 1130 1873 1227 disciplina
1889 1135 1943 1222 sit,
1971 1152 2083 1225 quan-

710 1249 753 1320 do
781 1248 940 1340 Liturgiis
971 1248 1108 1322 inscribi
1141 1257 1261 1343 coepta
1296 1256 1357 1320 est.
1411 1246 1533 1319 blultos
1566 1246 1726 1320 babemus
1761 1245 1907 1320 Codices
1941 1246 2083 1319 Latinae

709 1363 856 1454 Missae,
881 1365 1032 1452 Alcuini,
1059 1365 1239 1452 Amalarii,
1265 1361 1444 1434 Walairidi
1470 1360 1664 1450 Strabonis,
1690 1361 1869 1454 blicrologi
1889 1372 1923 1433 et
1944 1362 2083 1434 alionum

710 1483 764 1575 qui
793 1479 834 1551 de
862 1477 979 1552 ritibus
1004 1479 1242 1552 Eucharisticis
1275 1481 1479 1573 scripserunt
1513 1476 1649 1549 sacerdo
1684 1481 1910 1568 recentiores,
1943 1499 2083 1573 quornm

585 1689 587 1694 ,
709 1595 817 1668 nullus
845 1616 905 1668 eos
932 1596 1014 1666 ritus
1041 1603 1295 1690 repraesentat,
1322 1614 1406 1687 quos
1433 1603 1568 1665 autores
1594 1593 1640 1664 illi
1667 1595 1915 1666 accuratissima
1938 1614 2082 1665 enume-

710 1721 793 1781 rant.
846 1709 1007 1784 Vetustos
1026 1708 1179 1782 Graecos
1206 1709 1447 1796 observamus,
1474 1712 1529 1802 qni
1556 1706 1647 1780 solas
1675 1711 1845 1781 orationes
1872 1706 2012 1794 babent,
2039 1705 2081 1778 de

710 1822 826 1895 ritibus
852 1847 960 1920 prope
984 1824 1080 1897 nibil:
1107 1825 1191 1896 alios
1219 1809 1412 1920 qui⁴plurat
1439 1826 1644 1895 recentiores
1661 1826 1716 1919 qui
1736 1826 1818 1894 ritus
1832 1825 1928 1894 etiam
1941 1821 2100 1894 brevis-.

711 1941 793 2010 sime
820 1951 1007 2012 connotant
1059 1939 1151 2013 Idem
1178 1961 1310 2035 quoque
1338 1936 1537 2012 observatur
1569 1943 1658 2010 circa
1685 1939 1855 2030 Litnrgias
1883 1936 2082 2012 Orientales.

709 2054 807 2125 Nulla
834 2056 912 2127 inde
938 2059 1027 2126 circa
1053 2057 1172 2126 rituum
1198 2056 1380 2126 novitatem
1407 2053 1527 2126 idonea
1554 2057 1747 2147 conjectura
1774 2053 1848 2125 duci
1864 2037 1989 2149 potest:
2005 2074 2083 2123 nam

710 2180 745 2240 ut
771 2168 928 2260 Latinos,
955 2170 1046 2242 multi
1073 2169 1150 2241 data
1177 2191 1282 2265 opera
1315 2181 1393 2241 ante
1425 2191 1531 2242 annos
1563 2169 1672 2258 mille,
1705 2173 1886 2241 minutatim
1921 2173 1953 2240 in
1989 2167 2082 2240 libris

711 2287 779 2357 suis
807 2289 1107 2377 consignaverunt3
1134 2289 1180 2356 ita
1207 2282 1360 2356 Graecos
1388 2282 1573 2356 Germanus
1600 2283 1817 2374 Patriarcba,
1846 2284 2083 2380 etcomplures

712 2402 785 2472 alii:
820 2400 930 2496 Syros
956 2398 1140 2495 Dionysius
1166 2397 1332 2472 Barsalibi
1366 2410 1443 2470 ante
1479 2411 1660 2472 sexcentos
1696 2421 1820 2472 annos:
1850 2422 1961 2494 neque
1996 2403 2084 2471 enim

710 2517 875 2588 loannem
901 2515 1076 2586 llaronem
1102 2536 1330 2605 numeramus,
1366 2516 1459 2606 cujus
1492 2518 1626 2586 nornine
1656 2517 1720 2585 viri
1753 2515 1884 2608 quidam
1918 2513 2007 2585 docti
2038 2537 2085 2585 ex

712 2631 786 2702 solo
801 2630 1038 2702 Maronitarum
1067 2633 1247 2726 superioris
1275 2629 1399 2702 saeculi
1426 2633 1615 2702 testimonio
1643 2627 1738 2701 abusi
1757 2638 1847 2702 sunt:
1875 2629 1930 2726 alii
1952 2650 2083 2722 quoque

710 2745 897 2817 Barsalibio
925 2747 1126 2839 antiquiores
1154 2748 1321 2840 anonymi.
1350 2741 1509 2839 Copticos
1537 2744 1691 2836 designat
1716 2745 1825 2816 multis
1852 2749 1886 2816 iu
1905 2744 1990 2817 locis
2011 2744 2083 2817 Se-

710 2883 813 2934 verus
829 2860 1017 2956 Episcopus
1032 2859 1345 2950 Aschmoninensis,
1373 2868 1498 2953 etpost
1523 2858 1612 2929 illum
1639 2859 1694 2930 alii
1720 2861 1827 2948 multi,
1855 2881 1982 2954 eosque
2006 2858 2083 2932 Co-

711 2974 838 3047 dicibus
864 2974 1044 3068 Liturgicis
1071 2975 1338 3047 accommodavit
1356 2972 1493 3045 Gabriel
1518 2973 1599 3044 88⁰⁵
1622 2973 1927 3046 Alexandrinorum
1940 2974 2083 3046 Jacobi-

712 3101 818 3162 tarum
839 3090 1040 3163 Patriarcba.
1073 3090 1182 3162 Nemo
1210 3091 1340 3161 illorum
1367 3092 1449 3160 ritus
1471 3111 1510 3161 se
1528 3111 1641 3162 novos
1656 3092 1845 3180 instituere,
1862 3100 1918 3161 aut
1931 3094 2084 3184 antiquos

711 3205 898 3278 reformare
923 3205 1098 3300 professus
1125 3215 1198 3295 est,
1232 3205 1293 3278 sed
1330 3206 1555 3298 unusquisque
1588 3225 1650 3278 eos
1686 3207 1741 3298 qui
1774 3207 1810 3274 in
1835 3204 1990 3277 Ecclesia
2023 3227 2083 3277 sua

712 3323 839 3416 recepti
855 3331 966 3411 eraut,
992 3321 1195 3412 designavit:
1223 3330 1322 3415 atque
1343 3319 1473 3390 illorum
1492 3322 1735 3413 antiquitatem,
1763 3318 1836 3390 sola
1851 3342 1925 3390 cum
1941 3324 2083 3392 omnium

711 3435 938 3512 Ecclesiarum
966 3435 1135 3531 disciplina
1161 3435 1377 3508 conformitas
1404 3437 1485 3508 satis
1512 3434 1727 3508 demonstrat.

411 3589 556 3643 noctuam
577 3585 701 3652 objiciunt
817 3551 885 3623 Sed
912 3551 1042 3647 quando
1070 3551 1222 3640 tandem,
1249 3559 1306 3622 aul
1326 3548 1443 3645 quibus
1462 3548 1689 3622 autoritatibus
1708 3548 1958 3645 probaverunt,
1985 3553 2085 3622 etiam

390 3673 700 3743 annonpmnantrro-
714 3671 769 3762 qui
795 3670 940 3740 maxima
967 3667 1163 3739 eruditionis
1190 3665 1277 3737 fama
1303 3668 1390 3737 mter
1415 3663 1644 3738 Protestantes
1670 3663 1871 3754 floruerunt,
1904 3668 2086 3736 novitatem

389 3767 520 3815 loellnlofl.

713 3785 842 3857 illorum
869 3786 1009 3872 rituum,
1036 3785 1091 3875 qui
1117 3783 1294 3876 perspicua
1322 3778 1531 3853 orthodoxae
1557 3779 1900 3853 circaEucbaristiam
1922 3778 1997 3850 fidei
2016 3778 2085 3849 do·
2113 3849 2120 3862 ,

713 3909 866 3972 cumenta
892 3901 1078 3986 continent,
1106 3894 1319 3968 Orientalium
1345 3897 1541 3989 praesertim
1568 3895 1611 3966 de
1637 3894 1755 3990 quibus
1782 3917 1825 3965 ne
1846 3891 1987 3965 verbum
2006 3896 2086 3988 qui-

716 4017 790 4088 dem
816 4015 977 4086 iecerunt
1030 4012 1148 4107 Neque
1176 4013 1262 4082 euim
1288 4009 1505 4104 Hospiniaui,
1531 4008 1709 4102 Molinaei,
1736 4010 1907 4099 Plessaei,
1934 4018 1968 4079 et
1995 4009 2085 4079 alio·-

713 4155 785 4204 rnm
812 4133 900 4201 circa
927 4150 1100 4201 sacrorum
1126 4129 1244 4197 rituum
1271 4123 1312 4197 ab
1338 4123 1489 4197 Etbuicis
1516 4129 1680 4217 originem
1706 4128 1847 4220 ineptias
1873 4123 1937 4195 boc
1957 4123 2084 4194 erudito

714 4246 849 4318 saeculo
876 4265 1042 4339 reponere
1069 4245 1242 4337 quisquam
1269 4242 1369 4312 ausit:
1404 4249 1438 4311 et
1469 4239 1525 4311 illa
1550 4247 1733 4314 Romanam
1765 4239 1870 4313 solam
1897 4238 2086 4312 Ecclesiam

715 4369 891 4455 spectant,
917 4382 986 4430 non
1006 4357 1190 4445 Graecam,
1216 4353 1274 4429 vel
1288 4354 1497 4444 Orientalcs,
1525 4378 1702 4449 quaecum
1726 4355 1781 4426 illa
1807 4376 1982 4426 commune
2009 4353 2087 4424 nibil

714 4474 855 4564 babent,
891 4497 910 4544 a
942 4475 1052 4547 multis
1088 4470 1244 4544 saeculis.
1295 4470 1381 4542 Nam
1417 4473 1446 4542 si
1480 4469 1653 4565 quidquam
1688 4470 1821 4542 valeret
1853 4469 1971 4541 odiosa
2002 4467 2086 4540 baec

715 4592 937 4685 comparatio,
965 4593 999 4660 iu
1026 4586 1127 4660 rebus
1154 4585 1411 4660 indifferentibus
1437 4584 1548 4658 locum
1574 4588 1725 4656 invenire
1751 4592 1883 4679 posset,
1919 4607 1993 4654 cnm
2031 4587 2086 4678 pia

715 4715 866 4776 veterum
891 4705 1082 4776 Antistitum
1108 4701 1283 4798 prudentia
1310 4705 1556 4796 superstitiosas
1583 4703 1697 4774 varias
1725 4698 1999 4788 consuetudines,
2026 4722 2089 4794 per

714 4823 798 4892 ritus
824 4823 982 4893 innoxios
1009 4818 1209 4890 aboleverit:
1246 4828 1280 4888 at
1311 4817 1394 4888 baec
1427 4815 1469 4886 ad
1496 4825 1738 4890 sacramentnm
1763 4814 1994 4886 Eucharistiae
2021 4834 2089 4884 non

716 4937 891 5031 pertinent.
945 4933 1029 5006 Sunt
1054 4936 1136 5006 ritus
1164 4933 1352 5025 singulares
1377 4929 1545 5020 nonnulli,
1573 4954 1658 5026 quos
1685 4931 1748 5007 soli
1776 4929 1897 5002 Graeci
1916 4937 2088 5025 usurpant,

716 5056 754 5120 ut
780 5069 859 5122 usus
886 5046 1023 5141 gladioli
1050 5070 1148 5143 quem
1174 5057 1300 5120 vocant
1324 5046 1434 5146 ἁγίαν
1458 5041 1620 5146 λόγχην,
1648 5070 1784 5120 sacram
1818 5047 1989 5134 lanceam,
2024 5067 2090 5140 qua
