4778 6034
1154 556 1476 637 PRAEFATIO.
1587 555 1592 566 '

625 755 719 831 enim
743 750 903 829 divinare
930 760 1036 854 queat
1065 749 1155 827 baec
1175 746 1310 848 verba,
1339 752 1486 854 accepit
1503 745 1732 846 Sortonicm,
1760 757 1821 823 aut
1844 746 2006 824 abolevit

624 880 853 983 Sortoniom,
879 883 1082 987 significare
1104 882 1200 959 bunc
1214 882 1274 959 vel
1299 879 1396 957 illum
1418 877 1656 958 Patriarcbam
1677 879 1873 958 Simoniam
1893 905 2004 958 exer-

626 1023 746 1098 cuisse
768 1017 828 1096 vel
847 1016 1061 1095 sustulisse?
1091 1013 1347 1092 Matronimrm
1375 995 1565 1116 quemdam
1584 1011 1795 1091 Antiochiae
1827 1017 2003 1092 occisum:

627 1177 709 1229 cum
733 1175 775 1227 ea
809 1174 883 1228 vox
914 1149 1005 1227 duos
1038 1147 1282 1249 Metropolitas
1311 1145 1519 1249 significet?
1554 1146 1770 1224 Diocomrm
1799 1146 1881 1225 loco
1904 1147 2003 1224 Pro-

626 1284 783 1383 sbytcri:
811 1281 1034 1382 Sacrificant
1059 1306 1125 1385 pro
1149 1279 1367 1380 Sacerdote⁷
1398 1289 1434 1357 et
1467 1280 1533 1356 alia
1554 1278 1729 1382 ejusmodi
1755 1279 1891 1356 multa?
1919 1281 2004 1381 qui-

627 1416 696 1494 bus
730 1439 804 1492 non
832 1414 968 1492 leviora
1001 1427 1084 1492 suut
1113 1425 1260 1515 peccata
1286 1412 1398 1515 longe
1428 1411 1576 1514 plurima
1609 1415 1645 1488 in
1675 1411 1819 1490 historia
1850 1411 2003 1513 politica,

628 1573 782 1652 quorum
814 1551 1006 1651 praecipua
1046 1547 1319 1626 observavimus
1360 1549 1396 1622 in
1439 1569 1481 1622 ea
1521 1570 1627 1648 quam
1662 1568 1778 1648 nuper
1816 1543 2003 1644 edidimus⁷

628 1681 911 1759 Patriarcbarum
943 1680 1280 1758 Alexandrinorum.

749 1813 846 1890 lnter
892 1814 957 1890 alia
1009 1813 1233 1916 eloquentiae
1283 1810 1461 1889 Arabicae
1504 1813 1696 1913 specimina
1744 1812 1800 1887 vir
1846 1809 2003 1888 Arabico

629 1946 856 2025 doctissimus
878 1945 1035 2023 lacobus
1058 1943 1201 2046 Golius.
1231 1943 1420 2023 Humiliam
1449 1943 1558 2022 edidit
1589 1944 1636 2021 de
1663 1943 1850 2021 Nativitate
1873 1939 2005 2020 Christi

562 2171 569 2178 ,
628 2083 794 2181 scriptam
825 2077 868 2155 ab
899 2077 999 2179 lilia,
1039 2081 1098 2181 qui
1132 2082 1168 2155 in
1209 2077 1308 2155 titulo
1344 2074 1489 2156 Codicis
1526 2080 1753 2178 manuscripti
1800 2074 2004 2154 Catholicus

627 2212 834 2314 appellatur.
895 2209 991 2289 Eum
1026 2210 1084 2287 ille
1117 2209 1385 2288 Antiochenum
1407 2210 1646 2288 Patriarcbam
1674 2208 1786 2288 luisse
1815 2209 1913 2310 duit,
1944 2211 2005 2312 qui

628 2370 730 2424 error
764 2345 855 2421 levis
895 2343 1008 2445 foret,
1052 2347 1120 2422 nisi
1157 2342 1312 2420 traheret
1351 2368 1476 2422 secum
1512 2344 1642 2422 multos
1678 2344 1765 2420 alios
1803 2346 2004 2444 spissiores.

626 2479 718 2558 Nam
756 2476 871 2558 Elium
911 2481 1038 2578 istum,
1085 2475 1227 2553 aliunde
1270 2474 1523 2554 Nestorianum
1568 2476 1679 2555 fuisse
1715 2486 1870 2554 constat:
1921 2474 2004 2552 inde

628 2615 737 2716 igitur
768 2609 928 2687 nonnulli
968 2608 1233 2687 Antiochenum
1267 2635 1313 2688 ex
1339 2634 1382 2686 ea
1410 2609 1549 2688 haeresi
1575 2607 1813 2687 Patriarcbam
1843 2611 2005 2687 somnia-

627 2754 777 2843 verunt⁷
810 2746 871 2844 qui
898 2766 1079 2845 nunquam
1106 2741 1180 2819 luit.
1242 2741 1293 2821 At
1315 2747 1345 2821 si
1371 2743 1455 2846 quid
1486 2767 1559 2821 vox
1586 2742 1643 2820 illa
1669 2745 1859 2846 peregrina
1887 2743 2005 2844 signi-

628 2875 756 2954 ficabat
798 2879 833 2951 in
877 2875 956 2952 stilo
991 2874 1248 2954 Ecclesiastico
1296 2872 1419 2954 Golius
1466 2875 1716 2976 intellexisset,
1771 2873 2005 2952 Nestorianae

630 3020 750 3088 sectae
770 3032 976 3110 supremum
995 3007 1199 3120 Antistitem
1227 3012 1446 3111 agnovisset.
1488 3008 1630 3087 Eodem
1659 3033 1783 3087 errore
1808 3008 2004 3085 llircherus

631 3141 907 3243 Hananiechua,
944 3144 1004 3244 qui
1037 3140 1135 3218 titulo
1169 3139 1339 3219 Catholici
1369 3140 1595 3221 Patriarcbae
1626 3154 1771 3220 ornatur
1798 3144 1833 3217 in
1872 3141 2004 3217 inscri-

570 3371 583 3384 ·
628 3279 751 3376 ptione
772 3273 918 3376 Syriaca
944 3273 1069 3377 lapidis
1088 3272 1216 3376 Sinici⁷
1245 3299 1338 3352 anno
1361 3272 1581 3353 lllDOXXV.
1616 3279 1653 3352 in
1678 3273 1867 3352 Provincia
1890 3273 2004 3350 Xensi
2098 3301 2102 3307 ·

630 3411 781 3508 reperti⁷
827 3405 1066 3484 Alexandriae
1111 3418 1171 3484 aut
1210 3406 1422 3485 Antiochiae
1464 3411 1585 3511 quaeri
1622 3408 1769 3510 jussit,·
1792 3431 1875 3484 cum
1908 3415 2005 3483 esset

630 3537 865 3617 Nestorianae
897 3551 1018 3618 sectae
1046 3538 1259 3617 Patriarcha.

753 3671 885 3776 Magna
920 3672 985 3750 luit
1016 3684 1052 3749 et
1082 3674 1165 3775 jure
1204 3674 1352 3773 merito,
1404 3672 1481 3750 laus
1517 3669 1689 3750 Guidonis
1724 3670 1877 3750 Fabricii
1925 3670 2005 3748 Βο-

326 3796 342 3832 ⁰
378 3797 390 3831 ¹
434 3798 478 3832 ¹¹¹¹
489 3796 559 3833 *⁰¹⁸¹
576 3799 618 3834 ¹¹¹·
632 3803 765 3883 deriani
801 3808 836 3882 in
869 3805 980 3883 literis
1001 3803 1177 3906 Syriacis⁷
1209 3830 1358 3909 quarum
1383 3805 1497 3884 studia
1521 3806 1668 3883 mirilico
1689 3809 1880 3908 promovit,
1903 3804 2005 3882 editis

631 3934 863 4015 Grammatica
888 3949 924 4015 et
948 3936 1096 4038 Lenico7
1128 3950 1202 4016 tum
1227 3937 1476 4016 emendatione
1505 3950 1541 4016 et
1567 3943 1735 4017 versione
1757 3936 1851 4014 Novi
1873 3935 2005 4014 Testa-

629 4075 738 4148 menti
776 4069 924 4173 Syriaci.
987 4071 1022 4148 ls
1049 4075 1226 4149 tamenin
1255 4076 1389 4176 exiguo
1418 4069 1538 4148 libello
1570 4067 1714 4148 Rituum
1741 4067 2005 4170 Baptismalium

630 4205 760 4285 Severi
783 4204 1016 4306 Antiocheni‚
1049 4230 1155 4309 quem
1183 4205 1319 4309 absque
1343 4204 1413 4281 ulla
1440 4206 1596 4304 ratione⁷
1626 4214 1686 4279 aut
1707 4201 1871 4279 codicum
1897 4213 2005 4280 auto-

629 4343 730 4417 ritate
762 4339 1043 4418 Alexandrinum
1072 4338 1280 4441 appellavit,
1317 4339 1422 4415 toties
1454 4335 1575 4437 lapsus
1602 4346 1676 4436 est,
1711 4347 1750 4412 ut
1775 4339 1895 4412 versio
1926 4338 2005 4440 ejus

629 4473 715 4549 nihil
748 4498 857 4576 saepe
890 4478 1006 4550 minus
1033 4497 1138 4576 quam
1163 4470 1347 4573 Syriacam
1377 4472 1574 4547 orationem
1598 4479 1863 4571 repraesentet,
1894 4495 2005 4571 prae-

629 4607 751 4682 sertim
790 4609 826 4682 in
860 4606 926 4682 illis
968 4630 1060 4709 quae
1098 4605 1367 4683 caeremonialia
1403 4613 1495 4681 sunt
1566 4601 1657 4679 Nam
1696 4602 1828 4679 Parnm
1855 4602 2006 4682 bostiam

628 4741 756 4839 vertit,
789 4763 870 4815 cum
898 4741 942 4815 sit
972 4743 1183 4816 incensum:
1214 4711 1351 4833 norbo
1384 4760 1449 4814 seu
1487 4734 1644 4813 clevatio
1678 4741 1802 4834 occis,
1842 4761 1934 4839 quae
1970 4741 2005 4813 in

629 4869 776 4948 modum
818 4869 982 4948 rubricae
1024 4875 1271 4972 praemittitur⁷
1316 4880 1376 4948 aut
1414 4871 1580 4947 inseritur
1620 4867 1858 4970 orationibus‚
1901 4872 2007 4947 vertit

633 5001 815 5102 iliados,
852 5015 887 5081 et
908 5014 947 5080 ut
970 5007 1178 5082 sententiam
1204 5003 1353 5106 efficiat,
1384 5026 1464 5081 eam
1490 5027 1620 5081 vocem
1643 5001 1796 5081 vocandi
1820 5025 1905 5080 casu
1929 5001 2006 5080 vult
