4778 6034
1156 561 1472 640 PRAEFATIO.

625 751 695 831 Vix
723 758 816 833 enim
847 759 1048 834 existimare
1076 757 1263 858 quisquam
1293 755 1468 856 potuisset
1494 753 1674 838 bominem
1707 756 1766 857 qui
1795 753 1841 832 de
1864 753 1999 835 Orien·

495 924 498 930 ,
625 886 745 965 talium
787 887 858 968 irde
901 899 1151 969 asseveranter
1189 885 1404 988 affirmabat,
1446 889 1646 990 ignoratam
1687 887 1754 970 illis
1783 887 1854 968 bue
1881 913 1999 992 usque

623 1021 736 1099 fuisse
766 1022 872 1100 realis
894 1026 1137 1125 praesentiae,
1166 1021 1276 1100 multo
1301 1024 1417 1124 magis
1439 1019 1834 1102 Transubstantiationis
1860 1020 1998 1100 doctri-

623 1177 726 1231 nam:
778 1141 1025 1234 Eucharistiae
1057 1155 1320 1256 adorationem,
1363 1155 1554 1257 omniaque
1582 1152 1666 1232 lrdei
1697 1178 1802 1257 quam
1834 1165 1999 1236 tenemus

623 1299 883 1365 consentanea:
920 1292 979 1392 qui
1015 1287 1249 1368 miserebatur
1283 1287 1569 1368 adversariorum
1601 1290 1844 1391 ignorantiae,
1879 1300 1998 1366 teme-

602 1422 833 1525 ‚ritatemque
862 1446 988 1499 eorum
1019 1433 1056 1499 et
1088 1422 1215 1499 malam
1247 1420 1355 1499 fidem
1387 1420 1551 1500 modeste
1585 1419 1813 1524 deplorabat,
1848 1445 1894 1499 nc
1919 1425 1998 1524 pri-

314 2243 405 2296 llultos
422 2251 507 2296 tamen
530 2242 608 2296 leiel·

295 2330 333 2381 tta

317 4101 357 4154 Ex
374 4101 512 4152 multorum
530 4097 605 4152 codi-

291 4203 352 4238 cum
378 4185 515 4239 collatione
541 4201 605 4239 exu-

295 4289 353 4325 men
372 4272 544 4340 Liturgiarum
562 4274 605 4325 in-

293 4359 408 4410 stitutum
426 4363 472 4409 est.

622 1580 715 1633 mam
740 1554 885 1658 quidem
907 1555 1044 1632 illarum
1063 1552 1330 1657 Ecclesiamm,
1358 1554 1404 1632 de
1428 1554 1558 1658 quibus
1580 1555 1813 1659 loquebatur,
1839 1558 1996 1634 notitiam

622 1686 800 1768 babuisse.
867 1689 917 1768 At
947 1687 983 1765 id
1018 1699 1116 1768 certo
1153 1691 1303 1793 agnosci
1343 1699 1505 1792 poterat,
1552 1713 1598 1766 ex
1637 1689 1714 1770 sola
1750 1713 1857 1791 quam
1891 1686 2019 1766 dabat'

622 1833 799 1899 sectarunt
838 1824 1125 1924 enumeratione,
1169 1825 1205 1899 in
1233 1846 1303 1925 qua
1330 1822 1453 1925 plures
1486 1846 1533 1900 ex
1563 1846 1634 1900 una
1666 1820 1837 1923 iaciebat,
1874 1822 1996 1899 nomi-

621 1952 727 2031 nabat
757 1955 862 2056 alias,
896 1979 988 2058 quae
1019 1953 1155 2032 dudum
1175 1956 1379 2058 perierunt,
1409 1949 1618 2057 imperitiam
1643 1954 1798 2060 denique
1821 1978 1995 2034 summam

621 2111 722 2166 suam
755 2087 822 2166 illis
851 2091 886 2166 in
921 2087 1030 2168 rebus
1063 2092 1254 2189 perspicue
1290 2087 1566 2167 demonstrabat.

743 2219 879 2299 Verum
915 2247 957 2298 ea
984 2232 1071 2299 tunc
1099 2220 1163 2299 luit
1198 2219 1421 2325 Theologiae
1448 2225 1559 2323 ratio,
1594 2232 1633 2300 ut
1664 2223 1767 2323 pauci
1802 2219 1995 2299 admodum

621 2356 773 2434 bominis
808 2357 1024 2456 proterviam
1051 2378 1274 2458 agnoscere,
1323 2354 1432 2433 multo
1466 2357 1583 2434 minus
1618 2353 1803 2434 confutare
1836 2364 1994 2457 possent.

621 2488 723 2582 Quae
755 2487 950 2566 vernacule
978 2491 1109 2589 scripta
1138 2498 1242 2589 sunt,
1278 2488 1448 2592 leguntur
1475 2487 1518 2566 ab
1546 2487 1733 2590 omnihus,
1765 2499 1803 2566 et
1832 2491 1995 2592 quamvis

615 2621 778 2726 judicare
812 2620 858 2698 de
886 2621 952 2700 illis
984 2621 1153 2724 operibus
1183 2620 1228 2698 ad
1262 2621 1475 2725 religionem
1505 2621 1746 2724 spectantibus
1769 2646 1841 2701 non
1868 2645 1995 2700 omnes

618 2755 723 2833 iacile
764 2739 916 2858 queant,
966 2757 1028 2833 vix
1074 2766 1191 2832 tamen
1234 2754 1327 2833 ullus
1370 2758 1455 2858 quin
1498 2753 1546 2833 de
1597 2755 1663 2834 illis
1695 2766 1793 2833 recte
1830 2754 1995 2859 judicare

619 2891 752 2991 possit,
786 2887 929 2965 dubitat.
991 2887 1080 2964 lnde
1116 2886 1270 2990 iactum,
1305 2899 1343 2967 ut
1382 2913 1508 2968 omnes
1538 2913 1652 2991 prope
1681 2891 1741 2992 qui
1774 2893 1809 2967 in
1833 2885 1995 2966 Calvini-

620 3025 709 3100 stica
739 3033 838 3100 secta
859 3020 1051 3122 vivebant,
1079 3017 1229 3100 Claudio
1260 3047 1333 3100 non
1366 3026 1483 3101 minus
1514 3021 1729 3100 crediderint
1762 3021 1809 3100 de
1831 3018 1993 3124 Ooptitis,

622 3153 741 3257 Syris,
777 3152 1031 3256 Aethiopibus,
1060 3153 1229 3234 Armenia
1257 3152 1442 3234 falsissima
1465 3180 1631 3259 quaeque
1651 3150 1854 3255 affirmanti,
1887 3163 2010 3259 quam'

620 3287 667 3365 de
700 3288 776 3366 aliis
815 3286 999 3389 omnibus,
1042 3312 1115 3390 quo
1156 3291 1191 3366 in
1233 3313 1373 3392 genere
1415 3301 1547 3392 quanto
1592 3292 1745 3393 quisque
1785 3291 1992 3391 imperitior,

620 3432 680 3498 aut
702 3421 895 3498 illiteratior
916 3430 1011 3523 erat,
1042 3430 1138 3500 tanto
1163 3421 1228 3500 init
1254 3420 1298 3498 ad
1327 3391 1444 3500 omnia
1473 3420 1701 3524 approbanda
1732 3421 1878 3500 lacilior.
1909 3420 1990 3498 lrno

620 3552 718 3657 quod
739 3578 848 3654 saepe
874 3555 1020 3631 nimium
1044 3557 1180 3657 experti
1204 3579 1348 3656 sumus,
1380 3545 1452 3633 non
1484 3553 1635 3633 deluere
1661 3559 1752 3634 inter
1775 3551 2004 3657 CatholicOS,

619 3690 680 3791 qui
723 3685 852 3764 frustra
895 3684 1047 3765 laborari
1086 3689 1121 3764 in
1164 3687 1383 3765 concilianda
1418 3686 1648 3766 Orientalium
1694 3686 1854 3766 doctrina
1910 3712 1992 3764 cunr

618 3831 760 3920 nostra,
803 3831 940 3897 temere
973 3821 1233 3898 existimarent:
1278 3821 1437 3926 reliquos
1466 3822 1635 3900 movebat
1662 3845 1735 3900 non
1766 3821 1993 3900 mediocriter

618 3952 814 4058 adversarii
849 3951 1071 4031 confidentia.
1943 3933 1946 3942 ’

736 4084 792 4164 Ea
831 4085 974 4163 demum
1017 4088 1210 4165 occasione
1252 4089 1357 4190 coepi
1394 4096 1475 4163 ante
1507 4086 1637 4166 multos
1679 4110 1792 4164 annos
1823 4085 1991 4188 liturgiis

619 4217 885 4324 cognoscendis
919 4217 1147 4320 incumbere,
1186 4243 1340 4322 cumque
1376 4243 1461 4296 cura
1498 4221 1564 4295 viri
1605 4218 1808 4320 amplissimi
1843 4217 1991 4298 loannis

617 4352 796 4454 Baptistae
840 4349 998 4430 Oolberti
1047 4375 1200 4456 magnus
1246 4349 1419 4430 Codicum
1466 4348 1696 4430 Orientalium
1739 4377 1913 4432 numerus
1956 4357 1991 4431 in

618 4484 872 4564 Bibliothecam
895 4483 1049 4588 Regiam
1079 4484 1217 4562 delatus
1242 4497 1356 4587 esset,
1391 4486 1520 4566 multos
1550 4510 1696 4589 quoque
1726 4489 1804 4587 ipse
1834 4489 1869 4562 in
1891 4510 1992 4565 suam

619 4644 666 4697 ex
699 4617 846 4697 Oriente
881 4617 1109 4718 contulisset,
1160 4627 1244 4693 tunc
1280 4618 1327 4694 de
1367 4617 1597 4698 Orientalium
1632 4617 1704 4696 fide
1741 4629 1777 4697 et
1809 4616 1992 4721 disciplina

618 4749 875 4855 cognoscenda
914 4753 1048 4852 sperari
1089 4759 1256 4850 coeptum
1295 4763 1360 4831 est.
1438 4751 1567 4857 Neque
1611 4777 1698 4831 sane
1732 4777 1817 4854 spes
1856 4751 1990 4852 lelellit,

619 4911 701 4962 cum
730 4880 1035 4986 exsequentibus
1065 4881 1326 4987 voluminibus,
1358 4910 1451 4989 quae
1481 4885 1526 4964 ad
1558 4885 1651 4964 hanc
1682 4885 1728 4964 de
1750 4883 1991 4987 Perpetuitate

620 5019 703 5110 fidei
742 5020 1021 5095 controversiam
1054 5015 1254 5120 agitandam
1286 5023 1416 5123 scripta
1449 5033 1582 5100 sunta
1620 5024 1750 5101 nostris
1782 5016 1991 5119 Theologis,
