4680 6044
382 737 514 790 Autoritas
532 734 613 789 titius.

678 549 752 624 156
1144 548 1581 628 COMMENTARIUS

764 734 810 796 De
827 721 991 817 αὖθεντίᾳ
1009 740 1039 797 et
1055 736 1214 798 autoritate
1232 735 1318 796 istius
1331 733 1485 816 Liturgiae
1503 735 1566 815 jam
1589 737 1693 816 paucis
1717 734 1945 816 explicandum,
1968 735 2049 815 quod
2144 805 2148 814 ¹

677 831 774 896 fusius
797 831 866 895 alibi
889 840 1045 896 tractatum
1068 841 1125 896 cst.
1148 833 1265 895 Nullam
1288 853 1357 896 esse
1380 831 1494 896 debere
1510 832 1711 915 Liturgiarum
1734 835 1938 913 autoritatem,
1962 852 2049 896 com-

677 933 775 994 munis
796 931 852 993 luit
874 931 1034 1014 aliquando
1058 951 1118 995 non
1140 931 1230 994 modo
1254 933 1498 1011 Protcstantium,
1523 933 1578 995 sed
1602 935 1690 995 etiam
1714 933 1908 1015 quorumdam
1932 933 2049 996 Catho-

674 1030 803 1094 licorum
826 1033 943 1112 opinio,
968 1050 1007 1094 ex
1030 1034 1117 1095 unica
1140 1031 1437 1113 simplicissimaquo,
1464 1039 1496 1093 ut
1517 1033 1653 1112 videtur,
1677 1035 1812 1110 ratione,
1834 1050 1944 1114 nempe
1967 1031 2048 1113 quod

676 1131 887 1212 supposititiae
911 1140 1030 1212 essent,
1054 1130 1294 1213 quandoquidem
1315 1149 1375 1193 nec
1397 1151 1414 1193 a
1438 1131 1567 1212 basilio,
1591 1151 1648 1194 nec
1672 1132 1709 1194 ab
1733 1131 1817 1211 aliis,
1840 1151 1965 1213 quorum
1988 1148 2049 1193 no.-

676 1231 755 1291 mina
779 1248 853 1310 prae
876 1248 909 1293 se
934 1230 1051 1308 ierunt,
1075 1231 1229 1294 autoribus
1252 1229 1409 1312 proiectae
1432 1229 1576 1310 luissent,
1605 1240 1655 1293 aut
1681 1232 1722 1293 ita
1745 1231 1943 1312 interpolatae
1962 1230 2048 1312 judi-

677 1336 832 1408 carentur,
860 1337 892 1392 ut
922 1331 958 1392 ab
988 1331 1146 1412 archetypi
1172 1329 1266 1393 forma
1296 1329 1471 1412 longissime
1498 1331 1696 1394 recederent:
1732 1338 1763 1392 at
1787 1331 2048 1412 supposititiorum

676 1431 859 1510 scriptorum
881 1429 968 1492 iidem
991 1449 1061 1493 esse
1084 1429 1204 1492 nullam.
1235 1429 1311 1493 Cum
1333 1431 1425 1512 igitur
1434 1428 1566 1492 Graecas
1588 1430 1670 1511 ipsas
1694 1428 1771 1492 tales
1795 1447 1866 1493 esse
1887 1429 2048 1511 probatum

676 1528 848 1606 videretur,
872 1529 964 1592 multo
987 1531 1084 1592 minus
1106 1530 1312 1611 Aegyptiacos
1336 1537 1367 1592 et
1389 1529 1454 1592 aliis
1475 1529 1587 1610 linguis
1610 1529 1810 1592 extantes'ad
1832 1536 1914 1591 tanta
1928 1529 2048 1592 nomina

675 1631 830 1709 pertinere
854 1637 1048 1695 censuerunt.
1082 1628 1124 1692 lta
1147 1630 1284 1711 plerique
1307 1630 1395 1692 etiam
1417 1637 1540 1692 nostrae
1563 1630 1669 1691 aetatis
1691 1629 1749 1690 viri
1771 1627 1953 1706 doctissimi,
1978 1630 2048 1708 quia

676 1727 830 1810 Liturgias
854 1728 962 1792 eodem
978 1729 1109 1811 judicio,
1135 1747 1169 1790 ac
1191 1738 1296 1792 vetera
1315 1728 1370 1791 alia
1386 1735 1574 1791 monumenta
1599 1728 1825 1810 expenderunt:
1849 1727 1879 1790 in
1900 1745 1959 1808 quo
1980 1745 2048 1789 ma-

677 1845 815 1910 gnopere
839 1845 961 1889 errasse
984 1827 1260 1910 deprehenduntur.
1284 1829 1390 1910 Neque
1413 1829 1491 1890 enim
1512 1846 1568 1911 par
1591 1835 1637 1890 est
1659 1827 1753 1906 ratio,
1778 1825 1833 1889 sed
1854 1845 1980 1907 prorsus
1997 1827 2048 1888 di-

586 2003 594 2013 ·
677 1927 879 2008 versaNam
908 1945 1003 2010 opera
1025 1935 1197 1991 sanctorum
1218 1929 1338 1990 Patrum
1362 1947 1401 1990 ex
1423 1937 1559 1990 autorum
1581 1927 1700 1990 nornine
1724 1934 1754 1988 et
1779 1927 1974 1990 sanctimonia
1998 1927 2049 1988 di-

676 2026 821 2110 gnitatem
844 2026 969 2105 habent,
994 2029 1182 2090 autoritatem
1206 2029 1343 2091 nonnisi
1367 2047 1406 2090 ex
1429 2027 1614 2108 reliquorum
1637 2044 1804 2104 consensu,
1829 2024 2047 2108 doctrinaeque

677 2125 887 2206 similitudine,
919 2125 988 2206 quia
1017 2135 1255 2210 quantacumque
1285 2131 1324 2191 sit
1346 2128 1486 2204 doctoris¹
1501 2125 1707 2188 Ecclesiastici
1730 2124 1891 2203 autoritas,
1921 2123 2049 2187 inferior

677 2233 777 2288 tamen
800 2244 870 2288 esse
893 2225 1046 2288 censenda
1068 2235 1115 2290 est
1138 2248 1192 2309 ea,
1216 2246 1304 2310 quam
1327 2228 1417 2290 totius
1438 2225 1596 2289 Ecclesiae
1619 2224 1781 2287 concordia
1803 2224 1954 2287 stabilivit.
1977 2225 2047 2288 Non

676 2326 789 2405 pendet
813 2325 849 2387 ab
873 2333 1009 2388 autorum
1032 2328 1169 2406 nomine,
1192 2328 1246 2392 sed
1269 2327 1305 2390 ab
1329 2345 1387 2390 usu
1408 2326 1622 2390 Ecclesiarum.
1667 2323 1747 2386 Nihil
1781 2331 1880 2386 autem
1903 2331 1972 2404 post
1995 2340 2050 2385 sa-

679 2443 746 2488 cras
770 2424 872 2486 literas
895 2427 1045 2505 potiorem
1068 2428 1146 2488 inter
1168 2425 1353 2490 Christianos
1377 2427 1568 2488 autoritatem
1590 2423 1707 2502 habuit,
1732 2441 1819 2505 quarn
1842 2423 1962 2504 publica
1985 2423 2050 2485 Ec-

680 2523 839 2585 clesiarum
861 2533 1066 2605 monumenta,
1090 2544 1168 2606 qnae
1190 2545 1299 2590 vocem
1321 2527 1439 2589 illarum
1460 2531 1708 2609 repraesentant,
1740 2531 1771 2584 et
1799 2540 1901 2586 aarum
1928 2524 2049 2585 nomine

677 2623 842 2704 loquuntur
863 2623 992 2705 quodam
1015 2626 1115 2689 modo.
1161 2625 1204 2689 lla
1226 2627 1427 2708 Augustinum
1449 2624 1584 2688 videmus
1607 2621 1763 2704 productis
1793 2630 1967 2685 sanctorum
1989 2623 2051 2684 Pa·

678 2727 757 2782 trum
779 2722 926 2786 adversus
949 2724 1128 2810 Pelagianos
1151 2726 1338 2806 amplissimis
1361 2723 1554 2803 testimoniis,
1584 2723 1640 2786 alia
1664 2741 1703 2785 ex
1725 2721 1867 2803 precibus
1891 2721 2051 2784 Ecclesia-

678 2820 761 2882 sticis
782 2822 967 2905 adjungere,
989 2831 1022 2886 ut
1043 2844 1082 2887 ex
1097 2842 1200 2889 earurn
1221 2827 1371 2890 sententia
1394 2821 1622 2907 probationibus
1642 2821 1831 2885 validissimis
1845 2820 1980 2884 cumulus
1994 2840 2050 2884 ac-

680 2919 814 2986 cederet.
841 2921 999 2985 Mabebant
1019 2943 1131 3007 preces
1149 2924 1219 2990 illae
1240 2935 1363 2990 autores
1384 2943 1475 3001 suos,
1498 2925 1548 3005 qui
1568 2931 1666 2984 tamen
1690 2922 1925 3006 ignorabantur,
1948 2938 2050 3002 neque

680 3039 846 3083 excomm
869 3024 1006 3105 nomine,
1030 3025 1084 3088 sed
1108 3046 1148 3089 ex
1170 3045 1228 3090 usu
1249 3026 1422 3104 Ecclesiae,
1447 3043 1523 3106 quae
1547 3039 1656 3106 preces
1678 3020 1744 3084 illas
1767 3021 1916 3084 sacrificio
1946 3023 2052 3102 quoti-

680 3120 768 3183 diano
792 3133 1041 3203 consecraverat,
1069 3126 1187 3206 pondus
1215 3143 1318 3190 earum
1346 3125 1516 3189 testimonio
1546 3123 1720 3186 accedebat.
1772 3121 1941 3186 Secundum
1970 3120 2052 3183 illam

679 3220 772 3303 igitur
787 3222 923 3304 regulam
942 3224 980 3288 dc
999 3225 1142 3312 Liturgiis
1165 3228 1374 3309 inquirendum
1397 3231 1473 3303 erat,
1496 3231 1527 3286 et
1548 3223 1599 3285 ubi
1620 3222 1714 3285 semel
1738 3223 1922 3284 constitisset
1941 3219 1979 3282 de
1994 3238 2052 3283 usu

680 3319 797 3383 illarum
820 3323 849 3384 in
873 3324 1076 3389 celebratione
1105 3327 1244 3390 sacrificii
1264 3324 1480 3403 Eucharistici,
1502 3323 1584 3385 nulla
1606 3322 1644 3384 de
1668 3322 1823 3384 autoribus
1846 3321 1983 3402 quaestio
2002 3321 2052 3382 in-

680 3433 831 3502 stituenda
852 3432 917 3496 fuit.
962 3430 1109 3512 Edonios
1131 3425 1197 3490 sola
1218 3427 1335 3489 ratione
1358 3423 1499 3508 quidquid
1524 3423 1677 3504 dignitatis
1700 3429 1731 3484 et
1754 3420 1920 3483 autoritatis
1935 3421 1966 3480 in
1981 3437 2052 3481 mo-

680 3538 830 3602 numentis
854 3533 981 3617 publicis
1003 3529 1209 3594 Ecclesiarum
1236 3544 1306 3588 esse
1331 3532 1434 3606 potest
1463 3523 1521 3586 illis
1549 3523 1751 3586 asserebatur.
1801 3519 1981 3599 Exemplum
2011 3537 2052 3581 ex

679 3639 815 3702 Romano
839 3634 962 3698 Canens
986 3628 1098 3692 ducere
1121 3627 1201 3689 licet.
1224 3625 1323 3688 Autor
1346 3627 1410 3708 ojus
1433 3643 1493 3687 non
1516 3623 1592 3687 adeo
1616 3631 1716 3685 certus
1740 3629 1803 3684 est:
1827 3639 1894 3682 narn
1917 3617 2052 3682 aliiMu-

680 3758 783 3802 seeum
811 3735 1025 3815 Presbyterum
1054 3728 1289 3792 Massiliensem:
1319 3724 1367 3786 alii
1394 3722 1610 3790 Scholasticum
1638 3723 1790 3803 ignotum:
1822 3717 1974 3782 Gelasium
2001 3717 2053 3780 vel

681 3839 861 3924 Gregorium
877 3834 927 3898 alii
949 3831 1110 3894 nominant.
1135 3827 1233 3910 Ignoti
1257 3823 1435 3889 scholastici
1458 3825 1604 3886 autoritas
1626 3821 1658 3882 in
1671 3819 1809 3908 Ecclesia
1831 3835 1928 3899 prope
1952 3815 2049 3880 nulla:

680 3941 797 4004 Musaei
817 3934 995 4011 mediocris,
1018 3928 1129 3993 Gelasii
1152 3935 1182 3989 et
1205 3924 1346 4008 Gregorii
1366 3942 1489 4004 magna:
1512 3923 1567 3986 sed
1589 3920 1746 3983 Ecclesiae.
1769 3937 1847 4000 quae
1870 3934 1907 3979 eo
1927 3915 2052 3980 Canone

680 4041 790 4114 utitur,
812 4035 904 4098 multo
927 4032 1065 4095 maxima.
1092 4028 1143 4090 An
1162 4024 1342 4089 Ambrosius
1361 4023 1484 4086 Missam
1505 4041 1583 4104 quae
1607 4020 1644 4082 ab
1667 4039 1705 4083 eo
1728 4037 1837 4081 nomen
1860 4015 1950 4078 habet
1971 4015 2053 4077 scri-

679 4139 805 4220 pserit,·
817 4136 987 4212 dubitatur,
1010 4148 1110 4210 neque
1123 4135 1221 4190 tamen
1234 4125 1348 4187 idcirco
1363 4123 1584 4185 Ambrosianus
1602 4120 1714 4183 Missae
1729 4119 1874 4180 autoritas
1889 4114 1973 4177 nibili
1993 4120 2051 4192 est,

682 4241 751 4324 quia
774 4245 859 4300 certo
882 4236 993 4298 scimus
1015 4227 1249 4308 antiquissimam
1270 4222 1526 4288 Mediolanensem
1548 4219 1717 4283 Ecclesiam
1740 4235 1805 4280 eam
1828 4233 1885 4278 usu
1906 4228 2052 4291 compro-

681 4341 786 4402 basse:
809 4337 869 4400 imo
891 4335 985 4415 major
1006 4346 1133 4414 prorsus
1156 4343 1226 4389 esse
1249 4323 1401 4388 censenda
1423 4329 1470 4384 est
1493 4320 1571 4384 illius
1595 4320 1632 4384 ad
1649 4316 1769 4400 aliquod
1783 4315 1854 4380 fidei
1867 4314 1976 4398 dogma
1993 4306 2050 4368 de-

681 4435 906 4503 monstrandum
930 4432 1082 4504 efficacia,
1105 4445 1193 4508 quam
1216 4425 1453 4488 testimoniorum
1474 4441 1515 4484 ex
1537 4422 1629 4484 certis
1644 4413 1962 4500 operibusltmbrosii,
1981 4408 2051 4490 quia

681 4541 712 4603 in
735 4537 793 4600 illis
816 4552 872 4600 suo
895 4533 1014 4597 nomine
1036 4529 1183 4610 loquitur;
1198 4524 1363 4588 'Ecclesiae
1389 4522 1509 4585 nomine
1536 4523 1567 4583 in
1589 4519 1733 4604 Liturgia.
1777 4517 1822 4580 lta
1850 4513 1888 4576 de
1913 4507 2052 4584 Gotbica,

681 4637 888 4715 Mosarabica‚
911 4631 1070 4713 veterique
1093 4627 1246 4690 Gallicana
1263 4623 1466 4708 judicandum.
1496 4620 1612 4702 Nempe
1634 4637 1723 4682 nemo
1745 4617 1896 4680 hominum
1913 4608 1976 4674 falli
1989 4622 2052 4668 non

683 4745 787 4819 potest
809 4733 985 4818 aliquando,
1009 4731 1063 4794 sed
1086 4727 1239 4806 Ecclesia,
1269 4725 1415 4788 adversus
1438 4738 1526 4803 quam
1547 4727 1655 4802 portae
1676 4717 1765 4780 inferi
1788 4711 1967 4797 praevalere
1989 4721 2052 4816 nop

684 4845 828 4918 possunt,
851 4833 1007 4898 merrdacio
1031 4838 1081 4894 aut
1104 4827 1203 4892 errori
1223 4843 1285 4888 non
1307 4832 1354 4888 est
1376 4821 1518 4885 obnoxia.
1550 4818 1624 4883 Cum
1646 4819 1739 4902 igitur
1760 4824 1847 4878 extra
1869 4810 1990 4919 dubium
2012 4809 2052 4866 srt

683 4935 851 5000 Ecclesiam
874 4932 1173 5014 Hierosolymitanam
1196 4917 1328 5007 ex'empli
1351 4939 1458 5002 causa,
1481 4928 1532 4983 aut
1545 4919 1666 4982 easdem
1689 4925 1740 4980 aut
1761 4913 1875 4980 similes
1897 4915 2052 4974 orationes

666 5035 841 5122 ,habuisse
864 5034 922 5100 illis
944 5049 1022 5114 quae
1043 5032 1075 5094 in
1095 5027 1203 5093 Jacobi
1226 5025 1343 5090 Graeca
1364 5023 1500 5104 Liturgia
1521 5020 1681 5103 leguntur,
1713 5023 1798 5093 (nam
1827 5031 1880 5079 eas
1903 5013 1934 5073 in
1956 5005 2052 5070 Cate-
