4680 6044
692 555 771 629 218
1177 553 1587 634 COMMENTARIUS

692 757 771 821 quae
794 739 901 802 eodem
923 758 1017 802 sensu
1039 739 1182 822 leguntur
1203 739 1234 801 in
1257 739 1376 817 Basilii,
1398 738 1565 818 Jacobiqnc
1595 738 1739 824 Litnrgiis
1770 738 1905 806 Graecis.
1952 741 2065 807 Eadem

694 856 816 919 quoquc
839 844 986 902 sententia
1009 846 1056 901 est
1078 840 1164 901 istius
1187 838 1340 901 Orationis
1362 838 1393 900 in
1415 837 1550 900 llomano
1574 837 1708 902 Canone.
1756 839 1839 902 Unde
1866 849 1896 903 et
1922 861 2070 907 memores

693 941 822 1003 Domine
843 958 901 1001 nos
923 939 1005 1000 servi
1026 939 1086 1012 tui,
1109 937 1164 998 sed
1186 946 1215 998 et
1233 937 1318 1018 plebs
1340 945 1393 998 mo
1415 944 1541 1012 sancto,
1570 945 1631 997 tom
1653 937 1761 999 beotoe
1778 940 1937 1018 possimne
1966 949 1996 1002 et
2016 963 2071 1004 re-

693 1040 903 1113 rurrectionis,
926 1044 980 1098 etc.
1017 1033 1180 1115 Offemmns
1202 1037 1258 1098 tiln'
1278 1037 1316 1098 de
1338 1036 1398 1096 tois
1420 1035 1509 1096 donis
1530 1054 1570 1096 oc
1591 1036 1673 1097 dotis
1701 1037 1832 1098 leontiam
1856 1056 1985 1117 proram,
2014 1047 2070 1101 etc.

692 1136 809 1200 Eodem
833 1137 921 1199 etiam
952 1133 1042 1196 modo
1071 1134 1102 1194 in
1129 1133 1187 1196 hae
1213 1135 1364 1215 Liturgia,
1394 1121 1476 1213 post
1492 1132 1598 1214 populi
1626 1133 1889 1211 acclamationem,
1920 1135 2069 1200 Sacerdos

692 1235 819 1298 resumit
842 1234 977 1297 eamdem
999 1233 1103 1294 mortis
1126 1231 1245 1296 Domini
1268 1232 1600 1312 commemorationem,
1624 1233 1793 1315 etreliqua
1823 1233 1860 1296 ad
1883 1234 1987 1297 salutis
2010 1237 2070 1299 hu-

692 1353 797 1397 manae
822 1352 898 1414 cpus
922 1333 1090 1412 spectantia
1112 1333 1255 1413 mysteria
1277 1333 1392 1413 pariter
1413 1339 1644 1394 commemorat:
1668 1333 1707 1394 ita
1729 1332 1760 1393 in
1782 1331 1852 1394 Ritu
1873 1332 2067 1416 Aethiopico,

692 1441 723 1497 at
745 1435 776 1495 in
799 1431 938 1495 omnibns
962 1429 1091 1494 tandem.
1158 1437 1161 1444 '

401 1681 590 1736 1'·¹⁵·l·²3·
935 1689 1111 1762 Sacerdos
1137 1691 1222 1761 elicit
1247 1689 1503 1763 invocationem
1528 1690 1680 1785 Spiritus
1706 1695 1827 1763 concii.

418 1903 550 2004 tmocatto
568 1907 686 1984 spiritus
783 1900 876 1978 Haec
899 1919 946 1974 est
967 1911 1093 1994 insignis
1116 1910 1166 1973 illa
1190 1908 1309 1988 Oratio,
1333 1929 1422 1992 quam
1444 1930 1548 1976 omnes
1571 1911 1743 1975 orientales
1765 1911 1922 1994 Liturgiae
1938 1931 2069 1994 reprae-

365 1999 456 2042 ''¹¹⁰¹¹·
693 2021 824 2094 semlant,
848 2033 906 2096 qua
929 2015 1047 2077 demum
1069 2016 1278 2095 pronunciata,
1300 2031 1387 2077 omna
1407 2013 1538 2078 divinum
1554 2015 1792 2078 consecrationis
1806 2031 1884 2095 opus
1899 2014 2066 2095 perlectum

693 2123 725 2178 ct
754 2122 990 2177 consummatum
1021 2131 1091 2176 csse
1121 2112 1306 2197 intelligitur.
1353 2112 1406 2177 llla
1429 2114 1539 2194 Oratiox
1558 2133 1635 2177 voce
1659 2113 1788 2191 Graeca,
1811 2131 1900 2194 quam
1930 2112 2067 2195 Coptitae

691 2216 891 2292 retinuerunt,
912 2202 1098 2297 Ἐπίκλησις
1121 2213 1301 2295 appellatur,
1324 2232 1384 2295 quo
1407 2232 1500 2276 sensu
1522 2214 1590 2294 Syri
1612 2213 1679 2275 cam
1702 2210 1872 2293 appellant,
1901 2219 1952 2275 ant
1974 2211 2068 2274 ineo-

695 2316 845 2376 cctionem
867 2312 1059 2393 simpliciter,
1083 2319 1133 2375 aut
1156 2311 1380 2374 invocationem
1402 2313 1534 2392 Spiritum
1555 2313 1663 2373 sancti.
1708 2311 1781 2392 Ejus
1804 2311 1955 2373 sententia
1977 2311 2066 2392 plane

694 2413 800 2475 eadem
823 2430 900 2491 quae
914 2409 1107 2491 Graecarum,
1132 2414 1162 2474 in
1185 2411 1329 2496 Litargiis
1346 2411 1458 2491 Basilii,
1483 2410 1702 2492 chrysostomi,
1725 2408 1840 2488 iacobi,
1864 2409 1970 2488 Marci,
1994 2408 2068 2472 Cle-

692 2511 834 2575 mentina.
879 2509 927 2571 Ab
957 2527 993 2572 aa
1023 2511 1200 2592 incipiamus
1229 2529 1316 2591 quam
1340 2510 1464 2573 exhibet
1490 2507 1604 2592 Regius
1635 2507 1741 2572 Codex
1768 2508 2068 2575 Gracco-Arabicus

691 2605 762 2671 Kal
785 2597 936 2685 δεόμεθα
958 2604 1014 2670 καί
1035 2602 1290 2717 παρακαλοῦμέν
1317 2625 1356 2672 σε
1377 2598 1600 2695 φιλύνθραπε
1627 2595 1750 2690 ἀγαθέ,
1775 2595 1884 2716 κύριε,
1914 2597 2010 2690 ἡμεῖς
2037 2603 2069 2671 οἱ

692 2697 893 2824 ῦμαρτιολοί,
914 2702 971 2768 καί
993 2693 1123 2816 α’νοίξιρι
1145 2701 1261 2770 δοῦλοί
1283 2723 1353 2782 σου,
1375 2702 1431 2769 καί
1437 2699 1700 2823 προςκηνοῦριέν
1710 2722 1757 2783 σε,
1779 2693 1914 2817 εύδοκίη
1935 2703 1995 2789 τῆς
2008 2701 2067 2789 σῆς

692 2791 910 2890 οἶγαθύτητος,
933 2798 1047 2868 ἐλθεῖν
1068 2795 1107 2868 τῦ
1129 2794 1263 2884 πνεῦμά
1284 2824 1347 2869 σου
1368 2795 1408 2870 τύ
1431 2795 1532 2891 ἅγιον,
1554 2794 1608 2892 ἐφ’
1631 2795 1717 2890 ἡμᾶς
1738 2793 1819 2878 τούς
1839 2791 1980 2877 δούλους
1995 2821 2067 2876 σου,

692 2900 748 2966 καὶ
776 2896 835 2966 ε’πί
864 2891 1065 3012 προκείμενᾶ
1092 2920 1154 2967 σου
1183 2903 1273 3017 δρῦρα
1301 2901 1424 2982 ταῦτα,
1452 2895 1559 2968 καί
1536 2896 1676 2989 αγιοίσαι
1705 2900 1761 2966 καί
1790 2891 2013 3022 ἆραῦεῖξαι“
1990 2924 2067 2987 αγια

692 2995 801 3087 ῦγίιυν.
843 2994 938 3069 ΟΔ.
961 2990 1165 3090 πρόσχωμεν.
1210 2993 1308 3068 ‘.0A
1332 2993 1427 3090 οἷμήν
1463 3001 1535 3068 Καὶ
1556 2994 1691 3090 ποιήσει
1713 2992 1769 3066 τύν
1790 2998 1850 3079 μὲν
1873 2991 1971 3087 ῦίρτον
1992 2999 2068 3064 τοῦ·

692 3122 758 3181 τον,
780 3095 975 3186 γίνεταιέις
996 3092 1036 3165 τύ
1059 3092 1151 3214 ῦγιρν
1173 3102 1286 3181 στῦμα,
1310 3093 1415 3167 αύτοῦ
1435 3124 1496 3168 του
1481 3098 1631 3190 κυρίου
1653 3097 1770 3167 δὲκαὶ
1791 3096 1887 3176 θεοῦ,
1916 3097 1966 3166 κλ.
2022 3090 2068 3200 Tc}

692 3197 730 3266 δὲ
761 3192 920 3286 ποτήριον
945 3192 1129 3278 τοῦτο,τό
1156 3192 1328 3280 τίμιον
1288 3224 1373 3282 αιμα
1394 3193 1434 3266 τύ
1455 3201 1514 3289 τῆς
1534 3199 1647 3287 καινῆς
1668 3190 1849 3286 διαθήκης,
1880 3187 1986 3264 αύτοῦ
2006 3185 2068 3262 τοῦ

692 3294 807 3385 κυρίου
835 3297 872 3364 δὲ
902 3297 957 3363 καὶ
986 3297 1087 3378 θεοῦ,
1127 3298 1184 3365 καί
1211 3299 1406 3390 σωτῆρος
1390 3292 1480 3381 imm
1505 3291 1612 3387 Ἰησοῦ
1633 3297 1799 3388 Χριστοῦ,
1827 3295 1873 3360 κλ
1918 3298 1951 3360 ln
1973 3299 2066 3363 Marci

690 3400 827 3483 Liturgia
855 3419 933 3484 quae
962 3419 1029 3463 cum
1059 3399 1184 3481 Coptica
1211 3403 1356 3483 majoram
1385 3352 1474 3464 6abet
1505 3401 1686 3468 affinitatem
1731 3394 1801 3462 Καὶ
1830 3383 1983 3475 δεόμεθα
2012 3391 2065 3458 καί

690 3491 943 3585 παρακαλυῦμέν
964 3516 1003 3562 σε
1024 3491 1245 3586 φιλάνθρωπα
1268 3490 1391 3584 οἷγαθὲ,
1421 3492 1658 3580 ἐξαπύστειλον
1686 3494 1723 3578 ἐξ
1746 3487 1856 3585 ῦψους
1883 3493 1944 3559 τοῦ
1972 3485 2066 3579 ῦγίυυ

691 3615 768 3674 σου,
797 3593 834 3677 ἐξ
863 3593 998 3676 ἑτοίμου
1027 3593 1294 3710 κατοικητηρίου
1298 3616 1374 3678 σου,
1405 3595 1441 3662 ἐκ
1468 3597 1533 3662 τῶν
1562 3586 1816 3712 οἷπεριγρῦπτων
1844 3586 1976 3658 κόλπων
2004 3609 2064 3655 σου

691 3688 792 3808 n6r6v
819 3686 876 3760 τύν
890 3684 1121 3809 παράκλητον,
1148 3687 1188 3760 τῦ
1210 3695 1342 3776 πνεῦμα
1363 3696 1421 3784 τῆς
1444 3688 1621 3784 ύληθείας,
1649 3687 1705 3762 τόν
1727 3687 1837 3781 ἅγιον,
1869 3684 1926 3757 τύν
1947 3680 2065 3779 κύριον,

690 3787 730 3861 τό
752 3783 925 3908 ζωοποιόγ,
947 3785 987 3859 τό
1008 3791 1043 3858 ἐν
1064 3783 1153 3908 νόμην
1175 3793 1231 3858 καὶ
1253 3787 1442 3884 προφήταις
1463 3796 1520 3861 καὶ
1530 3786 1742 3898 ἀποστόλοις
1765 3781 1972 3880 λαλῆσαν,
1933 3813 1972 3856 το
1985 3813 2065 3854 παν-

601 3895 605 3900 ’
690 3893 795 3974 ταχοῦ
815 3882 946 4011 παρόν,
955 3890 1010 3958 καί
1031 3883 1075 3958 τοὶ
1095 3885 1205 3958 πάντα
1219 3891 1430 4007 πληροῦν,
1405 3884 1563 4008 ενεργούν
1583 3919 1620 3960 τε
1643 3845 1872 4008 αύτεξουσίρίς,
1894 3881 1935 3956 06
1955 3890 2066 3999 διακρ-

691 3991 805 4070 νικιῦς,
838 3985 885 4104 ἐρ’
916 3982 976 4066 οῦς
1003 3980 1162 4074 βούλεται
1190 3984 1247 4058 τὸν
1276 3983 1447 4079 ἁγιασμόν,
1481 3986 1685 4079 εύιίοκίρ
1644 4019 1684 4082 τη
1712 3991 1767 4080 o6,
1788 3983 1828 4056 τὸ
1855 3983 1982 4054 ἁπλοῦν
2009 3979 2066 4101 τηρ

691 4081 802 4204 φύσιρ,
825 4083 864 4156 τό
869 4083 1110 4207 πλημερὲς
1072 4115 1129 4178 την
1151 4087 1331 4180 ἐνέργειαν,
1358 4086 1416 4180 τὴν
1442 4093 1507 4160 τιῦν
1529 4091 1633 4159 θείων
1654 4080 1865 4181 χαρισμάτων
1886 4081 2007 4174 πηγήν,
2027 4078 2067 4152 τύ

693 4181 789 4256 σοίι
771 4181 958 4271 ομοούσιον,
981 4181 1021 4255 τό
1043 4185 1080 4255 ε”κ
1101 4209 1163 4256 σου
1159 4182 1454 4312 ,(ἕκπορευύμενον,
1475 4182 1703 4279 τόσῦνθρονον
1725 4191 1784 4278 τῆς
1805 4183 1978 4271 βασιλείας
1996 4203 2067 4263 σου,

691 4286 748 4352 καί
770 4309 830 4353 του
852 4288 1045 4374 μονογενοῦς
1067 4307 1128 4355 σου
1152 4288 1242 4369 ῦίοῦ,
1269 4291 1330 4356 τοῦ
1352 4289 1484 4378 κυρίου,
1512 4289 1569 4356 καί
1589 4287 1691 4369 θεοῦ,
1719 4287 1775 4356 καὶ
1805 4284 1950 4374 σωτῆρος
1976 4275 2067 4402 ημῶν

688 4379 794 4500 Ἰησοῦ
816 4388 981 4500 Χριστοῦ,
1011 4382 1061 4453 ἔτι
1083 4385 1160 4454 δὲ
1142 4380 1196 4477 ιη’
1217 4382 1317 4501 ημᾶς,
1345 4387 1446 4454 καλ’
1428 4389 1487 4455 επὶ
1515 4382 1594 4466 τούς
1616 4382 1756 4502 ῦρτους
1756 4380 1910 4461 τούτους,
1932 4381 1989 4446 καὶ
2009 4377 2067 4446 ε’πὶ

690 4476 735 4552 τοὶ
749 4475 893 4574 ποτήρια
909 4485 1023 4568 ταῦτα,
1044 4478 1084 4553 τό
1098 4477 1353 4568 πνεῦμύσουτύ
1366 4480 1461 4575 ῦγιον
1473 4485 1528 4554 ἵνα
1549 4489 1656 4556 ταῦτα
1678 4476 1809 4601 ύγιῦση,
1830 4481 1887 4549 καί
1907 4473 2066 4568 τελειώσῃ

692 4579 737 4661 ὡς
758 4577 1006 4665 παντοδῦναμος
1027 4576 1116 4662 θεός.
1158 4579 1392 4654 ἜΚΦΩΝΩΣ.
1436 4586 1507 4654 Καὶ
1528 4582 1654 4678 ποιήσῃ
1674 4579 1731 4654 τόν
1752 4577 1850 4668 μέν’
1835 4575 1942 4670 ἄρτον,
1958 4577 2065 4659 σῶμα·

687 4675 822 4765 Ὀλαός,
845 4676 953 4772 Ἀμην.
998 4678 1065 4751 “0
1053 4678 1162 4774 ιερεύς
1183 4677 1345 4776 ἐκφαίνως.
1366 4711 1406 4753 το
1396 4679 1466 4755 δὲ
1488 4679 1645 4777 ποτήριον
1667 4677 1751 4769 αίμα
1772 4685 1831 4772 τῆς
1853 4678 1965 4765 καινῆς
1989 4679 2062 4744 δια-

690 4774 809 4869 θήκης,
833 4774 935 4848 αὐτοῦ
956 4807 1017 4850 του
1002 4784 1155 4875 κυρίου
1176 4784 1232 4850 καί
1254 4788 1342 4852 θεοῦ
1363 4785 1419 4852 καί
1440 4788 1604 4903 owe6609,
1634 4785 1690 4852 καί
1712 4775 1903 4867 παμβασιλέ
1905 4797 1949 4852 ως
1970 4769 2067 4863 ἡμῶν

687 4871 793 4998 Ἰησοῦ
814 4881 974 4969 Χριστοῦ.
995 4879 1048 4948 ἵνα
1069 4882 1221 4971 γίνωνται
1242 4884 1345 4951 πᾶσιν
1367 4878 1458 4972 ἡμῖν,
1480 4888 1550 4961 τοῖς
1570 4882 1607 4967 ἐξ
1628 4876 1736 4951 αιποῦν
1756 4877 2068 4964 μεταλαμβάνουσιν

691 4975 741 5055 είς
761 4977 935 5059 πίστιν,
904 5003 953 5057 εις
973 4981 1083 5070 νῆψιν,
1105 5005 1154 5060 εις
1176 4983 1275 5066 ἰἀσιν,
1297 4979 1347 5060 είς
1367 4975 1598 5074 σωφροσύνην,
1621 4996 1678 5054 etc.
1722 4987 1878 5066 ίλορσοιαε
1896 4993 1924 5048 te
1945 4995 2065 5050 emmor
