4736 6064
658 470 742 546 snu
770 467 900 546 CANON
926 468 1172 562 UNIVERSALIS
1201 466 1425 544 AETHIOPUM.
1650 466 1726 542 495

360 681 438 732 vem
465 655 916 747 tibi‚taoiensv01unurem
944 665 1047 727 tuam:
1075 677 1148 728 cum
1175 655 1240 726 fide
1266 647 1449 726 invoco'te
1474 663 1582 751 poter,
1609 664 1643 726 et
1667 656 1726 726 in-

359 795 449 846 voco
475 795 615 866 regnum
642 784 740 845 tuum.
793 770 1024 845 Sanctificetur
1047 773 1190 845 Domine
1216 793 1357 863 regnum
1383 781 1492 862 tuum,
1526 783 1560 844 et
1593 769 1653 843 tihi
1684 775 1727 844 sit

360 889 469 982 gloria
495 893 529 961 in
556 888 689 962 saeculo
718 888 936 961 saeculorum.

462 1006 649 1077 Diaconos.
701 1003 859 1077 Inclinate
886 1009 993 1100 capitu
1018 1014 1134 1077 vestro
1160 1026 1274 1076 eoram
1300 1003 1443 1076 Domino
1470 1005 1544 1076 Deo
1576 1007 1724 1093 vivente,

361 1123 422 1195 sub
449 1145 546 1194 menn
573 1124 666 1194 servi
692 1125 763 1214 ejus
791 1122 987 1212 sacerdotis,
1013 1131 1049 1194 ut
1073 1119 1250 1194 benedicat
1274 1118 1383 1193 vohis

463 1237 625 1331 Populus.
680 1238 798 1308 Amen.
1150 1215 1154 1231 ¹

463 1352 646 1425 Sacerdos.
705 1352 886 1426 Benedicat
921 1375 984 1428 nos
1016 1371 1138 1426 servos
1170 1376 1251 1426 suos
1283 1354 1467 1426 Dominus:
1500 1355 1534 1424 in
1567 1373 1652 1448 pnes
1685 1355 1729 1426 sit

359 1473 513 1542 remissio
539 1479 764 1564 peecatorum,
791 1467 888 1543 nobis
916 1472 971 1564 qui
996 1472 1207 1566 percepimus
1234 1491 1356 1564 corpus
1384 1471 1456 1559 eius
1492 1479 1662 1560 sanetum,
1693 1480 1728 1542 et

360 1588 556 1679 sanguinem
583 1588 656 1678 ejus
688 1588 879 1681 pretiosum.
938 1584 1095 1659 Concede
1125 1585 1222 1658 nohis
1254 1607 1315 1681 per
1347 1587 1512 1679 spiritum,
1543 1595 1579 1656 ut
1611 1605 1727 1660 omnes
1768 1585 1781 1598 ”

361 1705 452 1774 vires
479 1703 600 1772 inimici
626 1700 868 1773 conculcemus.
894 1703 1086 1774 Benedictio
1114 1711 1513 1790 manducassemus,
1545 1699 1644 1796 plena
1676 1713 1729 1774 est

359 1815 590 1892 misericordia
617 1827 650 1888 et
676 1819 709 1887 in
743 1840 784 1889 ea
816 1840 910 1914 spem
942 1840 1058 1891 omnes
1090 1818 1267 1892 habemus:
1302 1814 1344 1888 eb
1380 1819 1470 1888 omni
1503 1839 1606 1913 opere
1638 1818 1727 1890 malo

358 1955 499 2007 remove
525 1951 604 2004 nos:
633 1943 666 2006 et
693 1933 735 2005 od
762 1955 860 2006 omne
877 1956 972 2031 opus
999 1933 1122 2008 honum
1149 1935 1294 2028 adjunge
1320 1953 1398 2006 nos.
1445 1933 1647 2007 Benedictus
1672 1937 1728 2030 qui

359 2050 449 2122 dedit
482 2045 580 2120 nohis
613 2069 736 2144 corpus
766 2073 860 2123 suum
903 2061 1069 2139 sanctum,
1110 2063 1143 2124 et
1176 2053 1372 2143 sanguinem
1405 2071 1499 2123 suum
1534 2052 1727 2146 pretiosum.

359 2164 507 2238 Gratiam
544 2167 751 2259 accepimus,
784 2177 816 2237 et
850 2170 953 2240 vitum
986 2171 1191 2256 invenimus,
1224 2188 1286 2262 per
1316 2167 1471 2237 virtutem
1487 2213 1489 2218 -
1504 2168 1613 2240 crucis
1645 2167 1729 2241 Jesu

361 2280 492 2354 Christi.
528 2279 603 2352 Tibi
622 2279 765 2353 Domine
791 2287 918 2374 gratim
944 2288 1086 2376 agimus,
1114 2282 1203 2380 quod
1229 2283 1457 2377 acceperimus
1483 2285 1625 2374 grstirm
1642 2282 1727 2380 Spi-

359 2400 441 2468 ritus
468 2399 581 2470 sancti.
623 2394 737 2469 Gloria
763 2397 906 2472 Domino
932 2400 1020 2489 Deo,
1048 2404 1102 2495 qui
1130 2400 1220 2472 dedit
1244 2399 1343 2472 nobis
1370 2420 1492 2494 corpus
1521 2421 1615 2472 suum
1641 2394 1728 2473 send

360 2521 457 2600 etum,
486 2523 519 2584 et
545 2516 739 2604 sanguinem
766 2519 966 2610 pretiosum,
999 2517 1072 2590 laus
1098 2518 1226 2590 Mariae
1258 2537 1344 2611 quoe
1371 2526 1423 2590 est
1449 2514 1557 2608 gloria
1584 2519 1729 2590 omnium

357 2641 520 2718 nostrum,
549 2651 635 2726 quoe
660 2631 795 2725 protulit
820 2631 916 2706 nobis
942 2633 1193 2708 Eucharistiom.
