4686 6060
750 633 827 710 354
1126 636 1202 713 DE
1253 633 1725 715 ritttttcitl

748 833 913 894 auxerunt
937 821 1177 911 Alexandrini,
1213 821 1254 894 ab
1282 826 1377 896 annis
1404 824 1536 900 circiter
1561 820 1666 910 mille,
1703 843 1749 894 ex
1784 843 1849 915 quo
1883 821 1925 894 ab
1959 820 2112 897 Ecclesia

748 935 920 1010 catholica
947 941 1102 1031 sejuncti,
1131 942 1336 1012 autoritatem
1365 961 1463 1034 quam
1488 936 1673 1010 Dioscorus
1699 946 1734 1009 ct
1759 939 1906 1033 proximi
1932 942 2006 1031 ejus
2034 963 2112 1012 soc-
2148 974 2151 983 ·

748 1074 924 1143 cessores,
950 1057 1114 1127 sententia
1141 1051 1280 1126 Concihi
1308 1051 1592 1127 calchedonensis
1620 1055 1816 1141 amiserant,
1842 1053 1963 1125 favore
1988 1052 2113 1127 Muha-

746 1169 962 1242 medanorum
988 1180 1282 1266 recuperaverunt.
1335 1171 1419 1245 Cum
1446 1173 1534 1243 enim
1566 1180 1665 1242 antea
1691 1168 1835 1241 Romam
1860 1169 2031 1242 Pontificis
2058 1170 2113 1244 di-

747 1290 906 1378 gnitatem
933 1291 1140 1382 superiorem
1167 1298 1404 1380 agnoscerent,
1432 1287 1474 1359 de
1497 1308 1561 1380 qua
1581 1287 1680 1357 etiam
1698 1296 1833 1358 veteres
1853 1284 2114 1360 Constitutiones

748 1400 972 1474 Conciliomm
998 1406 1201 1499 perscriptas
1228 1406 1262 1475 in
1290 1402 1548 1477 Collectionibus
1585 1403 1654 1475 suis
1685 1412 1905 1490 conservant,
1941 1400 2112 1476 Constan-

746 1516 962 1612 tinopolitano
997 1540 1129 1613 quoque
1165 1541 1211 1590 ex
1243 1542 1335 1592 novo
1367 1522 1462 1612 jure,
1498 1517 1541 1591 ob
1580 1516 1673 1590 urbis
1705 1518 1890 1613 Imperialis
1923 1519 2112 1611 dignitatem

746 1635 870 1727 primas
898 1633 1085 1725 deferrent,
1110 1645 1145 1707 ut
1171 1637 1347 1709 etiamnum
1371 1635 1496 1708 faciunt
1523 1632 1646 1706 Graeci
1671 1633 1904 1706 Patriarchae:
1940 1639 2003 1731 ipsi
2030 1657 2114 1707 nunc

748 1769 769 1819 a
794 1747 1110 1824 Mubamedanorum
1136 1754 1232 1843 regni
1258 1754 1367 1842 initio,
1393 1754 1490 1848 primi
1516 1759 1591 1823 sunt
1617 1739 1761 1822 omnium
1772 1749 1981 1824 lacebiticae
2000 1763 2113 1824 sectae

747 1864 956 1956 Antistitum,
990 1876 1024 1938 et
1050 1871 1255 1962 superiorem
1292 1888 1358 1940 non
1393 1875 1589 1960 agnoscunt.
1649 1864 1701 1938 lla
1734 1868 1821 1937 enim
1855 1887 1875 1936 a
1907 1866 2016 1938 multis
2045 1871 2113 1961 jam

749 1981 891 2054 saecubs
918 1992 970 2055 est
996 1981 1122 2056 sedium
1149 1983 1419 2056 Patriarchabmn
1446 1982 1636 2079 dispositio,
1662 1992 1782 2054 utnon
1800 1981 2112 2073 minuslacobitae,

749 2117 845 2190 quam
872 2096 1080 2186 Nestoriani,
1108 2108 1143 2170 et
1167 2099 1303 2196 Syriani
1330 2098 1461 2195 quidam
1487 2097 1684 2188 Melchitae,
1719 2101 1774 2192 qui
1801 2097 2002 2170 schismatici
2029 2105 2113 2186 sunt,

749 2211 957 2286 Graecorum
984 2214 1158 2310 exemplo,
1187 2239 1303 2290 omnes
1330 2216 1460 2289 tandem
1488 2218 1588 2287 ctiam
1609 2212 1858 2302 Mubamedani,
1885 2216 1993 2285 sciant
2007 2236 2111 2309 prae-

746 2333 938 2420 rogativam
971 2331 1136 2424 dignitatis
1174 2355 1253 2406 csse
1287 2355 1392 2429 penes
1428 2331 1612 2404 Romanum
1647 2329 1855 2402 Pontificem:
1894 2339 1994 2424 atque
2027 2328 2110 2402 adeo

745 2449 886 2541 primam
912 2446 1045 2539 sedern,
1076 2457 1174 2520 extra
1201 2453 1345 2522 omnium
1372 2459 1437 2521 tam
1465 2447 1765 2535 schismaticorum,
1793 2469 1891 2541 quam
1917 2443 2112 2519 haeretieo-

745 2582 819 2631 rum
845 2566 1108 2637 eommunionem
1135 2587 1214 2638 esse
1238 2565 1392 2638 fatentur.

457 2695 676 2750 ratramnum
698 2698 733 2750 o.
849 2675 954 2749 XVII.
982 2677 1104 2751 Graeci
1130 2690 1230 2776 atque
1257 2704 1373 2754 omnes
1400 2702 1484 2776 quos
1510 2678 1740 2752 Melchitarmn
1766 2680 1930 2750 communi
1957 2677 2112 2750 denomi-

422 2782 504 2836 mites

745 2793 880 2864 natione
907 2792 1093 2869 Orientales
1120 2797 1397 2893 complectuntur,
1422 2797 1485 2870 bos
1511 2793 1912 2886 habentPatriarcbatus,
1939 2793 2113 2868 Constan-

744 2908 1012 3003 tinopolitanum,
1037 2912 1322 3006 Alexandrinum,
1347 2913 1591 2988 Antiochenam
1606 2921 1640 2984 et
1654 2910 2010 3006 Hierosolymorum,
2031 2931 2113 3006 quos

745 3022 895 3097 obtinent
919 3027 1078 3124 Episcopi
1105 3028 1227 3104 Graeci
1253 3035 1354 3122 ritus,
1389 3034 1444 3127 qui
1476 3029 1582 3103 adhuc
1615 3027 1747 3099 Graeca
1776 3026 1908 3118 Lingua
1942 3024 2113 3098 celebrant

745 3141 1148 3218 officiaSaeramentorum
1175 3151 1328 3220 omnium.
1355 3149 1392 3220 ln
1419 3169 1533 3220 eorum
1561 3146 1794 3218 commumone
1820 3152 1896 3215 sunt
1911 3142 1992 3238 Syri
2009 3141 2111 3232 multi,

744 3261 799 3351 qui
825 3257 969 3354 Syriaco
996 3284 1093 3335 sacra
1120 3262 1300 3336 celebrant.
1340 3263 1529 3337 Nestoriani
1555 3265 1610 3358 qui
1635 3261 1852 3354 antiquissimi
1868 3255 2112 3330 haercticomm

743 3385 836 3466 sunt,
865 3399 1002 3472 quorum
1029 3383 1189 3452 memoria
1215 3390 1387 3476 superest,
1413 3379 1536 3452 mdlum
1556 3380 1690 3451 omnmo
1711 3373 1972 3446 Patriarchatum
1990 3371 2112 3445 babent

743 3514 790 3562 ex
816 3503 957 3587 quatmr
983 3494 1172 3585 veteribus,
1200 3496 1261 3570 sed
1292 3499 1448 3593 primaria
1481 3495 1580 3569 sedes
1617 3514 1758 3582 οοωιιι,
1792 3493 1963 3586 ipsiusque
1996 3501 2111 3564 sectae

742 3608 940 3705 Metropolis
980 3610 1133 3704 Bagdadi
1164 3624 1235 3704 est,
1270 3621 1328 3685 aot
1360 3613 1478 3686 vicinis
1510 3615 1545 3684 in
1577 3611 1686 3700 locis,
1720 3608 1848 3702 absque
1881 3606 1975 3678 titulo
2009 3605 2110 3692 urbis,

741 3726 802 3799 sed
829 3726 903 3798 solo
931 3727 1117 3820 dignitatis,
1144 3753 1208 3824 qua
1237 3751 1275 3802 se
1304 3728 1501 3800 Catholicae
1526 3735 1659 3799 vocant.
1712 3723 1844 3818 Nempe
1871 3725 1947 3817 quia
1966 3743 2109 3794 sucees-

740 3852 855 3914 semnt
884 3839 1064 3917 Catholicis
1090 3844 1285 3935 blodainac,
1312 3848 1387 3918 sive
1414 3843 1591 3916 Seleuciae
1617 3848 1651 3913 et
1677 3837 1920 3936 Ctesiphontis,
1946 3837 2005 3910 ubi
2033 3836 2108 3909 obm

740 3956 947 4048 residebant,
991 3971 1166 4056 antequam
1198 3961 1255 4034 illa
1288 3961 1465 4036 Persarum
1501 3961 1597 4051 regia
1641 3981 1662 4031 a
1695 3954 1945 4028 blubomedanis
1986 3973 2108 4026 eversa

739 4073 845 4164 foret;
871 4097 948 4146 nam
973 4087 1092 4172 postea
1118 4077 1313 4172 Bagdadum
1339 4099 1378 4152 se
1404 4075 1657 4164 transhdcrunt,
1685 4094 1771 4169 quae
1797 4069 1876 4144 urbs
1903 4071 1945 4144 ab
1964 4069 2109 4142 Almon-
2213 4075 2216 4086 '

741 4212 821 4265 sore
846 4188 1109 4266 Abbassidemm
1139 4191 1319 4266 Galliarum
1344 4194 1384 4266 ll.
1417 4191 1549 4266 condita
1582 4200 1634 4264 est
1668 4211 1756 4262 anno
1783 4186 1938 4283 ,stegnas
1974 4185 2107 4260 CXLV.

740 4307 771 4378 l.
806 4305 844 4380 C.
878 4306 1073 4382 ucctxtt.
1126 4310 1243 4384 Nullus
1272 4332 1415 4405 unquam
1442 4331 1557 4381 eorum
1586 4301 2004 4398 Constantinopolitanam,
2029 4303 2107 4375 Au·

682 4429 684 4434 ’
740 4421 975 4496 tiochenumve
1009 4425 1250 4515 Patriarcham,
1285 4425 1344 4499 vel
1369 4425 1461 4497 titudo
1488 4435 1583 4497 tenus
1614 4421 1803 4518 appellavit.
1863 4419 2107 4514 Hierosolymis

743 4539 874 4635 quidem
901 4541 1059 4612 circaea
1085 4552 1238 4637 tempora
1264 4543 1381 4638 quibus
1407 4543 1530 4614 Franci
1555 4561 1696 4632 regnum
1728 4533 1938 4624 obtinebant,
1975 4537 2106 4607 antisti-

741 4666 808 4728 tem
835 4677 917 4729 suae
943 4665 1057 4729 sectae
1082 4657 1249 4732 habebant
1273 4657 1467 4747 lacebitue3
1493 4679 1611 4729 verum
1626 4655 1752 4750 absque
1770 4649 1987 4725 Patriarcbah
2004 4649 2105 4736 titulo,

740 4777 787 4847 ita
811 4785 848 4848 ut
873 4769 946 4848 solo
972 4774 1219 4872 bletropolitani
1245 4774 1371 4849 honore
1398 4773 1570 4867 gauderet.
1632 4772 1737 4844 Suum
1768 4790 1900 4865 quoque
1926 4768 2104 4862 bletropo-

741 4891 832 4965 litam
857 4896 890 4964 in
917 4895 999 4970 urbe
1025 4901 1140 4967 sanctu
1166 4892 1357 4965 Nestoriani
1382 4893 1606 4976 instituerunt,
1633 4888 1788 4984 quodque
1814 4906 1962 4962 summae
1981 4883 2104 4956 absur-

743 5012 852 5086 ditatis
885 5023 956 5103 est,
991 5021 1108 5084 contra
1145 5006 1317 5082 (lenonum
1349 5007 1571 5080 Niceenomm
1605 5006 1875 5102 dispositionem,
1905 5002 2104 5094 vigesimum

743 5129 923 5204 secundum
947 5131 1034 5200 inter
1059 5125 1290 5221 Metropohtns
1317 5125 1428 5199 locum
1454 5123 1688 5212 attribuerunt,
1720 5125 1775 5217 qui
1801 5124 1924 5218 primus
1951 5119 2104 5204 omnium,
