4686 6060
607 639 681 713 332
1056 685 1066 704 ·
1174 637 1406 714 tto-tna

602 824 738 905 passioni
760 829 807 886 est
828 821 1007 902 obnoxium,
1029 822 1108 886 idem
1129 841 1251 905 corpus.
1295 821 1338 886 lta
1360 822 1533 886 Nestoriani
1560 821 1591 884 in
1612 819 1755 905 liturgiis
1777 820 1842 885 suis
1865 797 1979 900 dicum,

604 922 792 986 oblationem
804 923 904 986 viuum
922 931 953 985 et
972 923 1150 985 mhomtem
1168 925 1376 1002 primitiarum
1396 931 1581 998 memorien,
1603 923 1815 1002 σίσιίιισιιισιιε
1835 941 1895 984 nou
1916 926 1980 985 rir-

493 1018 499 1029 '
602 1023 755 1100 molstum,
778 1022 844 1085 Deo
866 1020 978 1102 offerri.
1022 1020 1252 1102 hemeterium
1274 1022 1334 1085 Dei
1353 1023 1406 1102 pui
1425 1022 1558 1102 peada
1580 1021 1777 1099 rumlicuhtr
1796 1039 1979 1084 ισσνσσιοι-

333 2709 442 2760 Ezereit.
466 2707 510 2761 26.
533 2708 589 2759 ads.

602 1123 712 1197 taliter,
735 1127 766 1184 et
781 1123 857 1182 vivit
872 1123 904 1182 io
923 1122 1065 1184 suendo.-
1087 1129 1118 1183 et
1140 1119 1197 1184 alia
1212 1120 1250 1183 de
1272 1120 1381 1201 quihus
1402 1119 1550 1183 videndae
1572 1126 1664 1183 notae
1687 1119 1725 1182 ad
1748 1118 1901 1184 Theodori
1922 1120 1979 1184 Li·

602 1223 740 1303 tnrgiam.
783 1221 850 1284 Pari
873 1219 1028 1284 intellectu
1051 1221 1158 1283 Graeci
1180 1220 1337 1294 dixerunt,
1366 1219 1517 1282 Christum
1539 1237 1610 1282 esse
1632 1219 1663 1282 iu
1686 1220 1881 1283 Sacramenta
1903 1239 1973 1284 eun

602 1324 654 1402 qui
676 1319 777 1398 offert,
801 1328 832 1382 et
854 1321 905 1401 qui
927 1319 1070 1398 offertur,
1093 1323 1192 1382 secuti
1215 1318 1396 1402 Gregorium
1418 1318 1623 1401 theologum,
1652 1318 1764 1399 quiite
1787 1319 1906 1384 loeutus
1928 1327 1977 1382 est

602 1422 632 1484 in
645 1418 860 1503 Apologetico.
885 1407 955 1482 Ὅτι
969 1415 1086 1504 μηδεὶς
1108 1408 1200 1497 ἄξιος
1220 1418 1282 1482 τοῦ
1302 1413 1448 1502 μεγάλου
1469 1414 1525 1482 καὶ
1545 1414 1642 1494 θεοῦ,
1660 1413 1716 1480 aul
1739 1405 1899 1494 θύματος,
1920 1413 1978 1482 καὶ

603 1509 795 1606 ἆρχιερέως,
824 1508 912 1592 ὅςτις
938 1506 985 1602 μή
1014 1506 1172 1604 πρότερον
1199 1505 1317 1581 ἑαυτὸν
1345 1513 1532 1604 παρέστησε
1551 1539 1598 1599 τῳ
1583 1515 1691 1599 θεῷ
1711 1511 1838 1580 θυσίαν
1859 1513 1977 1594 ζῶσαν,

604 1610 707 1701 ἁγίαν.
749 1618 879 1699 Dignum
902 1637 968 1681 esre
989 1621 1136 1680 neaman
1157 1637 1266 1699 magno
1286 1618 1363 1693 Deo,
1385 1619 1487 1681 hostio
1508 1625 1539 1682 et
1558 1617 1714 1695 Pontinos,
1735 1619 1789 1698 qut
1807 1636 1868 1680 oon
1886 1621 1978 1699 prins

603 1719 774 1780 exhibuerit
794 1736 828 1778 se
848 1717 915 1780 Deo
936 1718 1066 1779 Matium
1087 1719 1199 1796 uicum,
1222 1727 1251 1780 et
1272 1725 1418 1780 retectum
1446 1717 1491 1780 Ea
1513 1718 1673 1780 occasione
1696 1717 1803 1780 turbae
1825 1734 1887 1780 non
1908 1734 1978 1778 me·-

603 1817 723 1880 diocres
747 1817 895 1878 excitatae
923 1823 992 1878 sunt
1013 1816 1045 1877 in
1067 1815 1207 1879 Ecclesia
1222 1817 1550 1900 Constantinopolitana
1574 1832 1652 1878 anno
1675 1816 1786 1880 Christi
1808 1817 1849 1882 hl.
1873 1815 1975 1880 ctvt.
2073 1868 2081 1876 .

604 1917 665 1982 Sub
694 1915 833 1978 hlanuele
865 1915 1036 1991 Comoeno,
1065 1916 1103 1978 de
1133 1917 1240 1996 quihus
1269 1918 1430 1982 Cinnamus
1460 1918 1479 1980 l.
1501 1917 1531 1978 l.
1553 1918 1674 1980 Nicetes
1703 1917 1722 1979 l.
1747 1919 1776 1981 t.
1800 1926 1831 1979 et
1852 1923 1976 1978 autores

604 2017 652 2078 alii
674 2015 743 2078 luse
764 2017 963 2096 scripsenutt.
991 2014 1107 2095 Nempe
1129 2035 1196 2078 cum
1218 2015 1345 2081 Basilius
1357 2017 1508 2080 Diaconos
1530 2015 1756 2096 interpretando
1767 2014 1977 2097 Evangehum,

602 2115 723 2197 publice
745 2116 825 2177 hanc
848 2114 1015 2178 doctrinam
1038 2134 1077 2176 ex
1094 2116 1211 2196 pulpito
1228 2117 1445 2198 praedicasset,
1469 2115 1596 2178 Michael
1611 2114 1806 2178 Protecdicus
1817 2113 1976 2177 Ecclesiae

604 2214 966 2296 Constantinopolitanae,
990 2213 1180 2295 Nicephorus
1203 2214 1387 2296 Basilaeius,
1416 2215 1536 2292 etalii,
1560 2234 1641 2294 eam,
1673 2223 1812 2295 tanquam
1835 2213 1976 2276 haeresin

602 2314 813 2377 Nestorianam
835 2313 1009 2390 induceret,
1032 2315 1298 2397 impugnaverunt,
1323 2317 1432 2398 quihus
1455 2315 1622 2378 adhaesere
1645 2313 1820 2377 soterichus
1842 2312 1977 2375 Panteu-

602 2431 700 2496 genus
723 2413 896 2475 Patriarcha
925 2412 1133 2476 antiochenus
1162 2412 1353 2498 designatus,
1379 2415 1553 2479 Eustathius
1580 2413 1772 2495 Metropolitae
1804 2412 1977 2494 Dyrrachii,
2031 2487 2036 2506 Ι

603 2520 633 2574 et
656 2513 705 2575 alii
720 2512 864 2574 nonnulli.
909 2512 1034 2592 Synodo
1057 2511 1157 2574 habita
1180 2511 1287 2577 eodem
1309 2534 1399 2590 anno,
1422 2515 1578 2577 anathema
1600 2515 1829 2594 pronunciatum
1853 2513 1884 2574 in
1905 2511 1976 2573 illos

605 2620 662 2688 est,
686 2612 737 2692 qui
759 2612 967 2693 explicatama
982 2609 1092 2674 Basilio
1107 2610 1272 2676 doctrinam
1284 2615 1502 2698 impugnarent.
1527 2613 1634 2676 Totam
1648 2612 1734 2674 istius
1745 2612 1976 2675 controversiae

605 2713 759 2774 historiam
783 2718 924 2773 accurate
948 2731 987 2773 ex
1012 2713 1135 2774 Graecis
1158 2714 1313 2776 autoribus
1336 2714 1500 2794 explicavit
1527 2711 1589 2774 Leo
1619 2709 1854 2787 Allatius31um
1884 2711 1977 2772 multa

280 2793 416 2863 &dalm-
439 2813 464 2864 n·
487 2795 548 2844 522.
568 2803 828 2893 “theologorum
850 2818 986 2873 veterum
1009 2818 1040 2873 et
1061 2813 1264 2874 recentiorum
1287 2814 1453 2876 testimonia
1478 2811 1612 2896 collegit,
1634 2828 1696 2873 non
1717 2809 1806 2873 modo
1830 2829 1869 2871 ex
1891 2809 1976 2872 libris

278 2898 330 2950 ⁸⁰4·

302 2968 509 3039 Εσσὶιόνηῖρᾱ.
528 2979 588 3022 etr.

318 4915 413 4967 Romae
432 4915 509 4966 tott.

601 2911 707 2988 editis,
730 2910 785 2974 sed
807 2911 898 2974 etiam
920 2928 960 2971 ex
982 2910 1202 2992 manuscriptis.
1247 2912 1291 2974 Eu
1321 2913 1418 2974 omnia
1440 2911 1602 2974 Dosithens
1624 2908 1796 2972 Patriarcha
1827 2907 1977 2992 llieroso-

601 3013 771 3094 lvmitanus,
794 3009 973 3073 transtulit'
965 3010 1201 3074 rnEuchiridion
1223 3029 1320 3090 suum,
1343 3028 1399 3076 sau
1422 3010 1584 3074 editionem
1594 3009 1752 3072 Tractatus
1767 3027 1866 3089 quem,
1889 2989 1975 3072 titulo

601 3113 687 3174 Secti
705 3112 778 3192 fidei
799 3109 1009 3188 Orthodoeoe,
1033 3111 1215 3190 scripserat,
1240 3112 1351 3193 quique
1374 3110 1488 3192 Synodi
1510 3109 1800 3190 hierosolymitanae
1813 3127 1869 3170 scu
1881 3107 1977 3170 Beth

602 3212 788 3286 leemitieae,
812 3211 881 3292 quia
905 3209 936 3270 in
960 3227 995 3271 ea
1020 3209 1167 3290 probatus
1190 3217 1221 3272 et
1244 3212 1435 3276 confirmatus
1457 3209 1572 3289 iuerat,
1601 3210 1720 3272 nomine
1744 3207 1882 3272 Lutetiae
1904 3208 1975 3270 olim

602 3311 700 3374 editus
723 3318 779 3372 est.
803 3309 928 3372 Tantum
951 3308 1037 3371 abest
1059 3325 1164 3390 porro,
1188 3316 1221 3372 ut
1243 3309 1323 3390 quod
1347 3327 1427 3375 anno
1442 3308 1482 3372 hl.
1496 3307 1668 3373 octxxtt.
1690 3309 1868 3389 scripserat,
1892 3305 1976 3389 Syn-

602 3410 945 3491 oduqueproposuerat,
968 3411 1191 3488 retractaverit,
1214 3410 1285 3490 quin
1303 3412 1402 3491 potius
1425 3425 1462 3472 ea
1484 3409 1571 3470 novis
1586 3415 1616 3470 et
1632 3405 1753 3487 quidem
1765 3405 1863 3470 multis
1879 3425 1977 3490 argu-

602 3512 710 3573 mentis
734 3509 930 3574 conhrmavit.
954 3507 1043 3580 Quod
1065 3507 1102 3570 ah
1115 3508 1228 3571 Allatio
1251 3507 1413 3592 descripsit
1435 3525 1573 3590 magnam
1595 3507 1833 3570 testimoniorum
1848 3491 1976 3587 partem,

601 3607 631 3670 id
654 3625 723 3670 eum
745 3593 961 3693 λατινόφρονα
980 3604 1076 3670 fuisse
1096 3625 1158 3670 non
1178 3606 1299 3689 probat,
1322 3625 1389 3670 cum
1410 3608 1442 3670 in
1464 3606 1534 3670 odio
1547 3605 1699 3668 Romanae
1717 3605 1875 3668 Ecclesiae
1898 3623 1977 3668 con-

602 3708 740 3770 senuisse
764 3725 832 3769 eum
855 3706 950 3768 sciant
973 3723 1088 3786 omnes,
1112 3708 1165 3788 qui
1185 3706 1446 3789 Constantinopoli
1468 3713 1519 3770 aut
1541 3704 1758 3788 Hierosolymis
1781 3703 1863 3768 illurn
1884 3702 1976 3767 vide-

601 3813 682 3884 runt,
706 3814 736 3869 ct
749 3808 822 3870 satis
837 3806 1024 3869 demonstret
1037 3806 1179 3886 Nectarii,
1203 3810 1287 3890 cujus
1306 3807 1470 3888 discipulus
1483 3805 1549 3884 tuit,
1563 3804 1641 3868 liber
1653 3805 1801 3868 adversus
1814 3804 1976 3866 Primatum

603 3905 727 3968 Romani
750 3904 924 3982 Pontificis3
948 3905 1033 3987 cujus
1056 3906 1174 3987 operis,
1204 3914 1341 3970 autorem
1363 3905 1445 3969 illum
1466 3907 1568 3987 potius
1590 3923 1680 3987 quam
1702 3904 1847 3969 editorem
1869 3903 1976 3984 luisse,

605 4005 682 4066 lama
705 4007 734 4068 in
758 4004 883 4068 Oriente
914 4004 978 4068 luit.
1024 4005 1135 4068 Verum
1162 4023 1229 4068 cum
1257 4004 1332 4069 illud
1360 4003 1560 4086 publicaverit
1589 4013 1619 4068 et
1646 4009 1676 4066 in
1705 4003 1893 4067 Praelatiouc
1916 4022 1977 4084 qua

603 4103 738 4168 Nectarii
761 4106 851 4166 vitam
874 4105 1009 4167 breviter
1031 4103 1206 4184 complexus
1229 4111 1286 4183 est,
1310 4104 1391 4167 illum
1414 4104 1451 4168 ah
1474 4105 1633 4168 inimicitiis
1647 4123 1721 4186 quas
1734 4111 1839 4168 contra
1849 4102 1975 4168 latinos

604 4211 753 4285 perpetuo
777 4211 967 4282 exercuerat,
989 4204 1125 4284 impense
1147 4201 1324 4280 laudaverit,
1346 4220 1407 4266 non
1428 4205 1526 4268 minus
1549 4223 1637 4285 quam
1654 4201 1806 4267 hleletium
1820 4202 1975 4285 Syrigum,

605 4303 690 4385 cujus
713 4301 924 4366 refutationem
948 4301 1155 4366 Confessionis
1179 4300 1285 4384 Cyrilli
1307 4302 1432 4367 Lucaris
1455 4304 1543 4367 simvd
1565 4303 1673 4381 edidit,
1702 4301 1815 4365 trustra
1843 4300 1921 4365 illius
1943 4303 1977 4364 in
2039 4316 2046 4328 ’

604 4402 727 4466 Latinos
750 4405 917 4484 propensio
941 4403 1106 4484 quaeritur,
1129 4419 1146 4464 a
1170 4420 1228 4486 qua
1250 4403 1427 4488 longissime
1450 4411 1584 4468 remotus
1606 4402 1669 4467 luit.
1705 4399 1780 4464 Cum
1794 4419 1870 4465 vero
1886 4399 1975 4464 ntta-

605 4504 715 4565 tianam
739 4503 976 4566 testimoniorum
1001 4501 1355 4566 chraecishutorihus
1371 4501 1588 4566 collectionem
1611 4503 1642 4564 in
1664 4519 1740 4583 opus
1762 4519 1848 4564 suum
1871 4508 1975 4562 trans-

605 4601 689 4682 ludit,
713 4601 819 4664 eadem
843 4619 937 4684 opera
959 4600 1068 4666 nullam
1083 4601 1309 4666 interGraccos
1327 4601 1511 4682 Latinosque
1531 4602 1569 4664 dc
1582 4599 1790 4666 Eucharistiae
1813 4598 1872 4664 hde
1895 4619 1975 4663 con-

606 4703 784 4765 troversiam
808 4721 877 4766 esse
900 4701 1056 4783 protessus
1072 4710 1134 4780 est;
1157 4702 1341 4786 agnovitque
1354 4701 1425 4764 nihil
1441 4699 1598 4764 ahhllatio
1612 4699 1731 4779 relcni,
1751 4699 1832 4782 quod
1849 4697 1975 4764 Graecis

606 4803 742 4882 ignotum
765 4800 845 4864 toret
867 4808 918 4865 aut
941 4801 1148 4884 improbatum.
1192 4802 1238 4864 De
1266 4799 1372 4864 eadem
1399 4803 1610 4865 controversia
1630 4799 1761 4864 videnda
1783 4799 1872 4862 etiam
1895 4817 1974 4881 quae

606 4901 729 4982 scripsit
751 4899 830 4964 idem
852 4901 980 4965 Allatius
1003 4903 1033 4965 in
1055 4903 1244 4966 Praelatione
1268 4899 1306 4964 ad
1329 4908 1474 4984 excerpta
1497 4899 1754 4964 varianhetorum
1768 4907 1799 4962 ct
1813 4898 1975 4981 Sophiste-

606 5019 682 5078 rum,
696 5001 725 5061 in
749 5018 807 5081 qna
830 5000 938 5064 multos
962 5009 992 5065 et
1014 5001 1134 5084 qudem
1156 5003 1352 5088 gravissimos
1367 5000 1512 5083 Wolphii,
1535 4999 1973 5082 dumNicetaminterpretatus

608 5104 671 5177 est,
695 5115 818 5162 errores
841 5101 987 5165 emendat.
