4760 6038
657 529 682 602 8
1181 531 1541 607 lltnudll

654 722 752 807 cius,
783 719 831 787 nd
856 741 952 812 quern
979 725 1052 812 ejus
1072 724 1226 813 pertinet
1251 722 1431 808 recitatio,
1457 719 1508 789 ibi
1529 719 1620 791 adsit
1627 773 1638 810 ,
1665 719 1762 790 dabit
1783 723 1817 790 ei
1833 720 2035 794 thnribulum

657 839 693 903 et
719 839 792 928 ipsc
818 857 893 905 cam
915 836 1087 906 recitabit.

936 1095 1057 1164 Oratio
1079 1099 1162 1186 post
1187 1094 1409 1188 Eamqetiruu
1434 1101 1570 1166 secreto
1597 1095 1754 1168 dicenda

757 1299 994 1392 Longanimis,
1031 1299 1154 1371 multae
1180 1299 1429 1370 misericordiae
1456 1311 1491 1371 et
1522 1323 1650 1389 verax,
1683 1304 1817 1396 suscipe
1850 1306 2031 1392 orationes,

653 1417 913 1512 deprecationes
940 1425 974 1487 et
1000 1417 1257 1512 supplicationes
1284 1427 1437 1506 nostras,
1464 1420 1768 1512 poenitentiamque
1784 1429 1818 1488 et
1839 1415 2031 1488 consessio-

655 1556 731 1604 ncm
758 1543 906 1604 nostram
934 1554 1036 1627 super
1065 1532 1172 1603 altare
1200 1543 1288 1602 tuum
1315 1541 1484 1622 sanctum,
1511 1555 1629 1628 purum
1641 1541 1675 1604 et
1695 1532 1863 1623 coeleste,
1889 1543 1925 1602 ut
1940 1531 2033 1626 digni

655 1649 836 1720 efficiamur
863 1647 1033 1720 auditores
1060 1647 1325 1740 Evangeliorum
1350 1659 1481 1719 morum
1508 1659 1699 1721 sauctorum
1725 1660 1761 1719 et
1784 1661 1965 1744 praecepta
1999 1657 2034 1720 et

656 1763 812 1835 mandata
852 1775 907 1834 tua
940 1761 1180 1852 observemus,
1217 1774 1250 1834 et
1284 1767 1318 1833 in
1353 1767 1393 1835 iis
1427 1765 1664 1851 centesimum,
1695 1767 1964 1857 sexagesimum,
1998 1777 2032 1838 et

654 1883 859 1971 trigesimum
891 1878 1034 1950 fructum
1059 1878 1288 1975 proferamus,
1315 1881 1348 1950 in
1374 1877 1508 1950 Christo
1530 1879 1613 1950 Jesu
1625 1879 1769 1952 Domino
1796 1892 1923 1952 nostro.
1949 1881 2031 1952 Me-

652 2005 787 2086 mento,
813 1995 978 2086 Domine,
1006 1995 1208 2068 infirmorum
1234 1995 1349 2090 populi
1377 1999 1438 2090 tui,
1465 1997 1598 2090 respice
1623 2018 1686 2068 eos
1703 2019 1777 2067 cum
1799 1997 2027 2068 misericordia

549 2126 561 2138 '
654 2123 689 2182 et
714 2111 907 2201 clementia,
945 2135 1075 2208 eosque
1101 2135 1194 2184 sana.
1222 2111 1412 2201 Memento,
1446 2111 1608 2198 Domine,
1643 2121 1793 2205 patmm,
1828 2110 2030 2204 fratmmque

651 2237 842 2300 nostrorum
870 2250 1016 2324 peregre
1044 2225 1247 2316 absentium,
1281 2226 1385 2298 reduc
1418 2249 1479 2299 eos
1515 2230 1547 2297 in
1582 2226 1700 2299 domos
1734 2251 1813 2300 suas
1848 2226 1964 2299 salvos
1997 2236 2030 2298 et

651 2343 844 2416 incolumes.

762 2461 928 2552 Tempore
954 2458 1029 2529 Nili
1056 2459 1299 2529 exorcdotionis
1325 2465 1359 2528 et
1382 2459 1521 2551 planiae
1547 2460 1690 2529 dicetur.

757 2575 947 2663 Memento,
979 2575 1147 2662 Domine,
1184 2597 1343 2670 aqnamm
1378 2573 1519 2645 {luminis
1555 2585 1590 2645 et
1615 2573 1756 2645 benedic
1789 2573 1866 2663 illis,
1901 2595 2029 2666 augens

652 2691 726 2763 illas
749 2693 848 2783 juxta
874 2713 1063 2762 mensuram
1094 2712 1197 2761 snam.

761 2809 927 2902 Tempore
952 2811 1110 2879 sementis
1137 2807 1269 2876 dicetur
1297 2831 1320 2876 u
1342 2809 1457 2900 primo
1483 2805 1623 2899 Pnopbi
1657 2807 1705 2875 ad
1735 2809 1879 2899 primam
1912 2805 2030 2876 Boioi.

757 2921 948 3014 Memento,
975 2923 1137 3012 Domine,
1165 2927 1342 3012 seminum,
1369 2921 1642 3018 plantarumque,
1669 2932 1705 2992 ut
1719 2931 1874 2992 crescant
1889 2917 2028 2991 etmul-

652 3037 848 3134 tiplicentur.

757 3156 814 3228 Ab
842 3154 1042 3249 Epiphanio
1068 3156 1273 3248 adprimitur
1291 3155 1438 3245 ejusdem
1463 3157 1595 3226 mensis.

756 3271 945 3363 Memento,
971 3269 1134 3358 Domine,
1161 3272 1251 3340 aeris
1277 3271 1363 3342 coeli
1391 3281 1424 3340 et
1449 3269 1612 3341 ducturum
1648 3280 1777 3358 terrae,
1817 3273 1933 3362 eisque
1959 3267 2027 3340 be-

652 3387 760 3459 nedic.
819 3387 989 3459 Memento
1023 3387 1168 3458 Domine
1203 3386 1318 3459 salutis
1351 3387 1419 3456 loci
1451 3385 1547 3478 hujus
1579 3389 1685 3459 sancti
1718 3389 1784 3474 tui,
1819 3388 2027 3480 omniumque

651 3507 801 3576 locomm
829 3515 864 3574 et
889 3505 1188 3592 Mouasteriorum,
1215 3513 1405 3574 sanctorum
1432 3512 1563 3596 patrum
1588 3511 1776 3573 nostrorum
1805 3499 2028 3572 Orthodoxo-

650 3643 734 3692 rum.
795 3619 965 3691 Memento
998 3619 1143 3690 Domine
1179 3619 1295 3690 salutis
1329 3617 1495 3688 hominum
1531 3627 1565 3688 et
1600 3616 1797 3690 animalium.
1859 3617 2026 3688 Memento

650 3737 795 3808 Domine
822 3737 912 3809 servi
940 3738 984 3806 tui
1011 3733 1118 3827 Regis
1146 3745 1257 3805 terrae
1284 3743 1442 3821 nostrae,
1474 3743 1573 3826 atque
1610 3733 1698 3803 illum
1733 3737 1765 3802 in
1796 3755 1883 3828 pace
1909 3743 1944 3802 et
1970 3731 2026 3801 di·
2074 3759 2085 3776 ‚

652 3857 778 3943 gnitate
804 3873 980 3922 conserva.
1034 3849 1203 3921 Memento
1235 3850 1377 3920 Domino
1405 3858 1555 3943 patrum,
1587 3847 1792 3942 fratrumque
1827 3859 2026 3934 nostrorum,

653 3971 708 4060 qui
735 3965 1003 4056 obdormierunt,
1031 3969 1295 4060 quieveruntque
1321 3969 1353 4035 in
1381 3963 1446 4036 lide
1482 3962 1687 4035 Ortbodoxa.
1748 3963 1916 4036 Memento
1946 3962 2026 4032 Do-

633 4084 740 4153 -mine
767 4082 1006 4153 sacrificiorum
1033 4078 1321 4174 oblationumque,
1348 4091 1382 4150 et
1407 4083 1448 4152 iis
1473 4078 1622 4151 retribue
1648 4077 1855 4166 mercedem,
1886 4080 1940 4172 qui
1966 4076 2026 4146 has

654 4197 713 4270 tibi
740 4197 927 4271 oblationes
955 4196 1161 4285 obtulerumt,
1189 4218 1315 4290 easque
1342 4195 1384 4265 ad
1417 4204 1451 4266 te
1484 4198 1627 4290 suscipe.
1681 4193 1850 4266 Memento
1886 4193 2027 4264 Domine
2134 4224 2163 4280 ·.

650 4318 860 4410 captivorum
895 4317 950 4408 qui
989 4315 1022 4382 in
1059 4315 1254 4385 servitutem
1288 4309 1421 4382 abducti
1456 4321 1552 4398 sunt,
1596 4310 1765 4403 reducque
1801 4311 2025 4404 captiuitatem

651 4452 777 4501 eorum.
830 4429 1001 4500 Memento
1028 4428 1171 4498 Domine
1199 4449 1316 4498 eorum
1343 4431 1397 4522 qui
1424 4425 1684 4517 calamitatibus,
1711 4435 1745 4496 et
1771 4425 1933 4517 angustiis
1956 4445 2024 4518 op-

649 4549 841 4641 primuntur.
886 4545 1056 4617 Memento
1088 4542 1232 4615 Domine
1266 4541 1588 4615 Catecbumenorum
1622 4541 1735 4637 populi
1769 4544 1832 4630 tui,
1864 4543 2026 4612 miserere

650 4684 787 4752 eorum,
814 4659 974 4733 confirma
1001 4684 1062 4734 eos
1089 4663 1122 4730 iu
1148 4658 1213 4730 lide
1240 4669 1314 4750 tua,
1341 4669 1376 4728 et
1402 4658 1558 4752 reliquias
1585 4679 1702 4728 omnes
1729 4655 1836 4728 cultus
1863 4654 2025 4726 idolorum

651 4775 747 4846 auter
774 4774 814 4846 ab
843 4798 960 4848 eorum
987 4773 1162 4863 cordibus3
1188 4774 1300 4867 legem
1327 4785 1435 4865 tuam,
1461 4778 1614 4846 timorem
1630 4783 1735 4862 tuum,
1762 4780 2023 4868 praeceptatua,

649 4892 811 4962 veritates
839 4900 912 4961 tuas
939 4901 972 4962 et
997 4890 1152 4964 mandata
1178 4901 1234 4962 tua
1261 4900 1370 4962 statue
1395 4893 1429 4961 in
1456 4889 1610 4962 cordibus
1639 4911 1776 4960 eorum:
1805 4887 1846 4959 da
1873 4886 1937 4958 illis
1960 4885 2023 4956 lir-

650 5029 738 5076 mam
766 5008 988 5096 cognitionem
1014 5006 1112 5079 verbi
1139 5030 1203 5103 qno
1231 5029 1293 5103 per
1320 5006 1509 5080 catechesin
1535 5008 1670 5080 instituti
1697 5015 1790 5095 sunt3
1819 5013 1919 5098 utque
1947 5011 2023 5074 sta-
