4686 6060
660 617 736 692 348
1041 619 1116 696 Dll
1167 619 1637 698 PATRIARCHA

657 803 792 894 iuncto,
818 808 891 898 ejus
918 828 1081 901 sequaces
1109 806 1317 880 Timotheum
1343 809 1504 886 Aelurum
1536 809 1789 903 substituerunt,
1823 817 1877 908 qui
1910 817 2025 889 occiso

658 921 830 1011 Proterio,
858 921 1058 995 cathedram
1084 927 1277 1019 occupavit,
1304 927 1497 1022 ejectusque
1530 937 1565 999 et
1598 932 1789 1014 restitutus,
1823 931 1883 1004 sub
1919 932 2024 1004 Basi-

657 1035 742 1110 lisco
769 1047 931 1134 tyranno,
959 1048 993 1110 et
1018 1038 1173 1127 Zenone,
1202 1043 1256 1135 qui
1288 1041 1520 1116 Dioscoriunis
1554 1041 1732 1132 favebant,
1766 1066 1840 1116 eam
1871 1068 1933 1140 per
1963 1050 2024 1118 vi-

655 1156 738 1244 ginti
766 1153 849 1226 duos
876 1176 981 1226 annos
1008 1158 1157 1245 retinuit,
1193 1156 1372 1228 secundum
1405 1157 1526 1230 Severi
1562 1168 1595 1230 et
1629 1159 1769 1232 ahorum
1799 1159 2024 1235 Jacobitarum

654 1274 861 1342 sententiam.
901 1269 1075 1344 'l'imotheo
1108 1271 1227 1344 Petrus
1251 1273 1411 1366 bloggus,
1437 1271 1658 1366 Adnanasius,
1684 1275 1846 1362 Joanncs,
1872 1275 2022 1352 loannes

658 1385 760 1476 alter,
786 1387 972 1458 Dioscorus
995 1389 1125 1479 junior,
1152 1383 1365 1479 Timotheus,
1397 1388 1625 1478 Theodosius,
1657 1393 1797 1478 Petrus,
1828 1391 2023 1484 Damianus,

652 1504 870 1591 Anastasius,
917 1502 1129 1576 Andronicus
1169 1514 1420 1594 successerunt,
1466 1514 1565 1600 atque
1605 1505 1681 1578 huic
1719 1507 1893 1598 Benjumin
1929 1512 2022 1601 cujus

654 1641 740 1691 anno
767 1618 838 1690 XII.
866 1618 897 1689 J.
925 1618 963 1692 C.
989 1617 1124 1692 DCXL.
1150 1619 1357 1692 Alexandria
1385 1621 1426 1694 ab
1453 1621 1623 1696 Arabibus
1650 1635 1749 1717 capta
1782 1632 1854 1712 est,
1886 1628 2021 1698 statim-

653 1757 718 1828 que
744 1734 916 1828 Benjamin
943 1736 1069 1826 ejectus
1097 1745 1130 1808 et
1160 1739 1194 1806 in
1226 1739 1436 1808 monasteriis
1472 1735 1624 1827 latitans,
1658 1741 1827 1812 restitutus
1866 1751 1918 1812 est
1950 1740 2021 1812 sedi

653 1871 752 1938 suae,
793 1861 891 1946 atque
932 1872 1081 1941 omnnem,
1115 1849 1219 1946 pulsis
1254 1850 1458 1924 Orthodoxis
1491 1852 1651 1941 Graecis,
1688 1857 1830 1950 ipsoque
1871 1855 2019 1947 Georgia

652 1966 865 2056 Patriarcha,
891 1970 946 2062 qui
974 1965 1285 2062 Constantinopohn
1311 1966 1410 2059 lingit,
1437 1966 1707 2042 Ecclesiasticam
1727 1976 1937 2044 autoritatem
1951 1969 2020 2042 oh·
2129 1961 2134 1969 ⁴

652 2090 755 2161 tinuit.
807 2084 852 2158 Ut
878 2093 987 2157 autem
1015 2093 1106 2155 certa
1140 2093 1193 2156 est
1222 2106 1264 2157 ea
1297 2107 1395 2178 quarn
1426 2085 1502 2158 fuse
1533 2087 1776 2182 explicavimus
1808 2091 1842 2160 in
1872 2087 2020 2160 Historia

651 2199 867 2278 Patriarcbub
898 2199 1123 2272 Jacobitarum
1153 2198 1415 2272 Patriarcbarum
1450 2225 1469 2272 a
1502 2201 1670 2276 Dioscoro
1705 2202 1749 2274 ad
1780 2203 2021 2296 Benjuminum,

652 2326 698 2393 ita
724 2341 856 2414 quoquo
883 2319 1068 2388 certissima
1095 2325 1147 2386 est
1173 2315 1406 2391 hodiernorum
1431 2316 1736 2390 Alexandrinorum
1757 2320 1948 2392 Antistitum
1975 2342 2020 2392 ex

653 2437 771 2509 eadem
798 2442 909 2518 secta,
936 2432 978 2503 ad
1004 2433 1232 2522 Benjuminum
1264 2440 1370 2527 us'que
1404 2437 1583 2507 successio.
1636 2434 1724 2506 Nam
1751 2438 1814 2508 etsi
1841 2457 1902 2531 per
1929 2435 2020 2526 illud,

653 2554 695 2624 de
722 2572 787 2646 quo
815 2570 896 2619 mox
923 2545 1133 2638 dicebamus,
1159 2549 1365 2620 intervallum
1392 2552 1486 2620 unius
1513 2549 1620 2622 lerme
1646 2549 1795 2640 saeculi,
1829 2574 1894 2646 quo
1925 2551 2019 2624 Mel-

652 2668 760 2739 cbitae
786 2669 861 2738 sive
889 2662 1087 2752 Orthodoxi,
1113 2662 1337 2736 Patriarcham
1363 2687 1430 2736 non
1456 2663 1656 2756 habuerunt,
1682 2667 1858 2740 videbatur
1885 2671 2018 2740 omnino

651 2785 793 2857 lutrarum
819 2791 855 2854 ut
881 2802 997 2852 corum
1025 2782 1212 2851 continuata
1240 2778 1282 2852 ab
1308 2780 1514 2876 Apostolicis
1540 2779 1744 2877 temporibus
1770 2782 1857 2856 linea
1879 2782 2018 2856 abrum-

651 2911 804 2999 peretur,
832 2906 989 2990 essetque
1016 2894 1216 2990 periculum,
1243 2919 1285 2968 ne
1311 2895 1472 2987 Barbari,
1500 2901 1555 2994 qui
1583 2898 1842 2972 Christianorum
1871 2903 1947 2991 jura
1973 2923 2019 2972 ex

654 3019 728 3091 sola
752 3017 971 3112 possessione
997 3010 1258 3100 constituebant,
1284 3035 1352 3084 non
1377 3012 1476 3086 iacile
1500 3023 1692 3108 paterentur
1722 3019 1849 3090 restitui
1881 3016 2020 3090 Graecis

656 3153 740 3230 quos
778 3131 1045 3226 suspectissimus
1081 3127 1263 3217 habebant,
1296 3128 1555 3201 Patriarchalem
1588 3131 1796 3222 dignitatem,
1830 3131 1953 3206 lactura
1986 3133 2017 3204 id

654 3263 763 3323 tamen
797 3258 849 3321 est
888 3249 978 3318 circa
1012 3267 1131 3316 annum
1170 3244 1317 3336 Hegirao
1350 3244 1452 3318 CXll.
1488 3249 1543 3340 qui
1577 3246 1759 3342 respondet
1793 3269 1880 3320 anno
1916 3271 2019 3322 aerae

655 3367 863 3440 Christianae
889 3362 1091 3436 DCCXXX.
1143 3362 1255 3455 Atque
1283 3360 1440 3456 deinceps
1467 3383 1547 3434 suos
1575 3386 1707 3458 quoque
1738 3362 1914 3436 Melchitao
1944 3365 2018 3437 Pa-

654 3482 815 3557 triarchas
836 3502 970 3578 semper
995 3477 1196 3566 babuerunt3
1222 3487 1257 3548 et
1281 3477 1411 3550 illorum
1436 3477 1603 3570 legitimus
1631 3502 1810 3554 successor
1837 3491 1889 3552 est
1902 3477 2016 3552 Grae-

653 3623 731 3691 cus,
758 3602 812 3695 qui
840 3597 971 3670 Graece
997 3617 1094 3668 sacra
1121 3590 1287 3692 celebrat,
1313 3604 1347 3666 et
1373 3595 1513 3688 primum
1545 3597 1579 3664 in
1605 3593 1759 3668 Ecclesia
1793 3595 1925 3668 Graeca
1957 3595 2016 3667 lo-

652 3739 745 3807 cum,
772 3725 849 3812 post
875 3709 1273 3805 Constantinopolitanmn
1300 3708 1434 3781 obtinet.

384 3851 458 3903 niun
478 3851 640 3908 raanrena-
756 3832 842 3903 Vlll.
868 3831 922 3902 De
948 3828 1004 3901 illo
1032 3828 1186 3922 quoniam
1220 3825 1310 3896 multi
1345 3829 1566 3921 scripserunt,
1597 3848 1705 3922 neque
1737 3829 1872 3906 instituti
1904 3834 2016 3926 operis
2086 3841 2090 3850 ’

332 3952 389 3989 ‘¹²¹⁰
405 3937 738 4022 Alexandrinorun1.mq⁰
764 3945 922 4043 postulat,
949 3947 1042 4016 utin
1069 3943 1271 4014 Graecarum
1297 3940 1525 4016 Ecclesiamm
1551 3940 1653 4014 rebus
1681 3965 1766 4037 quae
1793 3949 1873 4020 satis
1901 3945 2016 4042 expli-

654 4076 751 4139 catae
788 4073 879 4150 sunt,
915 4083 1052 4156 operam
1090 4057 1334 4156 impendamus,
1374 4081 1415 4130 ea
1448 4058 1653 4131 solummodo
1687 4058 1888 4152 referemus,
1931 4085 2016 4158 quae

654 4186 787 4256 omnino
814 4180 901 4252 dictu
927 4179 1119 4251 necessaria
1146 4184 1251 4247 erunt.
1302 4175 1516 4269 Amphssima
1543 4197 1624 4248 sane
1658 4174 1800 4268 dignitas
1831 4177 1917 4252 illius
1953 4189 2015 4266 est,

653 4311 689 4371 ut
715 4323 761 4372 ex
786 4297 1002 4382 balsamone,
1035 4291 1111 4366 Nilo
1138 4292 1365 4386 Doxapatrio,
1396 4291 1549 4380 Notitiis,
1581 4294 1751 4386 variisque
1778 4291 1850 4366 aliis
1883 4299 2014 4368 autori-

653 4415 774 4488 tatibus
815 4422 961 4500 oonstat,
998 4432 1084 4504 quae
1122 4413 1205 4481 viris
1242 4407 1377 4480 enuditis
1416 4410 1609 4480 notissimae
1645 4419 1729 4482 sunt
1794 4409 2014 4486 Ambitiosum

655 4553 786 4628 quoque
812 4528 938 4600 titulum
970 4536 1107 4621 usurpat
1140 4529 1280 4623 Κριτοῦ
1305 4529 1365 4618 τῆς
1398 4523 1606 4620 oinoupce‘vqc
1639 4525 1773 4596 dedicta
1810 4531 1913 4600 totius
1949 4551 2014 4598 or-

654 4647 721 4736 bis,
762 4647 855 4739 cujus
888 4653 998 4724 tamen
1037 4641 1136 4730 tituli,
1179 4641 1284 4736 qualis
1318 4643 1493 4734 antiquitas
1533 4642 1594 4726 sit,
1637 4663 1704 4713 non
1742 4642 1842 4736 plane
1877 4647 2013 4740 perspi-

652 4786 749 4836 cuum
776 4772 843 4850 est,
871 4761 931 4834 sed
958 4758 999 4832 ab
1028 4763 1122 4831 annis
1147 4757 1222 4855 plus
1248 4761 1354 4830 minus
1381 4755 1529 4830 ducentis
1561 4759 1595 4828 in
1619 4777 1683 4829 usu
1707 4755 1783 4846 huit,
1810 4766 1845 4830 ut
1871 4780 1917 4828 ex
1943 4780 2013 4831 va·

651 4883 710 4951 riis
737 4877 839 4951 literis
866 4887 973 4973 patet,
1001 4897 1136 4970 quarum
1164 4882 1280 4946 extant
1305 4873 1482 4946 nonnullae
1514 4872 1602 4968 apud
1633 4869 1788 4945 Crusium
1818 4875 1852 4944 in
1878 4873 2013 4946 'lurco-

654 4994 812 5084 Graeoia,
839 4993 924 5066 aliae
951 4991 1037 5087 apud
1062 4990 1234 5065 Allatium:
1261 5012 1359 5063 unam
1386 4989 1489 5062 relect
1516 4987 1683 5081 Georgius
1698 4987 1815 5062 Douna
1841 4994 1874 5062 in
1894 4991 2015 5062 ltinere

654 5109 1035 5207 Constantinopolitano,
1061 5108 1143 5181 alias
1157 5106 1317 5182 timemus
1343 5106 1468 5180 Meletii
1493 5107 1611 5200 Pigae,
1638 5113 1715 5179 anta
1741 5117 1870 5180 cenmm
1898 5105 2012 5180 etali-
