4736 6064
642 461 897 550 dlfflllllbllll
922 459 1189 538 JACOBITARUM
1213 455 1485 536 PATRlARClle.
1674 455 1750 530 459

379 657 413 720 et
447 652 501 721 cui
534 670 665 722 sursum
697 651 853 720 mittimus
878 646 1010 718 laudem
1047 657 1081 718 et
1106 645 1247 738 gloriam
1279 666 1343 717 nos
1377 652 1410 714 et
1442 644 1550 715 omnis
1583 641 1752 737 plenitudo
1801 663 1806 674 ¹

378 763 572 837 Catholicae
599 774 633 836 et
648 762 870 859 Apostolicae
881 761 1059 835 Ecclesiae
1073 761 1152 852 Dei,
1179 771 1213 834 et
1238 781 1355 833 omnes
1383 757 1570 831 Orthodoxi
1597 778 1750 850 congre-

376 882 468 972 gati,
502 881 701 952 sanctissimi
735 877 914 973 Episcopi,
951 877 1046 949 simul
1077 899 1152 948 oum
1184 875 1415 971 Presbyteris:
1442 874 1583 945 Diaconi
1608 875 1753 944 univer-

377 1015 502 1088 susque
527 992 682 1090 populus,
710 990 875 1066 Christum
902 995 1043 1064 amantis
1068 991 1162 1064 urbis
1174 988 1404 1064 Alexandriae
1431 996 1464 1060 et
1484 989 1584 1061 totius
1601 989 1752 1078 regionis

377 1111 538 1205 Aegypti.

383 1277 386 1282 -
484 1222 568 1296 Cum
595 1226 829 1318 supervenerit
854 1221 952 1296 nobis
985 1220 1156 1295 calamitas
1184 1221 1353 1307 orbitatis,
1389 1230 1423 1291 et
1457 1217 1555 1291 dolor
1588 1221 1753 1290 maximus

381 1362 427 1412 ex
459 1361 502 1410 eo
538 1339 626 1433 quod
658 1361 791 1411 cursum
818 1342 910 1411 vitae
943 1336 1037 1430 hujus
1072 1335 1254 1432 complevit
1288 1333 1406 1407 beatus
1438 1335 1540 1405 Pater
1572 1343 1688 1406 noster
1721 1343 1756 1405 et

380 1456 607 1528 sanctissimus
633 1453 917 1550 Arcbiepiscopus
943 1451 1044 1525 Abba
1071 1451 1113 1524 N.
1147 1462 1181 1524 et
1213 1449 1295 1523 obiit
1326 1450 1444 1545 plenus
1477 1449 1671 1538 virtutibus,
1700 1453 1755 1544 qui

383 1579 517 1643 sanctas
551 1591 668 1642 omnes
700 1573 942 1664 promissiones
977 1571 1146 1664 percepit,
1179 1565 1268 1640 bona
1295 1570 1346 1637 sui
1372 1565 1488 1636 relicta
1515 1569 1687 1656 memoria,
1722 1575 1755 1636 et

382 1685 424 1757 ad
455 1684 564 1756 Deum
601 1707 697 1779 quem
732 1683 864 1757 amabat
896 1685 1073 1776 migravit,
1106 1683 1297 1784 epdivitqne
1330 1679 1372 1752 ab
1407 1683 1481 1776 ipso
1512 1702 1634 1752 vocem
1668 1679 1755 1752 hanc

382 1802 494 1895 gaudii
520 1801 663 1899 plenam.
716 1800 814 1893 Euge
842 1823 945 1872 serve
971 1798 1061 1874 bone
1096 1810 1129 1872 et
1155 1799 1283 1888 lidehs,
1314 1802 1401 1870 intra
1433 1799 1467 1868 in
1493 1796 1650 1887 gaudium
1676 1798 1755 1870 Do-

383 1921 463 1992 mini
490 1919 544 1989 tui.

485 2033 533 2104 lta
561 2054 623 2104 nos
651 2029 792 2128 orphani
819 2029 898 2102 iacti
926 2051 1059 2118 sumus,
1096 2039 1129 2100 et
1164 2027 1342 2101 Ecclesiae
1374 2039 1511 2101 sanctae
1537 2030 1602 2101 Dei
1628 2028 1757 2101 vidua-

382 2159 438 2223 tae
464 2151 662 2244 paternitate
689 2149 779 2238 ejus,
814 2167 897 2239 quas
925 2145 1074 2216 doctrina
1108 2165 1167 2217 sua
1199 2141 1376 2238 pascebat;
1413 2155 1447 2216 et
1480 2145 1606 2217 ideirco
1633 2166 1756 2236 magno

382 2265 491 2338 studio
517 2273 551 2334 et
576 2262 738 2346 ferventi,
766 2281 883 2332 omnes
910 2261 1018 2332 Deum
1044 2262 1172 2355 precati
1207 2281 1340 2349 sumus,
1374 2271 1408 2331 ut
1435 2259 1661 2336 manifestaret
1687 2282 1757 2333 no·-

382 2379 446 2468 his,
474 2381 606 2474 quinam
631 2375 689 2449 illo
717 2397 844 2448 summo
872 2375 1069 2449 Pontificatu
1104 2375 1223 2467 dignus
1253 2373 1361 2467 foret,
1395 2376 1437 2448 ad
1463 2377 1666 2471 pascendum
1694 2395 1757 2447 nos

382 2499 415 2568 in
449 2497 504 2568 via
535 2493 669 2567 Domini
707 2514 837 2587 nosque
876 2491 1069 2586 dirigendos
1108 2490 1151 2563 ad
1195 2500 1328 2588 portum
1366 2489 1552 2564 Ecclesiae.
1606 2492 1757 2586 Cumque

382 2619 594 2708 perspectum
610 2607 809 2681 haberemus
826 2593 974 2681 emerem
1001 2629 1085 2698 erga
1111 2615 1226 2704 patres
1254 2627 1346 2693 suos,
1374 2605 1466 2681 urbis
1494 2609 1636 2678 amantis
1653 2603 1756 2677 Chri-

383 2737 470 2800 stum
496 2725 744 2814 Alexandriae,
775 2728 933 2819 piumque
962 2723 1116 2796 allectum
1148 2725 1272 2798 civium
1297 2722 1403 2810 illius,
1437 2723 1591 2818 qnodque
1618 2720 1758 2817 orphani

383 2863 559 2914 remanere
594 2840 713 2914 diutius
744 2840 887 2930 nollent,
923 2850 1104 2935 eapropter
1135 2838 1234 2912 nobis
1261 2841 1370 2911 visum
1397 2847 1450 2910 est
1482 2839 1646 2935 perficere
1673 2858 1758 2932 opus

382 2955 457 3028 Dei.
484 2957 719 3031 lnvocavimus
746 2959 846 3048 igitur
872 2955 1068 3027 Trinitatem
1094 2953 1350 3044 immaculatam,
1376 2963 1412 3024 ut
1438 2953 1537 3038 nobis
1554 2954 1758 3046 designaret,

384 3075 457 3168 quis
483 3071 573 3145 foret
598 3073 740 3144 idoneus
769 3071 811 3142 ad
837 3069 924 3142 hanc
951 3069 1202 3158 mediationem,
1234 3068 1385 3140 utillum
1412 3090 1702 3162 promoveremus,
1717 3069 1760 3140 ad

384 3187 524 3279 gradum
551 3185 683 3259 Ordinis
711 3188 804 3258 istius
830 3183 1050 3258 Pontificalis:
1086 3195 1199 3256 et'ex
1233 3205 1377 3279 superna
1406 3182 1581 3272 electione,
1609 3192 1644 3255 et
1669 3206 1759 3279 ope-

383 3305 513 3375 ratione
539 3301 681 3398 Spiritus
709 3303 814 3374 sancti
841 3321 1077 3394 consensuque
1112 3301 1256 3371 omnium
1282 3309 1449 3389 nostrum,
1483 3297 1648 3394 plenaque
1676 3322 1759 3371 cer-

384 3416 534 3508 titudine,
561 3417 752 3510 designavit
776 3414 874 3488 nobis
894 3415 986 3488 Deus
1013 3426 1048 3487 nt
1074 3417 1317 3509 respiceremus
1345 3412 1387 3483 ad
1404 3412 1444 3484 N.
1472 3412 1760 3505 religiosissimum

383 3531 624 3629 Presbyterum
652 3541 686 3605 et
711 3532 923 3620 Monachum,
950 3529 1094 3602 celebris
1119 3528 1317 3602 Monasterii
1348 3526 1391 3600 N.
1419 3537 1453 3599 et
1486 3529 1648 3620 elegimus
1685 3553 1759 3601 eum

383 3647 682 3744 Arcbiepiscopunr
710 3670 811 3742 super
837 3646 988 3718 thronum
1021 3645 1255 3741 Apostolicum
1288 3643 1491 3717 admirabilis
1524 3644 1632 3717 Marci
1664 3643 1759 3715 divi-

385 3768 473 3836 nitus
499 3762 600 3836 locuti
627 3773 662 3834 et
680 3761 935 3855 Evangelistae,
962 3764 1017 3858 qui
1044 3771 1097 3834 est
1122 3783 1265 3852 magnae
1291 3758 1383 3832 urhis
1409 3757 1653 3851 Alexandriae,
1680 3762 1759 3831 uni-

386 3897 575 3972 versaeque
606 3880 755 3971 regionis
785 3879 937 3973 Aegqpti
970 3890 1005 3950 et
1036 3877 1147 3950 linium
1189 3880 1272 3970 ejus.
1331 3873 1394 3950 Est
1435 3880 1523 3948 enim
1556 3879 1611 3948 vir
1646 3877 1759 3949 divino
1789 3919 1795 3930 ·

386 3992 487 4064 cultui
513 3992 673 4080 addictus,
701 4003 836 4066 omatus
862 3993 1059 4094 prudentia,
1074 3995 1330 4089 peregrinorum
1357 4014 1484 4084 amans,
1513 3992 1643 4082 dccbrs,
1669 4003 1761 4064 tem-

386 4129 520 4203 perans,
547 4110 700 4180 veritatis
725 4107 906 4201 Evangelii
932 4109 1117 4182 studiosus:
1152 4118 1186 4181 et
1219 4111 1446 4182 constituimus
1480 4131 1555 4180 eum
1590 4117 1760 4202 pastorum

386 4223 581 4317 principem,
607 4233 641 4294 et
665 4223 984 4320 Archie'piseopum,
1020 4225 1062 4296 ad
1097 4223 1382 4297 confirmationem
1415 4235 1448 4296 et
1480 4223 1696 4295 directionem
1729 4232 1763 4294 et

332 4329 336 4336 ’
386 4335 656 4410 reionnationem
674 4349 863 4412 sanctarum
876 4339 942 4410 Dei
960 4337 1187 4412 Ecclesiarum
1209 4340 1415 4434 salutemque
1441 4342 1639 4411 animarum:
1661 4349 1762 4433 utque

387 4462 506 4548 pascat
539 4475 602 4526 nos
635 4475 710 4526 curn
738 4458 827 4528 omni
849 4455 1101 4527 mansuetudine
1129 4464 1163 4527 et
1188 4455 1405 4548 benignitate,
1431 4465 1468 4527 ut
1494 4453 1679 4526 referamus
1705 4449 1765 4522 tihi

387 4567 504 4640 laudes
543 4571 725 4658 gratiarum
760 4572 923 4659 actionis,
966 4581 1000 4641 et
1041 4569 1228 4644 exaltemus
1264 4594 1340 4643 eum
1376 4575 1431 4666 qui
1463 4567 1630 4644 benefecit
1665 4565 1763 4640 nobis

388 4680 593 4756 salvatorem
631 4695 781 4756 nostrum
823 4685 939 4758 Jesum
967 4681 1134 4758 Christum
1160 4691 1193 4758 in
1220 4687 1366 4760 saecula.
1418 4687 1538 4760 Amen.

492 4795 566 4871 Nos
605 4819 691 4869 vero
724 4797 884 4895 Episcopi
918 4805 1119 4893 congregati
1158 4800 1244 4872 bano
1276 4801 1493 4890 electionem,
1534 4799 1764 4896 Psepbismate

388 4921 589 5003 contentam,
616 4932 784 4984 consensu
812 4923 847 4985 et
873 4919 1060 4991 testimonio
1086 4927 1203 4989 nostro
1239 4917 1473 5012 probavimus,
1509 4939 1584 4988 cum
1610 4912 1762 4988 omnibus

428 5048 543 5091 runaut.
1506 5033 1556 5106 74
