4670 6046
364 2932 531 3005 Theologiae.

687 511 765 585 258
1172 504 1580 582 COMMENTARIUS

684 697 803 778 jectura
826 673 955 774 prorsus*
976 691 1072 752 inanis
1090 688 1252 771 judicanda
1275 695 1332 766 est,
1357 706 1423 750 cum
1446 705 1553 769 magna
1576 705 1698 767 semper
1720 686 1810 749 fucrit
1833 689 1921 749 etiam
1944 690 1975 751 in
1997 689 2059 752 Ec-
2138 745 2145 754 .
2194 663 2197 670 ¹

688 794 789 856 clesiis
812 788 1028 853 communionis
1050 787 1196 869 ejusdem,
1219 788 1328 848 rituum
1346 786 1517 848 diversitas.
1551 785 1646 847 Nemo
1670 793 1768 848 umen
1789 787 1818 847 in
1842 785 1987 849 Orientali
2010 789 2059 850 Ιιί-ι

688 867 783 954 εῑοῐῖα
805 888 1018 950 Ecclesiastica
1041 887 1151 978 leviter
1178 893 1319 947 versatus
1347 885 1485 966 ignorat,
1507 882 1660 946 Jacobitas
1691 883 1900 947 Antiochenos
1927 886 2059 948 l‘atriar-

690 983 762 1052 ehbs
790 1004 890 1067 neque
913 1002 979 1047 eam
1002 982 1188 1066 dignitatern,
1216 999 1317 1062 neque
1335 982 1551 1063 jurisdictionis
1569 981 1790 1062 amplitudinem
1806 983 1958 1061 babuisse,
1973 1002 2058 1064 quam

688 1083 886 1150 Alexandrini
917 1101 957 1144 ex
979 1080 1086 1144 eadem
1118 1087 1201 1142 secta
1229 1079 1300 1143 olim
1329 1079 1532 1142 obtinuerunt.
1577 1079 1652 1141 Nam
1676 1079 1763 1142 alteri
1786 1100 1847 1144 non
1870 1083 2058 1158 Antiochiae,

687 1186 743 1248 sed
765 1182 905 1247 blalatiae
936 1180 1040 1242 sedern
1062 1179 1229 1241 habebant:
1261 1185 1292 1240 et
1315 1177 1455 1258 quamdiu
1484 1177 1557 1239 urbs
1585 1178 1643 1240 sub
1666 1175 1867 1258 Graecorum,
1890 1188 1941 1242 aut
1963 1179 2060 1241 Fran-

690 1302 795 1348 corum
817 1285 968 1360 potestate
993 1278 1056 1356 luit,
1079 1277 1110 1338 in
1133 1295 1199 1339 eam
1222 1277 1296 1356 ipsis
1319 1275 1447 1358 ingredi,
1471 1283 1522 1337 aut
1545 1276 1575 1337 in
1599 1295 1636 1338 ea
1650 1294 1784 1357 synaxes
1799 1295 1894 1360 agere
1916 1277 2060 1341 lacobitis

686 1398 749 1443 non
771 1378 891 1440 licebat.
936 1377 1031 1439 Erant
1054 1382 1214 1456 praeterea
1236 1373 1427 1436 Patriarcbae
1451 1373 1575 1452 Graeci,
1605 1374 1725 1437 fuerunt
1748 1383 1779 1438 et
1802 1375 1916 1452 Latini,
1941 1385 1971 1438 et
1993 1383 2068 1440 eum'

568 1510 571 1520 .
686 1477 860 1541 Nestoriani
888 1475 919 1537 in
953 1475 1032 1537 Aula
1067 1473 1258 1556 bagdadensi
1291 1472 1449 1554 plurimum
1483 1481 1611 1553 possent
1648 1473 1704 1534 sub
1736 1473 1838 1536 Calilis
1871 1474 2059 1552 Abbassiois,

688 1594 806 1639 omnem
851 1573 1011 1653 aliquando
1055 1573 1086 1634 io
1131 1571 1317 1635 Christianos
1363 1571 1576 1651 cujuscumque
1621 1573 1837 1634 communionis
1871 1573 2061 1654 Jurisdictio-

686 1655 757 1737 nem
790 1672 828 1734 ad
862 1689 896 1734 se
926 1679 1096 1734 traxerunt.
1140 1670 1253 1732 Verum
1284 1668 1437 1749 benjamin
1468 1671 1518 1750 qui
1548 1687 1584 1732 se
1611 1669 1836 1733 llubamedanis
1865 1677 1954 1751 capta
1981 1670 2058 1733 Ale·

688 1773 815 1835 xandria
844 1772 943 1832 statim
981 1771 1125 1852 subJeeit‚
1162 1768 1403 1848 amplissimaque
1444 1767 1558 1829 ideirco
1595 1767 1754 1852 privilegia
1789 1777 1970 1832 consecutas
2004 1777 2060 1845 est,

687 1887 750 1932 non
772 1868 860 1931 modo
885 1885 1005 1944 omnes,
1036 1866 1222 1930 Orthodoxis
1250 1865 1358 1948 lugere
1389 1867 1502 1928 coactis
1530 1873 1562 1927 et
1591 1867 1745 1947 spoliatis,
1779 1867 1934 1930 Ecclesias
1964 1886 2060 1931 occu-

687 1967 786 2048 pavit,
829 1965 884 2028 sed
922 1967 1011 2027 etiarn
1047 1966 1113 2046 ejus
1156 1981 1352 2027 successores
1385 1982 1442 2045 per
1470 1975 1565 2026 annos
1594 1981 1691 2046 prope
1721 1972 1856 2041 centum,
1895 1965 2060 2030 absolutam

687 2065 768 2128 illam
791 2065 980 2126 autoritatem
1011 2064 1222 2142 obtinuerunt,
1239 2062 1343 2126 donec
1366 2062 1485 2125 tandem
1506 2061 1643 2126 redditae
1672 2071 1741 2125 sunt
1770 2063 1919 2126 Melchitis
1948 2065 2061 2145 aliquot

686 2163 854 2241 Ecclesiae,
880 2169 910 2224 et
931 2162 1006 2241 ipsis
1018 2160 1219 2224 Patriarebam
1241 2179 1328 2224 suum
1351 2160 1463 2223 babere
1487 2178 1666 2223 conoessum
1688 2169 1743 2225 est.
1769 2161 1843 2225 Cum
1865 2180 1941 2225 vero
1963 2165 2059 2243 primo

687 2261 739 2324 illo
762 2260 923 2323 intervallo
948 2261 1108 2341 temporis,
1143 2279 1247 2324 omnes
1270 2261 1364 2322 sermo
1392 2262 1422 2322 in
1452 2261 1603 2340 superiori
1633 2259 1777 2343 Aegypto
1808 2260 2019 2342 Episcopatus,
2042 2279 2059 2322 a

686 2359 832 2423 tacebitis
855 2361 994 2440 occupati
1016 2358 1151 2437 luissent,
1176 2357 1360 2422 Ortbodoxis
1383 2374 1419 2420 ea
1443 2359 1473 2420 in
1495 2359 1652 2438 provincia
1673 2358 1745 2420 nulli
1767 2368 1986 2423 remanserunt.
2017 2361 2059 2422 lta

687 2457 756 2519 lieri
777 2459 875 2538 potuit
897 2465 939 2536 ut,
963 2459 1014 2538 qui
1037 2459 1145 2519 avitam
1169 2457 1257 2520 fidem
1279 2458 1466 2533 retinebant,
1490 2464 1630 2519 carerent
1652 2465 1683 2518 et
1705 2457 1864 2539 Episcopis
1895 2467 1925 2522 ct
1948 2457 2061 2522 Sacer-

689 2554 821 2633 dotibus,
845 2566 935 2636 atque
957 2557 1035 2618 adeo
1058 2555 1138 2637 apud
1160 2557 1331 2619 haereticos
1354 2557 1572 2620 Eucharistiam
1595 2565 1786 2637 quaererent.

414 2676 539 2732 12„qu
557 2677 584 2728 in
603 2673 676 2729 con·
775 2655 871 2717 Porro
894 2654 1031 2717 doctrina
1054 2653 1092 2715 de
1114 2653 1330 2717 lucarnationis
1359 2657 1503 2737 mysterio
1535 2673 1624 2736 quam
1646 2655 1750 2735 paucis
1779 2657 1810 2717 in
1838 2655 1895 2718 lrac
1923 2656 2059 2719 oratione

363 2753 792 2830 taratenaaxpoinaeon-verbis
816 2752 968 2832 complexi
997 2759 1067 2814 sunt
1093 2751 1265 2830 lacobitae,
1297 2753 1446 2817 fusissime
1476 2755 1637 2835 exponitur
1665 2753 1702 2816 ab
1731 2755 1864 2836 ipsorum
1895 2753 2059 2838 Theologis

364 2846 676 2902 termiieittacebiurum
689 2851 799 2914 eodem
822 2853 943 2913 omniuo
966 2869 1072 2928 sensu,
1103 2869 1212 2932 nempe
1242 2853 1406 2915 secundum
1433 2860 1559 2915 naturae
1589 2853 1746 2931 unitatem,
1778 2853 1903 2916 exclusa
1933 2869 2060 2933 prorsus

690 2947 879 3027 confusione,
903 2950 1121 3029 commistione,
1144 2959 1175 3013 et
1197 2951 1393 3026 alteratione;
1417 2952 1497 3033 quad
1520 2951 1634 3034 legitur
1656 2952 1745 3014 etiam
1761 2951 1789 3014 in
1804 2951 1983 3036 Horologio,
2006 2971 2060 3015 seu

688 3048 881 3130 Euchologio
905 3047 1053 3128 Coptica,
1090 3055 1121 3110 et
1148 3050 1178 3110 in
1207 3050 1306 3112 multis
1337 3051 1402 3112 aliis
1425 3051 1576 3130 precibus.
1621 3050 1703 3112 lnter
1731 3049 1905 3133 Theologos
1934 3052 1973 3113 de
2001 3052 2060 3113 boc

688 3153 866 3227 argumento
888 3147 1117 3226 disputaverunt
1138 3147 1322 3211 Ebnassalus
1346 3150 1376 3210 in
1400 3147 1589 3211 Collectione
1618 3148 1836 3229 Principiorum
1859 3149 1947 3226 fidei,
1974 3149 2060 3212 tabia

688 3244 767 3307 lilius
796 3245 895 3307 Adaei
923 3246 962 3306 ln*
989 3245 1130 3306 'tractatu
1159 3245 1197 3308 de
1229 3245 1453 3325 incarnatione,
1484 3244 1659 3308 Abu-Ralla
1691 3246 1895 3323 Takritensis‚
1928 3247 2060 3312 Severus

688 3343 858 3425 Episcopus
880 3343 1077 3422 Ascbrnonin,
1101 3345 1277 3407 Vincentius
1300 3347 1470 3427 Episcopus
1493 3344 1593 3425 Copti,
1617 3351 1648 3406 et
1669 3345 1821 3427 Anonymi
1843 3347 1958 3427 plures,
1981 3364 2061 3426 quo·

688 3461 756 3504 rum
778 3442 948 3505 testimonia
970 3443 1088 3523 integra
1110 3441 1181 3504 alibi
1205 3442 1385 3506 referentur.
1436 3441 1524 3515 Quod
1554 3443 1701 3524 adjicitur,
1726 3443 1885 3521 consessas
1912 3455 1958 3506 eat
1984 3465 2060 3507 con-

686 3541 850 3620 sessionem
873 3542 1000 3618 bonam,
1029 3539 1139 3603 referri
1166 3540 1257 3604 debet
1284 3542 1323 3604 ad
1352 3541 1424 3604 illud
1456 3541 1484 3603 l.
1509 3540 1635 3606 Timotb.
1667 3559 1694 3606 c.
1724 3541 1753 3603 6.
1782 3545 1834 3622 qai
1863 3545 2060 3606 testimoniam

557 3646 570 3658 “
688 3640 824 3702 reddidit
844 3639 899 3702 aab
920 3638 1030 3701 Pontio
1051 3639 1162 3715 Pilato,
1184 3640 1295 3702 borram
1317 3641 1547 3720 comessionem,
1572 3659 1662 3721 quem
1683 3640 1782 3703 locum
1805 3642 1897 3703 citant
1919 3651 1951 3704 et
1972 3641 2059 3705 simul

689 3737 755 3819 ejus
785 3737 1016 3817 explicationem
1054 3755 1093 3800 ex
1127 3738 1263 3817 Epistola
1294 3737 1398 3819 Cyrilli
1432 3740 1468 3801 ad
1505 3737 1694 3816 Nestorium,
1725 3740 1858 3803 Severus
1888 3737 2058 3820 Episcopus

688 3835 884 3914 Ascbmonin,
906 3837 937 3898 in
958 3836 1089 3899 llistoria
1111 3835 1316 3899 Alexandrina
1340 3844 1371 3900 et
1394 3837 1468 3898 varii
1492 3846 1616 3901 autores
1638 3837 1900 3901 Collectaneorum
1924 3857 1964 3900 ex
1985 3856 2059 3900 san-

689 3935 746 3996 ctis
769 3935 915 3998 Patribus.
960 3935 1053 3997 blulta
1075 3953 1198 4016 quoque
1219 3936 1298 4017 apud
1322 3936 1496 4018 'l'beologos
1525 3935 1678 4017 legantur,
1702 3937 1783 3998 circa
1806 3945 1983 4016 sequentem
2006 3955 2059 3998 ar-

688 4031 811 4095 ticulum
833 4032 912 4112 quod
934 4053 973 4095 ne
993 4042 1141 4096 momento
1170 4034 1289 4115 quiden
1318 4043 1464 4114 separata
1493 4036 1625 4114 ejaadm
1655 4033 1768 4097 Christi
1796 4036 1943 4097 divinitae
1968 4035 2061 4114 faerit

690 4131 730 4194 ab
752 4133 954 4209 humanitate,
984 4131 1022 4194 de
1051 4149 1111 4213 quo
1142 4139 1247 4194 extant
1269 4135 1437 4195 testimonia
1467 4133 1618 4195 vincentii
1648 4133 1791 4214 Episcopi
1818 4133 1925 4214 Copti,
1955 4132 2059 4196 labiae

689 4227 742 4291 nbi
764 4227 871 4310 Adaei,
895 4230 1011 4309 Severi,
1034 4231 1101 4293 lsae
1124 4230 1145 4291 l.
1168 4232 1293 4310 Zaraae,
1316 4231 1521 4310 Abu-Raitae,
1535 4232 1704 4310 Ebnassali,
1728 4231 1926 4313 etEpistolae
1948 4233 2061 4296 Sacer-

690 4328 769 4391 dotis
789 4329 945 4391 laoobitae
968 4347 1066 4411 nuper
1089 4328 1224 4392 ordinati.

408 4428 541 4484 Confessio
564 4435 677 4486 eratin
777 4428 910 4491 'landem
941 4437 973 4490 ut
1003 4447 1081 4508 quae
1104 4427 1141 4490 ad
1164 4427 1394 4492 contessionem
1418 4437 1555 4510 spectant
1577 4429 1789 4510 expediamus,
1820 4447 1857 4491 ea
1886 4428 1983 4510 qualis
2012 4435 2060 4492 est

364 4513 718 4588 omnibusbnurgiistte-j„
742 4527 890 4589 basiliana
912 4526 1058 4610 Liturgia,
1082 4526 1150 4590 talis
1173 4530 1304 4590 omnino·
1323 4529 1475 4608 reperitur
1504 4530 1534 4590 in
1557 4527 1747 4611 Gregoriana
1770 4537 1800 4590 et
1822 4528 1945 4610 Cyrilli,
1976 4527 2057 4590 nullo

362 4685 429 4750 pica.

363 4602 871 4688 ⁸t¹³²⁵“⁵⁸⁰¹³¹¹l⁰²¹¹¹⁰·discrimine.
915 4625 944 4687 A
967 4625 1094 4706 Coptitis
1118 4643 1184 4689 eam
1207 4634 1391 4706 aeceperunt
1414 4625 1591 4707 Aethiopes,
1615 4627 1744 4708 quieam
1760 4636 1853 4692 totam
1867 4629 2059 4690 inseruerunt

688 4724 804 4788 Canoni
827 4723 983 4804 Generali,
1004 4743 1060 4788 seu
1082 4723 1236 4806 Liturgiae
1260 4725 1419 4804 communi,
1443 4745 1460 4787 a
1483 4744 1542 4808 qua
1565 4729 1627 4807 peti
1649 4725 1728 4789 solet
1750 4727 1787 4788 ad
1810 4727 1883 4788 alias
1896 4725 2058 4809 Liturgias.

687 4820 769 4884 lilius
792 4828 892 4884 tamen
915 4822 1069 4901 orationis,
1093 4839 1171 4902 quae
1194 4839 1298 4885 eorum
1321 4822 1359 4886 de
1373 4823 1560 4888 Eucharistia
1584 4825 1671 4888 iidem
1695 4834 1754 4888 tam
1777 4825 1940 4906 perspicue
1961 4825 2059 4906 signi·

687 4919 767 4999 licat,
791 4937 830 4982 ne
852 4920 1022 4984 meminisse
1044 4920 1164 5002 quidem
1188 4920 1327 5004 dignatus
1357 4931 1405 4986 est
1424 4924 1520 4988 lobus
1543 4925 1699 5006 ludolfus,
1721 4941 1830 5004 nempe
1851 4932 1884 4986 ut
1907 4925 1980 4988 satis
2002 4940 2059 5002 ap-
