4680 6044
697 519 773 594 150
1040 525 1052 546 ⁸
1202 516 1577 594 EPISTOLA.

694 703 791 777 cibus
816 705 991 798 repandus
1017 711 1079 792 est,
1105 710 1144 774 ut
1168 707 1281 773 mittat
1307 708 1492 797 operarios
1504 703 1623 796 plures
1650 703 1686 770 in
1703 703 1837 770 cineam
1851 725 1956 790 suain,
1973 726 2073 797 quan

694 825 927 892 exterminare
954 842 1041 912 aper
1068 820 1111 889 de
1136 819 1243 912 sytcn,
1271 817 1772 912 etsinyuhrrisferusdeposci
1790 818 1926 918 indies,
1953 822 2072 910 napis,

693 939 868 1030 mayisyue
895 941 1050 1006 conatur.
1077 936 1219 1006 Nostris
1243 933 1458 1005 orationibus
1472 939 1645 1004 excitatus
1672 933 1946 1002 clementissimus
1959 933 2071 1022 Jesns,

694 1073 866 1144 enenycns
896 1049 1080 1143 imperabit
1109 1053 1239 1136 nentis,
1274 1056 1310 1119 et
1343 1053 1406 1142 fiet
1438 1049 1670 1143 tranquillitas
1706 1052 1742 1117 in
1767 1053 1865 1119 niori.
1919 1049 2091 1140 Aponius·

692 1171 839 1259 pretim,
864 1173 902 1236 ut
928 1165 1076 1237 dicimus
1100 1163 1179 1236 Deo
1206 1167 1285 1257 ipsi,
1312 1165 1403 1259 quod
1429 1165 1501 1236 telo
1525 1163 1625 1234 nobis
1649 1170 1812 1258 snpyerot
1840 1168 2073 1256 praesentium

694 1287 880 1374 tenpornm
906 1282 1087 1351 vexationi
1102 1287 1307 1373 opportuna,
1335 1287 1370 1349 et
1388 1284 1571 1372 operarios
1588 1282 1734 1371 optimos
1759 1283 1796 1348 in
1822 1283 1955 1350 cineam
1976 1301 2085 1350 suam·

692 1401 816 1486 mittat,
842 1419 911 1468 non
937 1403 1066 1466 tontum
1089 1393 1263 1487 probatae
1288 1395 1389 1487 fida,
1424 1399 1519 1465 citae
1552 1401 1587 1464 et
1618 1395 1798 1465 doctrinae
1823 1398 1929 1481 ciros,
1955 1417 2072 1464 cer-urm

693 1515 797 1583 etium
823 1515 967 1606 antiqua
992 1510 1176 1582 Ecclesiae
1203 1509 1406 1581 Catholicae
1431 1517 1643 1581 monumenta
1669 1515 1772 1603 atque
1801 1509 2072 1580 orthodoxorum

692 1627 838 1699 Petrum
871 1625 995 1714 libros,
1032 1625 1152 1720 quibus
1173 1628 1350 1719 profanae
1375 1648 1494 1696 cocum
1525 1629 1696 1696 novitates
1729 1625 1897 1718 redoryui
1925 1628 2070 1718 possint.

691 1743 753 1814 Bc
777 1743 896 1812 horum
923 1764 1062 1812 numero
1089 1764 1164 1812 esse
1180 1740 1390 1811 arbitramur
1416 1740 1523 1811 Beati
1538 1741 1654 1810 Marci
1668 1740 1913 1832 Bnanyelistne
1933 1763 2071 1810 sacram

691 1857 900 1950 Liluryim
934 1859 1060 1951 paucis
1085 1863 1166 1926 onte
1193 1859 1293 1927 annis
1319 1858 1491 1926 incentum
1516 1859 1553 1925 in
1578 1853 1737 1926 Abbatiu
1768 1856 1906 1928 Beotoe
1930 1857 2071 1928 Mariae

690 1970 923 2073 dbrpycpinc,
965 1994 1054 2067 quae
1087 1971 1187 2064 cnlyo
1220 1972 1366 2060 dicitnr,
1392 1972 1446 2043 Dc
1471 1970 1506 2045 lo
1533 1973 1651 2067 potire,
1678 1976 1911 2066 antiquissinm
1938 1971 2071 2042 biono-

691 2091 831 2162 chorum
856 2088 980 2159 Sancti
1005 2087 1134 2158 Basilii
1160 2090 1379 2175 monasterio,
1408 2087 1467 2157 urbi
1493 2093 1528 2156 et
1552 2088 1598 2158 D.
1618 2086 1740 2180 Cyritli
1759 2087 2071 2180 Hierosolymorum

690 2205 875 2298 Episcopi,
918 2203 1145 2289 Catecheses,·
1181 2204 1345 2295 Dionysii
1388 2202 1623 2274 Alexandrini
1663 2203 1829 2275 adversm
1864 2204 2068 2290 Noe'tianos,

690 2327 726 2392 et
751 2319 930 2413 Hippolyti
955 2319 1123 2411 Martyris
1158 2319 1323 2388 coum
1359 2318 1466 2389 Noe'ti
1491 2318 1679 2407 haeresim,
1714 2324 1750 2390 et
1776 2323 1900 2389 contra
1923 2317 2072 2388 Paulson

688 2434 949 2506 Samosatennm
974 2434 1149 2528 opusculo,
1177 2440 1255 2504 sunt
1280 2437 1429 2522 invento,
1458 2454 1546 2526 quae
1562 2437 1676 2504 omnio
1702 2433 1896 2505 curabimus
1912 2456 2069 2503 acerna-

690 2557 726 2622 te
759 2549 1003 2637 describendo,
1042 2556 1082 2620 nt
1113 2549 1160 2620 ad
1195 2571 1397 2620 canaonem
1427 2549 1610 2619 utilitatem
1642 2553 1876 2642 conferantur.
1928 2549 2071 2620 Interea

689 2657 836 2736 misinnrs
869 2665 1111 2756 Hieruryiasn,
1146 2687 1246 2758 quam
1276 2687 1301 2733 a
1332 2663 1448 2734 Beato
1480 2664 1605 2735 Marco
1636 2665 1800 2736 traditam
1824 2664 2070 2735 Alexandrina

690 2783 828 2872 accepit
853 2779 1024 2851 Ecclesia.
1050 2778 1110 2850 Ba
1136 2803 1205 2874 qna
1231 2780 1392 2851 doctores
1417 2779 1541 2852 Sancti
1557 2780 1712 2852 Basilius
1729 2785 1765 2850 et
1779 2779 1933 2850 ioannes
1952 2778 2068 2872 Chry-

689 2902 855 2968 sostomus
888 2893 995 2966 multa
1028 2898 1073 2984 in
1104 2918 1204 2982 suos,
1240 2918 1326 2989 qnos
1360 2895 1538 2983 habenun,
1575 2896 1772 2989 Lituryias,
1812 2895 2069 2966 transtulerant.

688 3011 788 3082 Bene
818 3009 897 3081 note
929 3013 966 3079 in
998 3009 1135 3082 Christo
1165 3015 1283 3104 frater
1315 3011 1535 3099 honorande,
1569 3012 1704 3084 Bonuae
1734 3010 1832 3084 XVI.
1859 3009 1939 3080 Kal.
1966 3010 2067 3097 Maii,

687 3125 735 3196 M.
760 3126 805 3197 D.
833 3124 1018 3196 LXXXII.
1468 3165 1471 3172 .

1076 3585 1397 3707 GUILLELMO
1451 3587 1683 3706 SIRLETO

910 3803 1322 3922 osololuhhl
1373 3806 1835 3886 AMPLISSIMO

1134 3989 1162 4054 J.
1186 3989 1224 4053 h
1248 3989 1278 4054 S.
1300 3990 1464 4055 ANDREA
1487 3993 1517 4056 S.
1540 3993 1571 4054 P.
1592 3991 1630 4055 D.

763 4169 949 4270 Fruimur
975 4196 1111 4266 tandem
1137 4203 1197 4269 tna
1212 4221 1330 4292 opera,
1357 4223 1463 4270 sacra
1483 4201 1544 4272 illa
1559 4199 1722 4290 Litnryia
1734 4196 1779 4290 D,
1807 4197 1922 4268 Marci
1936 4197 2062 4268 Boan-

682 4308 844 4401 yclistoe,
885 4332 973 4404 quae
1003 4310 1103 4382 nobis
1137 4320 1233 4384 certe
1265 4318 1463 4406 pratissima
1494 4319 1579 4409 fuit,
1611 4322 1679 4384 tum
1710 4319 1857 4406 propter
1892 4313 2061 4405 Boonye-

681 4425 763 4496 lium
788 4431 861 4518 ejm
887 4427 1143 4519 Bonnyelistae,
1172 4431 1262 4524 quod
1290 4431 1331 4502 D.
1360 4431 1605 4502 Nazianzenus
1631 4432 1811 4521 scripsisse
1838 4427 1939 4527 Italis
1964 4430 2061 4518 dicit,

682 4545 750 4610 tam
776 4546 881 4613 etiam
907 4542 1070 4636 quodne
1096 4550 1156 4613 tua
1181 4545 1404 4618 Bibliotheca
1425 4528 1614 4640 procedat,
1650 4567 1760 4639 qnam,
1786 4550 1825 4613 ut
1849 4541 1986 4632 scribis,
2014 4566 2063 4616 ec

681 4661 907 4727 vetustissimo
935 4658 1056 4729 codiee
1081 4665 1283 4733 monasterii
1309 4661 1346 4734 S.
1364 4662 1504 4733 Mariae
1517 4659 1733 4760 ὁδηγητρίας
1758 4657 1957 4730 describere
1972 4664 2060 4749 jun-

683 4773 769 4841 sisti.
797 4770 893 4842 Sanc
919 4773 1010 4866 quod
1035 4773 1083 4844 ad
1111 4797 1164 4846 mc
1195 4779 1335 4866 attinet,
1372 4774 1484 4876 χάριν
1516 4775 1647 4851 climac
1680 4798 1740 4849 σοι
1771 4772 1840 4870 τὴν
1866 4771 2061 4870 ἰσόῤῥοπον

681 4879 748 4956 οὐκ
783 4883 831 4959 bin
865 4881 938 4970 οἷος
968 4883 1009 4962 ὦ.
1046 4889 1183 4960 Etenim
1213 4894 1246 4961 si
1289 4893 1380 4987 qnod
1411 4897 1475 4968 ,ait
1509 4893 1585 4980 ille,
1625 4877 1744 4968 Ninon
1779 4886 1855 4966 ‹t'sb
1887 4887 2061 4989 iptorum

680 4995 738 5072 bui
763 4995 949 5075 πλεόνεσσι
983 4999 1147 5098 καθήκει.
1202 5003 1292 5090 (laid
1324 5029 1452 5101 quaeso
1487 5006 1661 5079 relaturus
1692 5030 1779 5096 nrm,
1823 5005 1914 5101 qood
1960 5011 2059 5075 tanto
