4680 6044
686 531 760 606 tto
881 575 885 582 ·
1167 526 1576 604 COMMENTARIUS

682 716 759 778 iliud
779 717 812 776 in
833 732 909 775 cose
929 713 1010 794 quod
1031 713 1063 772 in
1084 710 1225 773 Ecclesia
1244 712 1442 790 pecrrliariter
1463 712 1507 773 ad
1527 713 1607 773 huuc
1628 729 1715 772 usum
1737 709 1918 772 tammum
1939 711 1989 774 sit.
2024 711 2058 773 hs

684 813 859 877 Canonibus
887 812 1056 874 Athanasio
1085 810 1208 872 tributus
1235 829 1360 871 mmero
1393 810 1465 874 107.
1505 811 1610 872 Vinum
1643 810 1724 889 quod
1753 807 1797 868 ad
1829 807 2057 870 Euchurr‘stiam

683 911 922 975 cmrsemandam
944 908 1083 990 offertur,
1110 927 1197 969 nemo
1223 907 1357 988 qratabit
1384 910 1447 970 nisi
1473 909 1620 988 completo
1646 907 1815 986 Sacrificio.
1867 906 1904 969 lu
1932 907 2058 986 sirpuh's

679 1029 777 1092 porro
800 1007 954 1085 domibus,
977 1010 1048 1071 dum
1070 1009 1167 1069 cados
1188 1007 1254 1066 cini
1273 1007 1429 1085 aperiunt,
1461 1025 1549 1068 neoto
1571 1027 1612 1068 ea
1634 1025 1670 1068 eo
1694 1006 1843 1086 qualebit,
1873 1007 1970 1068 donec
2000 1025 2059 1067 ac-

684 1117 788 1188 ceptae
808 1106 924 1185 suerint
945 1125 986 1167 ec
1007 1125 1043 1168 eo
1063 1107 1237 1186 primitiae:
1261 1123 1385 1184 cumque
1406 1105 1477 1166 illae
1498 1106 1530 1164 in
1552 1102 1769 1165 benedictionis
1783 1104 1903 1165 modum
1915 1112 2060 1183 acceptae

681 1207 811 1288 turmot,
833 1205 961 1286 indeque
982 1206 1015 1266 in
1037 1205 1163 1266 calicem
1184 1203 1316 1282 infumrn
1336 1199 1444 1280 suerit,
1467 1212 1537 1264 tunc
1558 1201 1644 1262 aliud
1664 1203 1766 1263 uinum
1785 1211 1924 1282 promant
1936 1203 1968 1264 irs
1985 1221 2059 1264 uase

683 1309 810 1386 mundo,
841 1315 871 1368 et
893 1305 1043 1388 effundent
1068 1323 1159 1383 super
1186 1303 1261 1364 illud
1289 1303 1370 1364 hunc
1398 1302 1643 1366 benedictionem,
1695 1299 1729 1362 lu
1757 1300 1901 1362 Tractatu
1926 1300 2059 1366 Arabico

685 1416 831 1488 excerpta
854 1405 1027 1468 continente
1051 1421 1091 1464 ex
1113 1401 1260 1479 Dionysio
1283 1399 1429 1464 Barsalihi
1452 1400 1491 1462 de
1513 1401 1603 1464 modo
1626 1397 1827 1462 celebrandae
1842 1400 2059 1483 etsuscipien-

685 1508 742 1570 dae
764 1503 982 1580 Eucharistiae,
1004 1500 1223 1583 praescribitur
1246 1509 1278 1562 ut
1298 1518 1378 1562 unae
1397 1500 1529 1562 mundae
1548 1500 1716 1579 seliqantur
1730 1499 2059 1578 adcmumconficien-

687 1607 773 1682 dum,
796 1605 923 1683 illaeque
950 1600 1090 1662 manibus
1111 1601 1338 1679 exprimantur,
1360 1617 1421 1661 non
1439 1597 1569 1678 pedibus
1591 1599 1819 1660 conculcentur:
1850 1613 1928 1677 quae
1959 1601 2059 1658 tamen

685 1704 793 1788 regula
815 1720 876 1765 non
900 1707 957 1778 est,
979 1716 1086 1760 rerum
1108 1699 1157 1777 pia
1180 1699 1218 1760 ad
1241 1695 1424 1761 Sacerdotes
1447 1697 1619 1759 admonitio.
1664 1695 1771 1777 Neque
1795 1696 1874 1758 enim
1897 1693 2059 1775 quidquam

687 1805 717 1865 in
741 1800 938 1865 Orientalium
961 1798 1160 1859 monumentis
1183 1797 1335 1873 occurrit,
1359 1795 1440 1876 quod
1457 1794 1535 1856 hanc
1551 1794 1738 1876 disciplinam
1751 1794 1830 1875 legis
1843 1795 1903 1856 vim
1915 1791 2057 1855 hahuisse

687 1900 843 1978 ostendat,
874 1906 907 1961 ut
935 1895 1181 1979 quemadmodum
1210 1895 1298 1975 panis
1327 1894 1550 1975 Eucharistiae,
1581 1896 1622 1956 ita
1653 1895 1756 1956 vinum
1784 1911 1802 1954 a
1831 1890 2057 1971 Sacerdotibus,

685 2000 787 2082 parari
815 2000 893 2060 intra
923 1996 1081 2058 Ecclesiae
1109 2000 1197 2074 septa
1226 1992 1362 2056 deberet.
1417 1993 1540 2056 Paetum
1570 1994 1600 2056 id
1630 2000 1746 2072 nmen,
1777 1991 1832 2054 sed
1862 1989 1943 2073 apud
1973 1991 2057 2054 solos

685 2099 878 2180 Aethiopes,
902 2096 953 2175 qui
976 2095 1063 2156 aliter
1084 2095 1186 2156 vinum
1209 2111 1269 2156 non
1293 2093 1481 2172 exprimunt,
1510 2111 1598 2173 quam
1626 2111 1665 2154 ex
1689 2093 1788 2175 passis
1811 2094 1895 2168 uvis,
1924 2097 1956 2151 ut
1986 2108 2057 2152 mox

685 2196 894 2278 explicabitur.
944 2193 988 2256 lta
1019 2211 1141 2275 quoque
1171 2191 1330 2272 aliquando
1361 2192 1439 2272 apud
1467 2189 1640 2273 Aegyptios
1670 2193 1701 2254 in
1731 2208 1842 2254 summa
1873 2189 2057 2252 necessitate

413 2299 475 2349 ttrsr.
501 2297 573 2350 Patr·
596 2296 671 2349 Atre.
685 2294 795 2358 lactum
818 2295 907 2357 docet
929 2293 1061 2356 Historia
1082 2290 1291 2357 Patriarchalis
1314 2292 1344 2353 in
1366 2292 1427 2353 vita
1457 2288 1584 2353 Cosmae
1615 2288 1692 2354 th.
1738 2289 1847 2353 Scribit
1875 2296 1963 2352 autor
1992 2288 2057 2369 ejus

359 2403 385 2453 p.
403 2383 465 2435 297.

684 2402 820 2475 tempore
843 2393 925 2454 circa
948 2409 1057 2454 annum
1079 2391 1243 2472 Martyrum
1262 2389 1410 2453 DLXVII.
1434 2389 1485 2471 qui
1498 2388 1664 2470 respondet
1680 2406 1759 2451 anno
1776 2387 1887 2451 Christi
1902 2383 2056 2449 ucccut.

685 2495 822 2558 extitisse
845 2493 876 2553 in
897 2490 1044 2574 Aegypto
1066 2488 1271 2568 Praefectum,
1295 2489 1346 2570 qui
1369 2486 1545 2550 Christianis
1574 2487 1719 2566 infestus,
1746 2506 1801 2550 eos
1829 2487 1928 2550 multis
1959 2493 1990 2548 et
2019 2501 2057 2547 eo

684 2609 783 2672 usque
806 2589 944 2653 inauditis
968 2589 1083 2670 injuriis
1106 2589 1276 2670 oppressit:
1299 2605 1368 2648 nam
1390 2587 1544 2649 Ecclesias
1568 2587 1665 2650 claudi
1684 2588 1791 2669 jussit,
1817 2603 1857 2648 ne
1887 2585 1924 2648 ed
1954 2583 2057 2666 publi-

687 2708 738 2752 cas
761 2707 887 2770 preces,
910 2705 1103 2769 synaxcsque
1127 2687 1341 2762 convenirent,
1373 2704 1482 2748 eruces
1505 2693 1536 2748 et
1556 2686 1704 2767 imagines
1734 2685 1848 2767 frangi:
1876 2683 2058 2764 tandemque

685 2790 820 2851 vetuisse
849 2786 906 2850 sub
937 2787 1044 2867 capitis
1071 2802 1192 2866 poena,
1222 2804 1261 2848 ne
1284 2786 1350 2865 quis
1373 2785 1521 2848 venderet
1544 2787 1662 2863 vinum,
1686 2793 1737 2847 aut
1760 2784 1838 2866 apud
1862 2803 1897 2847 se
1919 2781 2055 2844 haberet.

683 2887 769 2951 ilaec
791 2888 910 2962 omnio,
933 2887 1028 2966 inquit
1050 2885 1235 2963 historicus,
1259 2885 1298 2946 ab
1321 2903 1357 2945 eo
1377 2883 1504 2964 fiebant,
1534 2893 1568 2948 ut
1592 2887 1694 2947 arnum
1716 2886 1759 2948 ad
1780 2883 1952 2963 Liturqiam
1976 2881 2058 2943 cele-

684 2985 837 3047 brandam
860 2986 1017 3064 deficeret,
1040 2993 1070 3046 et
1090 2987 1135 3047 ita
1157 2987 1289 3064 contiqit.
1334 2981 1413 3044 Nam
1436 2979 1605 3044 Christiani
1625 3003 1692 3046 cum
1714 3003 1750 3046 eo
1773 2990 1931 3056 carerent,
1959 2979 2059 3041 coacti

685 3091 755 3144 sunt
773 3084 914 3163 palmites
935 3086 1007 3145 citis
1029 3085 1187 3162 accipere,
1210 3082 1318 3162 quibus
1339 3099 1420 3160 aqua
1441 3084 1606 3143 maceratus
1627 3091 1657 3142 et
1677 3101 1769 3144 succo
1792 3098 1957 3161 enpresso,
1983 3097 2058 3157 ope-

685 3199 756 3242 ram
777 3183 925 3244 dederunt
943 3203 982 3244 ne
1002 3181 1219 3244 Eucharistiae
1240 3181 1392 3243 oblatione
1410 3182 1619 3258 privarentur.
1664 3180 1722 3242 Per
1744 3178 1898 3262 palmites,
1922 3176 2057 3256 intelhgc

686 3296 762 3341 uvas
786 3281 905 3342 axillis
928 3279 1076 3362 pensiles,
1101 3279 1206 3361 quales
1229 3281 1260 3343 in
1282 3278 1424 3355 Oriente,
1447 3280 1627 3359 praesertim
1652 3280 1685 3341 in
1705 3278 1868 3360 Aethiopia
1890 3291 2058 3340 asservan-

686 3384 751 3456 tur,
775 3385 807 3439 ut
830 3397 869 3440 ex
891 3379 950 3442 illis
972 3381 1072 3443 vinum
1095 3381 1155 3442 hat.
1205 3379 1328 3455 Vinum,
1350 3378 1446 3458 inquit
1467 3377 1666 3456 Alvarezius,
1689 3396 1747 3458 quo
1770 3378 1939 3440 celebr-atur
1951 3372 2057 3448 Missa,

684 3471 731 3537 'ita
748 3485 889 3556 paratur.
934 3477 970 3540 ln
990 3477 1138 3541 Ecclesiis
1159 3487 1190 3539 et
1209 3476 1405 3538 hlonasterirs
1425 3477 1538 3538 habent
1556 3495 1758 3556 uoaspcssas
1770 3495 1832 3538 non
1840 3475 1932 3554 plane
1947 3473 2058 3548 encas,

584 3617 588 3620 -
686 3593 764 3656 quae
785 3578 817 3637 in
838 3577 1013 3640 Secretario
1036 3597 1090 3640 seu
1111 3576 1264 3638 Sacristia
1285 3584 1502 3637 assonantur:
1536 3595 1591 3638 eas
1612 3576 1719 3638 dicbus
1747 3576 1850 3638 decem
1880 3589 1961 3652 aqua
1988 3587 2058 3631 ma-

686 3683 819 3737 cerant.-
841 3695 965 3757 cumque
987 3678 1110 3739 humore
1132 3676 1281 3738 distentae
1295 3673 1431 3754 suerint,
1458 3675 1574 3736 siccari
1594 3677 1708 3737 annot:
1735 3691 1809 3735 mon
1831 3670 1980 3734 torculari
1999 3670 2059 3730 im-

683 3775 802 3852 positas
820 3783 970 3854 premmd,
994 3793 1173 3854 arecumque
1197 3774 1335 3849 eliciunt,
1357 3781 1446 3852 atque
1467 3774 1526 3836 hoc
1547 3775 1618 3836 nino
1640 3780 1763 3835 utuntur
1783 3771 1827 3832 ad
1839 3772 1965 3832 missam
1979 3768 2060 3829 cela-

683 3871 841 3936 brandam.
885 3872 960 3935 illud
983 3882 1082 3937 tamen
1104 3873 1204 3934 vinum
1227 3888 1289 3934 non
1312 3871 1369 3933 nisi
1391 3873 1420 3932 in
1436 3889 1549 3934 summa
1564 3872 1748 3934 necessitate
1765 3876 1939 3949 usurpatum
1953 3866 2058 3945 inisse,

688 3977 719 4032 et
741 3973 939 4034 communiter
960 3971 1160 4052 prohibitum,
1191 3970 1282 4033 docet
1310 3969 1439 4032 Michael
1461 3971 1632 4052 Episcopus
1653 3969 1802 4033 Malichae
1831 3968 1863 4029 in
1892 3966 2059 4046 Responsis

682 4069 907 4133 Ecclesiasticis
937 4079 992 4136 art.
1024 4070 1074 4135 13.
1119 4070 1244 4132 Licetne
1270 4069 1497 4132 Euclran'stiam
1525 4068 1635 4151 offere
1663 4089 1704 4130 en
1722 4070 1827 4148 picato
1849 4075 1903 4128 aut
1924 4068 2060 4128 resinata

683 4169 773 4245 aino,
795 4171 844 4231 oei
864 4189 901 4232 co
923 4169 1004 4250 quod
1025 4171 1229 4232 maceratione
1252 4170 1452 4249 exprimitur?
1474 4169 1655 4250 Responsio.
1697 4167 1837 4230 Picatum
1858 4165 1977 4247 quidem
2000 4163 2061 4225 ad-

683 4267 784 4330 hiberi
799 4277 916 4349 potest,
938 4269 1011 4349 quia
1032 4269 1249 4331 medicamento
1271 4269 1402 4349 qsrodam
1424 4289 1441 4331 e
1461 4287 1571 4349 penae
1589 4269 1670 4348 picis
1680 4272 1902 4347 praeparatur,
1925 4266 2062 4343 incoque

683 4383 744 4428 non
766 4376 813 4429 cst
834 4386 932 4448 aqna,
954 4385 1058 4428 caum
1080 4368 1158 4429 odor
1180 4374 1347 4430 tantam.et
1368 4367 1520 4446 funrosam
1549 4369 1637 4449 quid:
1667 4367 1724 4429 sed
1749 4366 1831 4447 quod
1857 4363 2061 4425 maceratione

683 4466 876 4545 eaprimitur,
899 4485 967 4528 cam
989 4466 1022 4527 in
1044 4484 1079 4528 eo
1102 4483 1183 4546 aquo
1205 4468 1261 4542 sit,
1283 4466 1358 4528 illud
1379 4468 1501 4530 omnino
1522 4485 1672 4547 amrpare
1698 4483 1759 4527 non
1786 4465 1855 4526 licet
1882 4461 1925 4522 ad
1953 4459 2062 4522 Lahir-

681 4565 766 4643 9iom
788 4564 1010 4629 celebrandam.
1056 4564 1187 4628 Picatum
1210 4581 1267 4628 seu
1287 4566 1452 4628 resinatum
1474 4566 1626 4630 hocloco
1649 4563 1878 4647 intelligendum
1900 4566 1965 4638 est,
1989 4557 2061 4622 illud

684 4660 765 4743 quod
788 4663 895 4742 picatis
919 4662 1008 4727 doliis
1031 4671 1082 4725 aut
1104 4663 1221 4727 utribus
1248 4663 1395 4746 inlusum,
1418 4664 1545 4729 odorem
1567 4663 1772 4729 tantummodo
1796 4661 2012 4735 contraxisset,
2031 4663 2062 4719 et

682 4764 806 4840 saporis
827 4764 976 4843 quaedam
997 4770 1030 4827 ut
1053 4762 1094 4824 ait
1115 4762 1227 4827 Plinius
1249 4762 1300 4826 lib.
1324 4764 1376 4827 hh.
1400 4782 1467 4847 cap.
1490 4765 1543 4830 20.
1567 4764 1726 4840 acumina,
1755 4783 1796 4825 ea
1824 4778 1953 4841 mersu
1971 4757 2061 4838 picis,

683 4865 738 4920 out
759 4862 857 4922 crudo
875 4859 950 4940 licre
970 4863 1101 4925 resinae.
