<?xml version="1.0" encoding="UTF-8"?>
<!DOCTYPE html PUBLIC "-//W3C//DTD XHTML 1.0 Transitional//EN"
    "http://www.w3.org/TR/xhtml1/DTD/xhtml1-transitional.dtd">
<html xmlns="http://www.w3.org/1999/xhtml" xml:lang="en" lang="en">
 <head>
  <title>
</title>
<meta http-equiv="Content-Type" content="text/html;charset=utf-8" />
  <meta name='ocr-system' content='tesseract 3.04.00' />
  <meta name='ocr-capabilities' content='ocr_page ocr_carea ocr_par ocr_line ocrx_word'/>
</head>
<body>
  <div class='ocr_page' id='page_1' title='image "./liturgiarumorie03renagoog_0450.png"; bbox 0 0 4670 6046; ppageno 0'>
   <div class='ocr_carea' id='block_1_1' title="bbox 535 592 1588 674">
    <p class='ocr_par' dir='ltr' id='par_1_1' title="bbox 535 592 1588 674">
     <span class='ocr_line' id='line_1_1' title="bbox 535 592 1588 674; baseline -0.006 0"><span class='ocrx_word' id='word_1_1' title='bbox 535 599 575 674; x_wconf 85' lang='lat' dir='ltr'><strong>lll</strong></span> <span class='ocrx_word' id='word_1_2' title='bbox 592 595 798 673; x_wconf 83' lang='lat' dir='ltr'><strong>LITURGIAM</strong></span> <span class='ocrx_word' id='word_1_3' title='bbox 817 592 1011 672; x_wconf 74' lang='lat' dir='ltr'><strong>deputatu</strong></span> <span class='ocrx_word' id='word_1_4' title='bbox 1030 595 1061 671; x_wconf 86' lang='lat' dir='ltr'><strong>S.</strong></span> <span class='ocrx_word' id='word_1_5' title='bbox 1085 593 1267 672; x_wconf 85' lang='lat' dir='ltr'><strong>GREGORII.</strong></span> <span class='ocrx_word' id='word_1_6' title='bbox 1510 594 1588 669; x_wconf 82' lang='grc'><strong>287</strong></span> 
     </span>
    </p>
   </div>
   <div class='ocr_carea' id='block_1_2' title="bbox 200 759 1588 1952">
    <p class='ocr_par' dir='ltr' id='par_1_2' title="bbox 200 759 1588 1952">
     <span class='ocr_line' id='line_1_2' title="bbox 213 759 1587 865; baseline -0.004 -18"><span class='ocrx_word' id='word_1_7' title='bbox 213 800 340 847; x_wconf 87' lang='lat' dir='ltr'><strong>servare</strong></span> <span class='ocrx_word' id='word_1_8' title='bbox 361 782 485 845; x_wconf 80' lang='lat' dir='ltr'><strong>subiciat</strong></span> <span class='ocrx_word' id='word_1_9' title='bbox 508 800 549 844; x_wconf 90' lang='lat' dir='ltr'><strong>ex</strong></span> <span class='ocrx_word' id='word_1_10' title='bbox 570 779 830 861; x_wconf 79' lang='lat' dir='ltr'><strong>imperfectissima</strong></span> <span class='ocrx_word' id='word_1_11' title='bbox 854 777 1051 843; x_wconf 83' lang='lat' dir='ltr'><strong>Grammatico</strong></span> <span class='ocrx_word' id='word_1_12' title='bbox 1074 797 1154 865; x_wconf 81' lang='grc' dir='ltr'><strong>ντεφ</strong></span> <span class='ocrx_word' id='word_1_13' title='bbox 1176 797 1255 860; x_wconf 86' lang='lat' dir='ltr'><strong>quae</strong></span> <span class='ocrx_word' id='word_1_14' title='bbox 1277 785 1348 841; x_wconf 90' lang='lat' dir='ltr'><strong>nota</strong></span> <span class='ocrx_word' id='word_1_15' title='bbox 1379 775 1410 841; x_wconf 89' lang='lat'><strong>3.</strong></span> <span class='ocrx_word' id='word_1_16' title='bbox 1434 759 1587 860; x_wconf 80' lang='lat' dir='ltr'><strong>personae</strong></span> 
     </span>
     <span class='ocr_line' id='line_1_3' title="bbox 213 878 1587 964; baseline 0.001 -20"><span class='ocrx_word' id='word_1_17' title='bbox 213 881 304 944; x_wconf 87' lang='lat' dir='ltr'><strong>lutari</strong></span> <span class='ocrx_word' id='word_1_18' title='bbox 325 882 376 945; x_wconf 89' lang='lat' dir='ltr'><strong>vel</strong></span> <span class='ocrx_word' id='word_1_19' title='bbox 398 881 589 964; x_wconf 81' lang='lat' dir='ltr'><strong>subjunctivi,</strong></span> <span class='ocrx_word' id='word_1_20' title='bbox 614 896 651 942; x_wconf 94' lang='lat' dir='ltr'><strong>eo</strong></span> <span class='ocrx_word' id='word_1_21' title='bbox 673 879 742 942; x_wconf 90' lang='lat' dir='ltr'><strong>loce</strong></span> <span class='ocrx_word' id='word_1_22' title='bbox 765 879 915 960; x_wconf 79' lang='lat' dir='ltr'><strong>usuupari,</strong></span> <span class='ocrx_word' id='word_1_23' title='bbox 938 897 997 941; x_wconf 92' lang='lat' dir='ltr'><strong>non</strong></span> <span class='ocrx_word' id='word_1_24' title='bbox 1017 879 1131 960; x_wconf 89' lang='lat' dir='ltr'><strong>primae</strong></span> <span class='ocrx_word' id='word_1_25' title='bbox 1153 878 1278 960; x_wconf 90' lang='lat' dir='ltr'><strong>pluralis</strong></span> <span class='ocrx_word' id='word_1_26' title='bbox 1300 895 1453 959; x_wconf 82' lang='lat' dir='ltr'><strong>personae</strong></span> <span class='ocrx_word' id='word_1_27' title='bbox 1475 887 1587 946; x_wconf 87' lang='lat' dir='ltr'><strong>notam.</strong></span> 
     </span>
     <span class='ocr_line' id='line_1_4' title="bbox 212 976 1588 1059; baseline -0.002 -17"><span class='ocrx_word' id='word_1_28' title='bbox 212 979 300 1043; x_wconf 77' lang='lat' dir='ltr'><strong>naue</strong></span> <span class='ocrx_word' id='word_1_29' title='bbox 322 981 522 1042; x_wconf 88' lang='lat' dir='ltr'><strong>testimonium</strong></span> <span class='ocrx_word' id='word_1_30' title='bbox 546 977 655 1040; x_wconf 87' lang='lat' dir='ltr'><strong>Graeci</strong></span> <span class='ocrx_word' id='word_1_31' title='bbox 679 976 811 1056; x_wconf 91' lang='lat' dir='ltr'><strong>Codicis,</strong></span> <span class='ocrx_word' id='word_1_32' title='bbox 835 986 866 1040; x_wconf 88' lang='lat' dir='ltr'><strong>et</strong></span> <span class='ocrx_word' id='word_1_33' title='bbox 887 976 1046 1059; x_wconf 87' lang='lat' dir='ltr'><strong>adjunctae</strong></span> <span class='ocrx_word' id='word_1_34' title='bbox 1068 978 1219 1040; x_wconf 86' lang='lat' dir='ltr'><strong>versionis</strong></span> <span class='ocrx_word' id='word_1_35' title='bbox 1241 977 1403 1056; x_wconf 79' lang='lat' dir='ltr'><strong>Arabicae,</strong></span> <span class='ocrx_word' id='word_1_36' title='bbox 1427 995 1505 1058; x_wconf 91' lang='lat' dir='ltr'><strong>quae</strong></span> <span class='ocrx_word' id='word_1_37' title='bbox 1526 976 1588 1039; x_wconf 89' lang='lat' dir='ltr'><strong>lal-</strong></span> 
     </span>
     <span class='ocr_line' id='line_1_5' title="bbox 213 1074 1588 1157; baseline -0.002 -16"><span class='ocrx_word' id='word_1_38' title='bbox 213 1096 276 1141; x_wconf 92' lang='lat' dir='ltr'><strong>sam</strong></span> <span class='ocrx_word' id='word_1_39' title='bbox 308 1079 387 1142; x_wconf 93' lang='lat' dir='ltr'><strong>illam</strong></span> <span class='ocrx_word' id='word_1_40' title='bbox 418 1086 449 1142; x_wconf 90' lang='lat' dir='ltr'><strong>at</strong></span> <span class='ocrx_word' id='word_1_41' title='bbox 478 1076 639 1140; x_wconf 86' lang='lat' dir='ltr'><strong>absurdam</strong></span> <span class='ocrx_word' id='word_1_42' title='bbox 670 1076 807 1138; x_wconf 80' lang='lat' dir='ltr'><strong>salmasii</strong></span> <span class='ocrx_word' id='word_1_43' title='bbox 840 1077 1118 1157; x_wconf 73' lang='lat' dir='ltr'><strong>interpretationem</strong></span> <span class='ocrx_word' id='word_1_44' title='bbox 1149 1075 1322 1152; x_wconf 91' lang='lat' dir='ltr'><strong>destruunt,</strong></span> <span class='ocrx_word' id='word_1_45' title='bbox 1361 1094 1428 1139; x_wconf 91' lang='lat' dir='ltr'><strong>cum</strong></span> <span class='ocrx_word' id='word_1_46' title='bbox 1457 1074 1588 1140; x_wconf 88' lang='lat' dir='ltr'><strong>habeant</strong></span> 
     </span>
     <span class='ocr_line' id='line_1_6' title="bbox 214 1165 1586 1262; baseline -0.003 -24"><span class='ocrx_word' id='word_1_47' title='bbox 214 1167 336 1262; x_wconf 68' lang='grc' dir='ltr'><strong>ἁγιάσῃ</strong></span> <span class='ocrx_word' id='word_1_48' title='bbox 358 1173 414 1242; x_wconf 77' lang='grc' dir='ltr'><strong>καὶ</strong></span> <span class='ocrx_word' id='word_1_49' title='bbox 434 1165 653 1260; x_wconf 77' lang='grc' dir='ltr'><strong><em>μεταποιήσῃ.</em></strong></span> <span class='ocrx_word' id='word_1_50' title='bbox 684 1173 802 1254; x_wconf 84' lang='lat' dir='ltr'><strong>Corpus</strong></span> <span class='ocrx_word' id='word_1_51' title='bbox 824 1185 853 1239; x_wconf 87' lang='lat' dir='ltr'><strong>et</strong></span> <span class='ocrx_word' id='word_1_52' title='bbox 874 1177 999 1254; x_wconf 80' lang='lat' dir='ltr'><strong>sompnis</strong></span> <span class='ocrx_word' id='word_1_53' title='bbox 1021 1175 1218 1254; x_wconf 79' lang='lat' dir='ltr'><strong>liberationis,</strong></span> <span class='ocrx_word' id='word_1_54' title='bbox 1243 1183 1298 1238; x_wconf 88' lang='lat' dir='ltr'><strong>aut</strong></span> <span class='ocrx_word' id='word_1_55' title='bbox 1318 1176 1429 1238; x_wconf 84' lang='lat' dir='ltr'><strong>salutis</strong></span> <span class='ocrx_word' id='word_1_56' title='bbox 1449 1183 1586 1254; x_wconf 85' lang='lat' dir='ltr'><strong>nostrae,</strong></span> 
     </span>
     <span class='ocr_line' id='line_1_7' title="bbox 200 1272 1587 1357; baseline -0.003 -19"><span class='ocrx_word' id='word_1_57' title='bbox 200 1276 352 1339; x_wconf 86' lang='lat' dir='ltr'><strong>dicuntur</strong></span> <span class='ocrx_word' id='word_1_58' title='bbox 373 1293 486 1357; x_wconf 88' lang='lat' dir='ltr'><strong>corpus</strong></span> <span class='ocrx_word' id='word_1_59' title='bbox 515 1283 546 1339; x_wconf 93' lang='lat' dir='ltr'><strong>et</strong></span> <span class='ocrx_word' id='word_1_60' title='bbox 572 1275 698 1357; x_wconf 89' lang='lat' dir='ltr'><strong>sanguis</strong></span> <span class='ocrx_word' id='word_1_61' title='bbox 722 1273 849 1353; x_wconf 89' lang='lat' dir='ltr'><strong>Christi,</strong></span> <span class='ocrx_word' id='word_1_62' title='bbox 874 1275 942 1355; x_wconf 90' lang='lat' dir='ltr'><strong>quia</strong></span> <span class='ocrx_word' id='word_1_63' title='bbox 977 1292 1033 1354; x_wconf 89' lang='lat' dir='ltr'><strong>per</strong></span> <span class='ocrx_word' id='word_1_64' title='bbox 1055 1273 1235 1336; x_wconf 83' lang='lat' dir='ltr'><strong>sacrificium</strong></span> <span class='ocrx_word' id='word_1_65' title='bbox 1257 1275 1414 1355; x_wconf 86' lang='lat' dir='ltr'><strong>corporis,</strong></span> <span class='ocrx_word' id='word_1_66' title='bbox 1443 1281 1475 1335; x_wconf 88' lang='grc' dir='ltr'><strong>ει</strong></span> <span class='ocrx_word' id='word_1_67' title='bbox 1505 1272 1587 1336; x_wconf 84' lang='lat' dir='ltr'><strong>ellu-</strong></span> 
     </span>
     <span class='ocr_line' id='line_1_8' title="bbox 213 1372 1586 1458; baseline -0.001 -22"><span class='ocrx_word' id='word_1_68' title='bbox 213 1375 328 1436; x_wconf 89' lang='lat' dir='ltr'><strong>sionem</strong></span> <span class='ocrx_word' id='word_1_69' title='bbox 351 1375 507 1458; x_wconf 89' lang='lat' dir='ltr'><strong>sanguinis</strong></span> <span class='ocrx_word' id='word_1_70' title='bbox 529 1375 558 1436; x_wconf 94' lang='lat' dir='ltr'><strong>in</strong></span> <span class='ocrx_word' id='word_1_71' title='bbox 581 1374 736 1456; x_wconf 85' lang='lat' dir='ltr'><strong>passione,</strong></span> <span class='ocrx_word' id='word_1_72' title='bbox 760 1381 820 1435; x_wconf 90' lang='lat' dir='ltr'><strong>tum</strong></span> <span class='ocrx_word' id='word_1_73' title='bbox 843 1373 1104 1455; x_wconf 88' lang='lat' dir='ltr'><strong>participationem</strong></span> <span class='ocrx_word' id='word_1_74' title='bbox 1127 1373 1192 1454; x_wconf 90' lang='lat' dir='ltr'><strong>ejus</strong></span> <span class='ocrx_word' id='word_1_75' title='bbox 1216 1373 1247 1434; x_wconf 91' lang='lat' dir='ltr'><strong>in</strong></span> <span class='ocrx_word' id='word_1_76' title='bbox 1266 1372 1479 1450; x_wconf 80' lang='lat' dir='ltr'><strong>sacramentis,</strong></span> <span class='ocrx_word' id='word_1_77' title='bbox 1503 1373 1586 1435; x_wconf 88' lang='lat' dir='ltr'><strong>salas</strong></span> 
     </span>
     <span class='ocr_line' id='line_1_9' title="bbox 214 1471 1585 1556; baseline -0.004 -19"><span class='ocrx_word' id='word_1_78' title='bbox 214 1482 245 1537; x_wconf 90' lang='grc' dir='ltr'><strong>ει</strong></span> <span class='ocrx_word' id='word_1_79' title='bbox 266 1474 404 1537; x_wconf 90' lang='lat' dir='ltr'><strong>liberatio</strong></span> <span class='ocrx_word' id='word_1_80' title='bbox 427 1475 515 1536; x_wconf 92' lang='lat' dir='ltr'><strong>nobis</strong></span> <span class='ocrx_word' id='word_1_81' title='bbox 538 1491 555 1536; x_wconf 88' lang='lat' dir='ltr'><strong>a</strong></span> <span class='ocrx_word' id='word_1_82' title='bbox 578 1473 713 1556; x_wconf 87' lang='lat' dir='ltr'><strong>pcccatis</strong></span> <span class='ocrx_word' id='word_1_83' title='bbox 735 1474 881 1552; x_wconf 91' lang='lat' dir='ltr'><strong>praestita</strong></span> <span class='ocrx_word' id='word_1_84' title='bbox 905 1479 968 1550; x_wconf 88' lang='lat' dir='ltr'><strong>ast,</strong></span> <span class='ocrx_word' id='word_1_85' title='bbox 1000 1479 1030 1534; x_wconf 90' lang='lat' dir='ltr'><strong>et</strong></span> <span class='ocrx_word' id='word_1_86' title='bbox 1054 1489 1148 1552; x_wconf 90' lang='lat' dir='ltr'><strong>porro</strong></span> <span class='ocrx_word' id='word_1_87' title='bbox 1172 1479 1353 1552; x_wconf 91' lang='lat' dir='ltr'><strong>praestatur.</strong></span> <span class='ocrx_word' id='word_1_88' title='bbox 1394 1471 1440 1534; x_wconf 90' lang='lat' dir='ltr'><strong>Eo</strong></span> <span class='ocrx_word' id='word_1_89' title='bbox 1464 1473 1494 1534; x_wconf 95' lang='lat' dir='ltr'><strong>in</strong></span> <span class='ocrx_word' id='word_1_90' title='bbox 1517 1471 1585 1533; x_wconf 89' lang='lat' dir='ltr'><strong>loco</strong></span> 
     </span>
     <span class='ocr_line' id='line_1_10' title="bbox 215 1565 1587 1654; baseline -0.005 -19"><span class='ocrx_word' id='word_1_91' title='bbox 215 1571 344 1635; x_wconf 86' lang='lat' dir='ltr'><strong>Codices</strong></span> <span class='ocrx_word' id='word_1_92' title='bbox 366 1573 504 1654; x_wconf 89' lang='lat' dir='ltr'><strong>plerique</strong></span> <span class='ocrx_word' id='word_1_93' title='bbox 533 1571 644 1634; x_wconf 90' lang='lat' dir='ltr'><strong>babent</strong></span> <span class='ocrx_word' id='word_1_94' title='bbox 671 1588 808 1637; x_wconf 80' lang='grc' dir='ltr'><strong>πενσωτ.</strong></span> <span class='ocrx_word' id='word_1_95' title='bbox 843 1589 921 1635; x_wconf 90' lang='lat' dir='ltr'><strong>vene</strong></span> <span class='ocrx_word' id='word_1_96' title='bbox 950 1570 1143 1650; x_wconf 89' lang='lat' dir='ltr'><strong>abbreviata,</strong></span> <span class='ocrx_word' id='word_1_97' title='bbox 1173 1578 1205 1633; x_wconf 89' lang='lat' dir='ltr'><strong>nt</strong></span> <span class='ocrx_word' id='word_1_98' title='bbox 1236 1570 1306 1632; x_wconf 91' lang='lat' dir='ltr'><strong>alibi</strong></span> <span class='ocrx_word' id='word_1_99' title='bbox 1337 1570 1475 1651; x_wconf 90' lang='lat' dir='ltr'><strong>saepius,</strong></span> <span class='ocrx_word' id='word_1_100' title='bbox 1505 1565 1587 1630; x_wconf 91' lang='lat' dir='ltr'><strong>unde</strong></span> 
     </span>
     <span class='ocr_line' id='line_1_11' title="bbox 214 1658 1588 1757; baseline -0.003 -25"><span class='ocrx_word' id='word_1_101' title='bbox 214 1658 322 1756; x_wconf 69' lang='grc' dir='ltr'><strong><em>σωτὴρ</em></strong></span> <span class='ocrx_word' id='word_1_102' title='bbox 345 1671 394 1733; x_wconf 91' lang='lat' dir='ltr'><strong>vel</strong></span> <span class='ocrx_word' id='word_1_103' title='bbox 418 1664 563 1757; x_wconf 80' lang='grc' dir='ltr'><em>σωτηρία</em></span> <span class='ocrx_word' id='word_1_104' title='bbox 584 1670 647 1754; x_wconf 89' lang='lat' dir='ltr'><strong>legi</strong></span> <span class='ocrx_word' id='word_1_105' title='bbox 668 1677 778 1750; x_wconf 90' lang='lat' dir='ltr'><strong>potest.</strong></span> <span class='ocrx_word' id='word_1_106' title='bbox 824 1670 884 1735; x_wconf 89' lang='lat' dir='ltr'><strong>Sed</strong></span> <span class='ocrx_word' id='word_1_107' title='bbox 907 1670 1130 1754; x_wconf 83' lang='lat' dir='ltr'><strong>ambiguitatem</strong></span> <span class='ocrx_word' id='word_1_108' title='bbox 1156 1668 1336 1733; x_wconf 87' lang='lat' dir='ltr'><strong>determinat</strong></span> <span class='ocrx_word' id='word_1_109' title='bbox 1360 1668 1465 1732; x_wconf 85' lang='lat' dir='ltr'><strong>Codex</strong></span> <span class='ocrx_word' id='word_1_110' title='bbox 1487 1665 1588 1728; x_wconf 89' lang='lat' dir='ltr'><strong>Grae-</strong></span> 
     </span>
     <span class='ocr_line' id='line_1_12' title="bbox 215 1756 1588 1854; baseline -0.002 -23"><span class='ocrx_word' id='word_1_111' title='bbox 215 1786 279 1848; x_wconf 91' lang='lat' dir='ltr'><strong>cus,</strong></span> <span class='ocrx_word' id='word_1_112' title='bbox 302 1770 354 1833; x_wconf 90' lang='lat' dir='ltr'><strong>ubi</strong></span> <span class='ocrx_word' id='word_1_113' title='bbox 376 1770 506 1832; x_wconf 88' lang='lat' dir='ltr'><strong>habetur</strong></span> <span class='ocrx_word' id='word_1_114' title='bbox 528 1769 589 1853; x_wconf 81' lang='grc' dir='ltr'><strong>τῆς</strong></span> <span class='ocrx_word' id='word_1_115' title='bbox 618 1758 780 1854; x_wconf 77' lang='grc' dir='ltr'><strong>ἡμετέρας</strong></span> <span class='ocrx_word' id='word_1_116' title='bbox 801 1756 1078 1854; x_wconf 59' lang='grc' dir='ltr'><strong>ἀπολυτρώσεως,</strong></span> <span class='ocrx_word' id='word_1_117' title='bbox 1108 1770 1265 1832; x_wconf 80' lang='lat' dir='ltr'><strong>alversio</strong></span> <span class='ocrx_word' id='word_1_118' title='bbox 1289 1769 1354 1851; x_wconf 90' lang='lat' dir='ltr'><strong>ejus</strong></span> <span class='ocrx_word' id='word_1_119' title='bbox 1377 1766 1527 1844; x_wconf 83' lang='lat' dir='ltr'><strong>Arabica,</strong></span> <span class='ocrx_word' id='word_1_120' title='bbox 1556 1771 1588 1828; x_wconf 89' lang='lat' dir='ltr'><strong>at</strong></span> 
     </span>
     <span class='ocr_line' id='line_1_13' title="bbox 214 1865 1033 1952; baseline -0.001 -20"><span class='ocrx_word' id='word_1_121' title='bbox 214 1868 289 1932; x_wconf 92' lang='lat' dir='ltr'><strong>aliae</strong></span> <span class='ocrx_word' id='word_1_122' title='bbox 313 1887 392 1950; x_wconf 83' lang='lat' dir='ltr'><strong>quaa</strong></span> <span class='ocrx_word' id='word_1_123' title='bbox 414 1867 550 1950; x_wconf 92' lang='lat' dir='ltr'><strong>Copticis</strong></span> <span class='ocrx_word' id='word_1_124' title='bbox 573 1867 796 1950; x_wconf 84' lang='lat' dir='ltr'><strong>exemplaribus</strong></span> <span class='ocrx_word' id='word_1_125' title='bbox 820 1865 1033 1952; x_wconf 92' lang='lat' dir='ltr'><strong>adjunguntur.</strong></span> 
     </span>
    </p>
   </div>
   <div class='ocr_carea' id='block_1_3' title="bbox 265 2126 1534 2222">
    <p class='ocr_par' dir='ltr' id='par_1_3' title="bbox 265 2126 1534 2222">
     <span class='ocr_line' id='line_1_14' title="bbox 265 2126 1534 2222; baseline -0.003 -22"><span class='ocrx_word' id='word_1_126' title='bbox 265 2128 314 2200; x_wconf 85' lang='grc' dir='ltr'><strong>Ει</strong></span> <span class='ocrx_word' id='word_1_127' title='bbox 327 2128 416 2199; x_wconf 80' lang='lat' dir='ltr'><strong>bunc</strong></span> <span class='ocrx_word' id='word_1_128' title='bbox 432 2128 564 2222; x_wconf 84' lang='lat' dir='ltr'><strong>quidem</strong></span> <span class='ocrx_word' id='word_1_129' title='bbox 578 2149 711 2222; x_wconf 76' lang='lat' dir='ltr'><strong>pumma,</strong></span> <span class='ocrx_word' id='word_1_130' title='bbox 735 2129 852 2220; x_wconf 81' lang='lat' dir='ltr'><strong>sociae</strong></span> <span class='ocrx_word' id='word_1_131' title='bbox 870 2149 994 2220; x_wconf 85' lang='lat' dir='ltr'><strong>corpus</strong></span> <span class='ocrx_word' id='word_1_132' title='bbox 1019 2133 1108 2198; x_wconf 86' lang='lat' dir='ltr'><strong>tuum</strong></span> <span class='ocrx_word' id='word_1_133' title='bbox 1122 2132 1276 2198; x_wconf 75' lang='lat' dir='ltr'><strong>sanctorm</strong></span> <span class='ocrx_word' id='word_1_134' title='bbox 1292 2126 1449 2213; x_wconf 85' lang='lat' dir='ltr'><strong>Domine,</strong></span> <span class='ocrx_word' id='word_1_135' title='bbox 1470 2132 1534 2197; x_wconf 89' lang='lat' dir='ltr'><strong>eta.</strong></span> 
     </span>
    </p>
   </div>
   <div class='ocr_carea' id='block_1_4' title="bbox 212 2335 1590 3029">
    <p class='ocr_par' dir='ltr' id='par_1_4' title="bbox 212 2335 1590 3029">
     <span class='ocr_line' id='line_1_15' title="bbox 315 2335 1586 2427; baseline -0.003 -15"><span class='ocrx_word' id='word_1_136' title='bbox 315 2335 473 2414; x_wconf 85' lang='lat' dir='ltr'><strong>Occuaan</strong></span> <span class='ocrx_word' id='word_1_137' title='bbox 496 2348 544 2410; x_wconf 90' lang='lat' dir='ltr'><strong>hie</strong></span> <span class='ocrx_word' id='word_1_138' title='bbox 568 2347 704 2410; x_wconf 91' lang='lat' dir='ltr'><strong>lectionis</strong></span> <span class='ocrx_word' id='word_1_139' title='bbox 726 2348 868 2410; x_wconf 90' lang='lat' dir='ltr'><strong>varietas.</strong></span> <span class='ocrx_word' id='word_1_140' title='bbox 915 2344 1022 2409; x_wconf 89' lang='lat' dir='ltr'><strong>Codex</strong></span> <span class='ocrx_word' id='word_1_141' title='bbox 1044 2353 1151 2408; x_wconf 88' lang='lat' dir='ltr'><strong>noster</strong></span> <span class='ocrx_word' id='word_1_142' title='bbox 1173 2363 1262 2427; x_wconf 89' lang='lat' dir='ltr'><strong>quem</strong></span> <span class='ocrx_word' id='word_1_143' title='bbox 1280 2345 1508 2427; x_wconf 90' lang='lat' dir='ltr'><strong>interpretando</strong></span> <span class='ocrx_word' id='word_1_144' title='bbox 1531 2363 1586 2408; x_wconf 90' lang='lat' dir='ltr'><strong>se-</strong></span> 
     </span>
     <span class='ocr_line' id='line_1_16' title="bbox 214 2447 1587 2534; baseline -0.001 -22"><span class='ocrx_word' id='word_1_145' title='bbox 214 2452 274 2513; x_wconf 88' lang='lat' dir='ltr'><strong>cuti</strong></span> <span class='ocrx_word' id='word_1_146' title='bbox 291 2468 403 2529; x_wconf 77' lang='lat' dir='ltr'><strong>sumuS,</strong></span> <span class='ocrx_word' id='word_1_147' title='bbox 427 2453 466 2512; x_wconf 91' lang='lat' dir='ltr'><strong>ita</strong></span> <span class='ocrx_word' id='word_1_148' title='bbox 490 2459 522 2512; x_wconf 91' lang='lat' dir='ltr'><strong>ut</strong></span> <span class='ocrx_word' id='word_1_149' title='bbox 544 2453 760 2532; x_wconf 85' lang='lat' dir='ltr'><strong>expressimus,</strong></span> <span class='ocrx_word' id='word_1_150' title='bbox 783 2449 874 2513; x_wconf 89' lang='lat' dir='ltr'><strong>babet</strong></span> <span class='ocrx_word' id='word_1_151' title='bbox 896 2467 1036 2534; x_wconf 71' lang='grc' dir='ltr'><strong>ητεκαιφ</strong></span> <span class='ocrx_word' id='word_1_152' title='bbox 1059 2449 1190 2510; x_wconf 83' lang='lat' dir='ltr'><strong>Facias:</strong></span> <span class='ocrx_word' id='word_1_153' title='bbox 1212 2448 1322 2510; x_wconf 88' lang='lat' dir='ltr'><strong>Versio</strong></span> <span class='ocrx_word' id='word_1_154' title='bbox 1344 2447 1476 2510; x_wconf 81' lang='lat' dir='ltr'><strong>Arabica</strong></span> <span class='ocrx_word' id='word_1_155' title='bbox 1499 2447 1587 2510; x_wconf 89' lang='lat' dir='ltr'><strong>simi-</strong></span> 
     </span>
     <span class='ocr_line' id='line_1_17' title="bbox 213 2546 1588 2631; baseline -0.001 -21"><span class='ocrx_word' id='word_1_156' title='bbox 213 2548 297 2612; x_wconf 89' lang='lat' dir='ltr'><strong>liter:</strong></span> <span class='ocrx_word' id='word_1_157' title='bbox 321 2550 361 2610; x_wconf 92' lang='lat' dir='ltr'><strong>ita</strong></span> <span class='ocrx_word' id='word_1_158' title='bbox 384 2557 501 2629; x_wconf 91' lang='lat' dir='ltr'><strong>tamen,</strong></span> <span class='ocrx_word' id='word_1_159' title='bbox 523 2548 616 2611; x_wconf 87' lang='lat' dir='ltr'><strong>ulad</strong></span> <span class='ocrx_word' id='word_1_160' title='bbox 647 2548 789 2631; x_wconf 88' lang='lat' dir='ltr'><strong>Spiritum</strong></span> <span class='ocrx_word' id='word_1_161' title='bbox 812 2557 947 2611; x_wconf 88' lang='lat' dir='ltr'><strong>sanctum</strong></span> <span class='ocrx_word' id='word_1_162' title='bbox 970 2547 1080 2610; x_wconf 87' lang='lat' dir='ltr'><strong>referri</strong></span> <span class='ocrx_word' id='word_1_163' title='bbox 1108 2547 1221 2628; x_wconf 71' lang='lat' dir='ltr'><strong>possit,</strong></span> <span class='ocrx_word' id='word_1_164' title='bbox 1248 2547 1289 2608; x_wconf 86' lang='lat' dir='ltr'><strong>Et</strong></span> <span class='ocrx_word' id='word_1_165' title='bbox 1312 2546 1431 2626; x_wconf 81' lang='lat' dir='ltr'><strong>sociat:</strong></span> <span class='ocrx_word' id='word_1_166' title='bbox 1461 2547 1532 2627; x_wconf 89' lang='lat' dir='ltr'><strong>quia</strong></span> <span class='ocrx_word' id='word_1_167' title='bbox 1554 2553 1588 2609; x_wconf 91' lang='lat' dir='ltr'><strong>ut</strong></span> 
     </span>
     <span class='ocr_line' id='line_1_18' title="bbox 214 2645 1587 2730; baseline -0.002 -20"><span class='ocrx_word' id='word_1_168' title='bbox 214 2648 325 2711; x_wconf 92' lang='lat' dir='ltr'><strong>dictum</strong></span> <span class='ocrx_word' id='word_1_169' title='bbox 347 2654 395 2710; x_wconf 89' lang='lat' dir='ltr'><strong>est</strong></span> <span class='ocrx_word' id='word_1_170' title='bbox 416 2646 568 2711; x_wconf 82' lang='lat' dir='ltr'><strong>foeminini</strong></span> <span class='ocrx_word' id='word_1_171' title='bbox 579 2646 714 2722; x_wconf 82' lang='lat' dir='ltr'><strong>Arabici,</strong></span> <span class='ocrx_word' id='word_1_172' title='bbox 737 2649 765 2709; x_wconf 92' lang='lat' dir='ltr'><strong>in</strong></span> <span class='ocrx_word' id='word_1_173' title='bbox 790 2665 849 2729; x_wconf 91' lang='lat' dir='ltr'><strong>quo</strong></span> <span class='ocrx_word' id='word_1_174' title='bbox 871 2664 988 2730; x_wconf 81' lang='lat' dir='ltr'><strong>genere</strong></span> <span class='ocrx_word' id='word_1_175' title='bbox 1011 2654 1058 2708; x_wconf 90' lang='lat' dir='ltr'><strong>ast</strong></span> <span class='ocrx_word' id='word_1_176' title='bbox 1079 2663 1142 2708; x_wconf 91' lang='lat' dir='ltr'><strong>vox</strong></span> <span class='ocrx_word' id='word_1_177' title='bbox 1165 2656 1223 2713; x_wconf 71' lang='lat' dir='ltr'><strong>mn</strong></span> <span class='ocrx_word' id='word_1_178' title='bbox 1247 2645 1326 2726; x_wconf 91' lang='lat' dir='ltr'><strong>apud</strong></span> <span class='ocrx_word' id='word_1_179' title='bbox 1343 2645 1474 2725; x_wconf 83' lang='lat' dir='ltr'><strong>Arabes,</strong></span> <span class='ocrx_word' id='word_1_180' title='bbox 1497 2646 1587 2708; x_wconf 89' lang='lat' dir='ltr'><strong>tertia</strong></span> 
     </span>
     <span class='ocr_line' id='line_1_19' title="bbox 213 2743 1587 2828; baseline -0.001 -21"><span class='ocrx_word' id='word_1_181' title='bbox 213 2763 356 2826; x_wconf 88' lang='lat' dir='ltr'><strong>persona,</strong></span> <span class='ocrx_word' id='word_1_182' title='bbox 381 2747 517 2810; x_wconf 89' lang='lat' dir='ltr'><strong>eamdem</strong></span> <span class='ocrx_word' id='word_1_183' title='bbox 539 2765 627 2828; x_wconf 88' lang='lat' dir='ltr'><strong>quam</strong></span> <span class='ocrx_word' id='word_1_184' title='bbox 650 2745 784 2810; x_wconf 89' lang='lat' dir='ltr'><strong>secunda</strong></span> <span class='ocrx_word' id='word_1_185' title='bbox 808 2747 966 2827; x_wconf 89' lang='lat' dir='ltr'><strong>utriusque</strong></span> <span class='ocrx_word' id='word_1_186' title='bbox 993 2744 1116 2828; x_wconf 86' lang='lat' dir='ltr'><strong>generis</strong></span> <span class='ocrx_word' id='word_1_187' title='bbox 1139 2743 1412 2808; x_wconf 76' lang='lat' dir='ltr'><strong>characteristicum</strong></span> <span class='ocrx_word' id='word_1_188' title='bbox 1440 2743 1587 2824; x_wconf 88' lang='lat' dir='ltr'><strong>praelert.</strong></span> 
     </span>
     <span class='ocr_line' id='line_1_20' title="bbox 213 2831 1590 2927; baseline -0.001 -21"><span class='ocrx_word' id='word_1_189' title='bbox 213 2845 326 2908; x_wconf 88' lang='lat' dir='ltr'><strong>Verum</strong></span> <span class='ocrx_word' id='word_1_190' title='bbox 348 2844 455 2908; x_wconf 92' lang='lat' dir='ltr'><strong>melior</strong></span> <span class='ocrx_word' id='word_1_191' title='bbox 477 2847 596 2910; x_wconf 90' lang='lat' dir='ltr'><strong>omnino</strong></span> <span class='ocrx_word' id='word_1_192' title='bbox 618 2845 709 2909; x_wconf 91' lang='lat' dir='ltr'><strong>lectio</strong></span> <span class='ocrx_word' id='word_1_193' title='bbox 738 2854 785 2908; x_wconf 89' lang='lat' dir='ltr'><strong>est</strong></span> <span class='ocrx_word' id='word_1_194' title='bbox 806 2845 971 2908; x_wconf 90' lang='lat' dir='ltr'><strong>secundum</strong></span> <span class='ocrx_word' id='word_1_195' title='bbox 994 2843 1143 2906; x_wconf 86' lang='lat' dir='ltr'><strong>Graecum</strong></span> <span class='ocrx_word' id='word_1_196' title='bbox 1166 2842 1323 2922; x_wconf 88' lang='lat' dir='ltr'><strong>exemplar</strong></span> <span class='ocrx_word' id='word_1_197' title='bbox 1351 2837 1421 2904; x_wconf 81' lang='lat' dir='ltr'><strong>Kal</strong></span> <span class='ocrx_word' id='word_1_198' title='bbox 1442 2831 1590 2927; x_wconf 66' lang='grc' dir='ltr'><strong>ποιήσει,</strong></span> 
     </span>
     <span class='ocr_line' id='line_1_21' title="bbox 212 2933 1588 3029; baseline 0 -24"><span class='ocrx_word' id='word_1_199' title='bbox 212 2942 263 3006; x_wconf 92' lang='lat' dir='ltr'><strong>vel</strong></span> <span class='ocrx_word' id='word_1_200' title='bbox 296 2945 396 3024; x_wconf 93' lang='lat' dir='ltr'><strong>potius</strong></span> <span class='ocrx_word' id='word_1_201' title='bbox 431 2933 562 3029; x_wconf 73' lang='grc' dir='ltr'><strong>ποιήσῃ,</strong></span> <span class='ocrx_word' id='word_1_202' title='bbox 586 2951 616 3006; x_wconf 83' lang='grc' dir='ltr'><strong>ει</strong></span> <span class='ocrx_word' id='word_1_203' title='bbox 648 2944 767 3024; x_wconf 78' lang='lat' dir='ltr'><strong>sociat,</strong></span> <span class='ocrx_word' id='word_1_204' title='bbox 802 2952 833 3006; x_wconf 89' lang='lat' dir='ltr'><strong>ut</strong></span> <span class='ocrx_word' id='word_1_205' title='bbox 867 2941 905 3006; x_wconf 90' lang='lat' dir='ltr'><strong>ad</strong></span> <span class='ocrx_word' id='word_1_206' title='bbox 939 2941 1082 3024; x_wconf 91' lang='lat' dir='ltr'><strong>Spiritum</strong></span> <span class='ocrx_word' id='word_1_207' title='bbox 1121 2948 1257 3003; x_wconf 90' lang='lat' dir='ltr'><strong>sanctum</strong></span> <span class='ocrx_word' id='word_1_208' title='bbox 1299 2939 1464 3022; x_wconf 81' lang='lat' dir='ltr'><strong>referatur,</strong></span> <span class='ocrx_word' id='word_1_209' title='bbox 1501 2943 1588 3023; x_wconf 91' lang='lat' dir='ltr'><strong>cujus</strong></span> 
     </span>
    </p>
   </div>
   <div class='ocr_carea' id='block_1_5' title="bbox 135 3039 1699 3132">
    <p class='ocr_par' dir='ltr' id='par_1_5' title="bbox 135 3039 1699 3132">
     <span class='ocr_line' id='line_1_22' title="bbox 135 3039 1699 3132; baseline 0 -28"><span class='ocrx_word' id='word_1_210' title='bbox 135 3121 142 3132; x_wconf 26' lang='grc' dir='ltr'><strong>θ</strong></span> <span class='ocrx_word' id='word_1_211' title='bbox 213 3041 383 3122; x_wconf 90' lang='lat' dir='ltr'><strong>postulatur</strong></span> <span class='ocrx_word' id='word_1_212' title='bbox 406 3043 563 3108; x_wconf 89' lang='lat' dir='ltr'><strong>adventus.</strong></span> <span class='ocrx_word' id='word_1_213' title='bbox 608 3042 652 3106; x_wconf 89' lang='lat' dir='ltr'><strong>lta</strong></span> <span class='ocrx_word' id='word_1_214' title='bbox 675 3061 797 3124; x_wconf 86' lang='lat' dir='ltr'><strong>quoque</strong></span> <span class='ocrx_word' id='word_1_215' title='bbox 821 3042 933 3126; x_wconf 88' lang='lat' dir='ltr'><strong>legitur</strong></span> <span class='ocrx_word' id='word_1_216' title='bbox 955 3043 983 3102; x_wconf 91' lang='lat' dir='ltr'><strong>in</strong></span> <span class='ocrx_word' id='word_1_217' title='bbox 1008 3040 1072 3102; x_wconf 90' lang='lat' dir='ltr'><strong>aliis</strong></span> <span class='ocrx_word' id='word_1_218' title='bbox 1096 3039 1259 3103; x_wconf 88' lang='lat' dir='ltr'><strong>Codicibus</strong></span> <span class='ocrx_word' id='word_1_219' title='bbox 1283 3039 1432 3122; x_wconf 90' lang='lat' dir='ltr'><strong>Copticis,</strong></span> <span class='ocrx_word' id='word_1_220' title='bbox 1456 3043 1507 3122; x_wconf 90' lang='lat' dir='ltr'><strong>qui</strong></span> <span class='ocrx_word' id='word_1_221' title='bbox 1529 3059 1588 3104; x_wconf 90' lang='lat' dir='ltr'><strong>au·</strong></span> <span class='ocrx_word' id='word_1_222' title='bbox 1695 3107 1699 3113; x_wconf 62' lang='grc'><strong>,</strong></span> 
     </span>
    </p>
   </div>
   <div class='ocr_carea' id='block_1_6' title="bbox 211 3141 1591 3914">
    <p class='ocr_par' dir='ltr' id='par_1_6' title="bbox 211 3141 1591 3914">
     <span class='ocr_line' id='line_1_23' title="bbox 214 3141 1588 3226; baseline -0.001 -22"><span class='ocrx_word' id='word_1_223' title='bbox 214 3142 347 3223; x_wconf 89' lang='lat' dir='ltr'><strong>tiquitala</strong></span> <span class='ocrx_word' id='word_1_224' title='bbox 374 3150 539 3223; x_wconf 88' lang='lat' dir='ltr'><strong>praestant.</strong></span> <span class='ocrx_word' id='word_1_225' title='bbox 589 3161 714 3206; x_wconf 80' lang='lat' dir='ltr'><strong>mucroni</strong></span> <span class='ocrx_word' id='word_1_226' title='bbox 734 3161 795 3219; x_wconf 82' lang='grc' dir='ltr'><strong>μεν</strong></span> <span class='ocrx_word' id='word_1_227' title='bbox 820 3161 954 3226; x_wconf 66' lang='lat' dir='ltr'><strong>marnam</strong></span> <span class='ocrx_word' id='word_1_228' title='bbox 983 3155 1101 3224; x_wconf 80' lang='grc' dir='ltr'><em>ησωμα</em></span> <span class='ocrx_word' id='word_1_229' title='bbox 1127 3141 1258 3219; x_wconf 74' lang='grc' dir='ltr'><strong>εθουαβ</strong></span> <span class='ocrx_word' id='word_1_230' title='bbox 1288 3159 1384 3222; x_wconf 68' lang='lat' dir='ltr'><strong>mox:</strong></span> <span class='ocrx_word' id='word_1_231' title='bbox 1422 3148 1512 3221; x_wconf 90' lang='lat' dir='ltr'><strong>atque</strong></span> <span class='ocrx_word' id='word_1_232' title='bbox 1547 3143 1588 3204; x_wconf 90' lang='lat' dir='ltr'><strong>ita</strong></span> 
     </span>
     <span class='ocr_line' id='line_1_24' title="bbox 214 3238 1589 3318; baseline 0.001 -16"><span class='ocrx_word' id='word_1_233' title='bbox 214 3241 374 3303; x_wconf 84' lang='lat' dir='ltr'><strong>versiones</strong></span> <span class='ocrx_word' id='word_1_234' title='bbox 403 3241 563 3305; x_wconf 83' lang='lat' dir='ltr'><strong>Arabicae.</strong></span> <span class='ocrx_word' id='word_1_235' title='bbox 616 3239 770 3304; x_wconf 87' lang='lat' dir='ltr'><strong>Sententia</strong></span> <span class='ocrx_word' id='word_1_236' title='bbox 800 3249 900 3303; x_wconf 88' lang='lat' dir='ltr'><strong>tamen</strong></span> <span class='ocrx_word' id='word_1_237' title='bbox 929 3238 1091 3318; x_wconf 89' lang='lat' dir='ltr'><strong>utrobique</strong></span> <span class='ocrx_word' id='word_1_238' title='bbox 1122 3238 1226 3300; x_wconf 89' lang='lat' dir='ltr'><strong>eadem</strong></span> <span class='ocrx_word' id='word_1_239' title='bbox 1264 3245 1327 3317; x_wconf 90' lang='lat' dir='ltr'><strong>est,</strong></span> <span class='ocrx_word' id='word_1_240' title='bbox 1355 3240 1420 3300; x_wconf 91' lang='lat' dir='ltr'><strong>sive</strong></span> <span class='ocrx_word' id='word_1_241' title='bbox 1451 3238 1589 3304; x_wconf 89' lang='lat' dir='ltr'><strong>Christus</strong></span> 
     </span>
     <span class='ocr_line' id='line_1_25' title="bbox 214 3336 1591 3420; baseline 0 -19"><span class='ocrx_word' id='word_1_242' title='bbox 214 3337 321 3416; x_wconf 85' lang='lat' dir='ltr'><strong>iaciat,</strong></span> <span class='ocrx_word' id='word_1_243' title='bbox 352 3339 420 3402; x_wconf 89' lang='lat' dir='ltr'><strong>sive</strong></span> <span class='ocrx_word' id='word_1_244' title='bbox 448 3340 576 3420; x_wconf 88' lang='lat' dir='ltr'><strong>Spiritus</strong></span> <span class='ocrx_word' id='word_1_245' title='bbox 606 3349 728 3403; x_wconf 88' lang='lat' dir='ltr'><strong>sanetus</strong></span> <span class='ocrx_word' id='word_1_246' title='bbox 758 3339 796 3402; x_wconf 88' lang='lat' dir='ltr'><strong>ab</strong></span> <span class='ocrx_word' id='word_1_247' title='bbox 826 3357 863 3403; x_wconf 92' lang='lat' dir='ltr'><strong>eo</strong></span> <span class='ocrx_word' id='word_1_248' title='bbox 895 3339 1013 3400; x_wconf 89' lang='lat' dir='ltr'><strong>missus.</strong></span> <span class='ocrx_word' id='word_1_249' title='bbox 1060 3337 1170 3398; x_wconf 88' lang='lat' dir='ltr'><strong>Versio</strong></span> <span class='ocrx_word' id='word_1_250' title='bbox 1193 3336 1375 3399; x_wconf 83' lang='lat' dir='ltr'><strong>Maronitas:</strong></span> <span class='ocrx_word' id='word_1_251' title='bbox 1402 3337 1444 3398; x_wconf 86' lang='lat' dir='ltr'><strong>Et</strong></span> <span class='ocrx_word' id='word_1_252' title='bbox 1464 3338 1514 3399; x_wconf 87' lang='lat' dir='ltr'><strong>bio</strong></span> <span class='ocrx_word' id='word_1_253' title='bbox 1531 3340 1591 3420; x_wconf 78' lang='lat' dir='ltr'><strong>fiat</strong></span> 
     </span>
     <span class='ocr_line' id='line_1_26' title="bbox 211 3433 1587 3518; baseline -0.001 -19"><span class='ocrx_word' id='word_1_254' title='bbox 211 3440 304 3518; x_wconf 84' lang='lat' dir='ltr'><strong>ponis</strong></span> <span class='ocrx_word' id='word_1_255' title='bbox 326 3457 436 3518; x_wconf 83' lang='lat' dir='ltr'><strong>corpur</strong></span> <span class='ocrx_word' id='word_1_256' title='bbox 464 3446 692 3501; x_wconf 84' lang='lat' dir='ltr'><strong>sacrosanctum</strong></span> <span class='ocrx_word' id='word_1_257' title='bbox 724 3445 806 3500; x_wconf 79' lang='lat' dir='ltr'><strong>neum</strong></span> <span class='ocrx_word' id='word_1_258' title='bbox 833 3437 980 3510; x_wconf 86' lang='lat' dir='ltr'><strong>Domine,</strong></span> <span class='ocrx_word' id='word_1_259' title='bbox 1010 3453 1110 3516; x_wconf 89' lang='lat' dir='ltr'><strong>neque</strong></span> <span class='ocrx_word' id='word_1_260' title='bbox 1141 3433 1286 3515; x_wconf 85' lang='lat' dir='ltr'><strong>Coptica,</strong></span> <span class='ocrx_word' id='word_1_261' title='bbox 1317 3453 1417 3516; x_wconf 86' lang='lat' dir='ltr'><strong>neque</strong></span> <span class='ocrx_word' id='word_1_262' title='bbox 1444 3434 1587 3512; x_wconf 82' lang='lat' dir='ltr'><strong>Arabico,</strong></span> 
     </span>
     <span class='ocr_line' id='line_1_27' title="bbox 215 3532 1587 3617; baseline 0.001 -20"><span class='ocrx_word' id='word_1_263' title='bbox 215 3543 265 3598; x_wconf 90' lang='lat' dir='ltr'><strong>aut</strong></span> <span class='ocrx_word' id='word_1_264' title='bbox 288 3536 406 3599; x_wconf 83' lang='lat' dir='ltr'><strong>Graeco</strong></span> <span class='ocrx_word' id='word_1_265' title='bbox 430 3539 524 3599; x_wconf 89' lang='lat' dir='ltr'><strong>textui</strong></span> <span class='ocrx_word' id='word_1_266' title='bbox 547 3536 723 3617; x_wconf 89' lang='lat' dir='ltr'><strong>respondet.</strong></span> <span class='ocrx_word' id='word_1_267' title='bbox 767 3536 835 3598; x_wconf 88' lang='lat' dir='ltr'><strong>lam</strong></span> <span class='ocrx_word' id='word_1_268' title='bbox 857 3553 934 3599; x_wconf 91' lang='lat' dir='ltr'><strong>vere</strong></span> <span class='ocrx_word' id='word_1_269' title='bbox 958 3533 1094 3597; x_wconf 88' lang='lat' dir='ltr'><strong>Salmasii</strong></span> <span class='ocrx_word' id='word_1_270' title='bbox 1118 3533 1347 3596; x_wconf 89' lang='lat' dir='ltr'><strong>admiratoribus</strong></span> <span class='ocrx_word' id='word_1_271' title='bbox 1370 3532 1531 3612; x_wconf 89' lang='lat' dir='ltr'><strong>incumbit,</strong></span> <span class='ocrx_word' id='word_1_272' title='bbox 1555 3543 1587 3598; x_wconf 92' lang='lat' dir='ltr'><strong>ut</strong></span> 
     </span>
     <span class='ocr_line' id='line_1_28' title="bbox 214 3632 1587 3716; baseline -0.002 -18"><span class='ocrx_word' id='word_1_273' title='bbox 214 3637 384 3716; x_wconf 90' lang='lat' dir='ltr'><strong>speciosam</strong></span> <span class='ocrx_word' id='word_1_274' title='bbox 407 3635 534 3716; x_wconf 88' lang='lat' dir='ltr'><strong>aliquam</strong></span> <span class='ocrx_word' id='word_1_275' title='bbox 557 3636 703 3698; x_wconf 85' lang='lat' dir='ltr'><strong>rationem</strong></span> <span class='ocrx_word' id='word_1_276' title='bbox 725 3634 846 3714; x_wconf 88' lang='lat' dir='ltr'><strong>silentii,</strong></span> <span class='ocrx_word' id='word_1_277' title='bbox 871 3632 953 3715; x_wconf 87' lang='lat' dir='ltr'><strong>quod</strong></span> <span class='ocrx_word' id='word_1_278' title='bbox 975 3634 1056 3695; x_wconf 92' lang='lat' dir='ltr'><strong>cirea</strong></span> <span class='ocrx_word' id='word_1_279' title='bbox 1077 3634 1284 3713; x_wconf 88' lang='lat' dir='ltr'><strong>hancpartam</strong></span> <span class='ocrx_word' id='word_1_280' title='bbox 1306 3633 1451 3695; x_wconf 90' lang='lat' dir='ltr'><strong>orationis</strong></span> <span class='ocrx_word' id='word_1_281' title='bbox 1475 3632 1587 3696; x_wconf 90' lang='lat' dir='ltr'><strong>obser-</strong></span> 
     </span>
     <span class='ocr_line' id='line_1_29' title="bbox 214 3731 1587 3815; baseline -0.001 -21"><span class='ocrx_word' id='word_1_282' title='bbox 214 3736 305 3812; x_wconf 90' lang='lat' dir='ltr'><strong>vavit,</strong></span> <span class='ocrx_word' id='word_1_283' title='bbox 329 3734 418 3797; x_wconf 93' lang='lat' dir='ltr'><strong>nobis</strong></span> <span class='ocrx_word' id='word_1_284' title='bbox 440 3733 578 3812; x_wconf 88' lang='lat' dir='ltr'><strong>reddant,</strong></span> <span class='ocrx_word' id='word_1_285' title='bbox 602 3751 668 3796; x_wconf 89' lang='lat' dir='ltr'><strong>cum</strong></span> <span class='ocrx_word' id='word_1_286' title='bbox 691 3741 791 3796; x_wconf 92' lang='lat' dir='ltr'><strong>tamen</strong></span> <span class='ocrx_word' id='word_1_287' title='bbox 813 3733 1008 3815; x_wconf 89' lang='lat' dir='ltr'><strong>praecedenti</strong></span> <span class='ocrx_word' id='word_1_288' title='bbox 1030 3733 1206 3794; x_wconf 87' lang='lat' dir='ltr'><strong>necessario</strong></span> <span class='ocrx_word' id='word_1_289' title='bbox 1229 3731 1390 3812; x_wconf 89' lang='lat' dir='ltr'><strong>conjuncta</strong></span> <span class='ocrx_word' id='word_1_290' title='bbox 1414 3733 1468 3808; x_wconf 89' lang='lat' dir='ltr'><strong>sit,</strong></span> <span class='ocrx_word' id='word_1_291' title='bbox 1496 3737 1587 3810; x_wconf 86' lang='lat' dir='ltr'><strong>atquc</strong></span> 
     </span>
     <span class='ocr_line' id='line_1_30' title="bbox 215 3829 1588 3914; baseline -0.003 -20"><span class='ocrx_word' id='word_1_292' title='bbox 215 3831 292 3895; x_wconf 89' lang='lat' dir='ltr'><strong>adeo</strong></span> <span class='ocrx_word' id='word_1_293' title='bbox 315 3851 374 3895; x_wconf 90' lang='lat' dir='ltr'><strong>una</strong></span> <span class='ocrx_word' id='word_1_294' title='bbox 399 3852 438 3896; x_wconf 91' lang='lat' dir='ltr'><strong>ex</strong></span> <span class='ocrx_word' id='word_1_295' title='bbox 461 3832 556 3895; x_wconf 89' lang='lat' dir='ltr'><strong>altera</strong></span> <span class='ocrx_word' id='word_1_296' title='bbox 581 3832 727 3914; x_wconf 88' lang='lat' dir='ltr'><strong>explicari</strong></span> <span class='ocrx_word' id='word_1_297' title='bbox 751 3832 870 3896; x_wconf 89' lang='lat' dir='ltr'><strong>debeat.</strong></span> <span class='ocrx_word' id='word_1_298' title='bbox 915 3831 961 3892; x_wconf 89' lang='lat' dir='ltr'><strong>Ex</strong></span> <span class='ocrx_word' id='word_1_299' title='bbox 991 3831 1057 3912; x_wconf 90' lang='lat' dir='ltr'><strong>ejus</strong></span> <span class='ocrx_word' id='word_1_300' title='bbox 1079 3831 1349 3911; x_wconf 89' lang='lat' dir='ltr'><strong>interpretatione,</strong></span> <span class='ocrx_word' id='word_1_301' title='bbox 1381 3849 1469 3911; x_wconf 91' lang='lat' dir='ltr'><strong>quam</strong></span> <span class='ocrx_word' id='word_1_302' title='bbox 1493 3829 1588 3909; x_wconf 88' lang='lat' dir='ltr'><strong>priori</strong></span> 
     </span>
    </p>
   </div>
   <div class='ocr_carea' id='block_1_7' title="bbox 216 3923 1706 4010">
    <p class='ocr_par' dir='ltr' id='par_1_7' title="bbox 216 3923 1706 4010">
     <span class='ocr_line' id='line_1_31' title="bbox 216 3923 1706 4010; baseline 0 -18"><span class='ocrx_word' id='word_1_303' title='bbox 216 3929 365 4010; x_wconf 88' lang='lat' dir='ltr'><strong>attribuit,</strong></span> <span class='ocrx_word' id='word_1_304' title='bbox 391 3933 432 3993; x_wconf 91' lang='lat' dir='ltr'><strong>ita</strong></span> <span class='ocrx_word' id='word_1_305' title='bbox 454 3929 631 3994; x_wconf 87' lang='lat' dir='ltr'><strong>vertendum</strong></span> <span class='ocrx_word' id='word_1_306' title='bbox 655 3931 722 3995; x_wconf 89' lang='lat' dir='ltr'><strong>erit.</strong></span> <span class='ocrx_word' id='word_1_307' title='bbox 768 3930 807 3992; x_wconf 83' lang='lat' dir='ltr'><strong>Et</strong></span> <span class='ocrx_word' id='word_1_308' title='bbox 829 3931 908 3992; x_wconf 85' lang='lat' dir='ltr'><strong>bunc</strong></span> <span class='ocrx_word' id='word_1_309' title='bbox 929 3931 1047 4010; x_wconf 83' lang='lat' dir='ltr'><strong>quidem</strong></span> <span class='ocrx_word' id='word_1_310' title='bbox 1066 3948 1177 4010; x_wconf 86' lang='lat' dir='ltr'><strong>ponem</strong></span> <span class='ocrx_word' id='word_1_311' title='bbox 1193 3929 1359 4009; x_wconf 81' lang='lat' dir='ltr'><strong>sociamus,</strong></span> <span class='ocrx_word' id='word_1_312' title='bbox 1382 3937 1588 4009; x_wconf 77' lang='lat' dir='ltr'><strong>carpuntuum</strong></span> <span class='ocrx_word' id='word_1_313' title='bbox 1704 3923 1706 3928; x_wconf 75' lang='grc'><strong>’</strong></span> 
     </span>
    </p>
   </div>
   <div class='ocr_carea' id='block_1_8' title="bbox 215 4027 1590 5002">
    <p class='ocr_par' dir='ltr' id='par_1_8' title="bbox 215 4027 1590 5002">
     <span class='ocr_line' id='line_1_32' title="bbox 215 4027 1587 4110; baseline 0.001 -20"><span class='ocrx_word' id='word_1_314' title='bbox 215 4036 353 4091; x_wconf 81' lang='lat' dir='ltr'><strong>sonemm</strong></span> <span class='ocrx_word' id='word_1_315' title='bbox 382 4028 528 4092; x_wconf 84' lang='lat' dir='ltr'><strong>Domine:</strong></span> <span class='ocrx_word' id='word_1_316' title='bbox 559 4029 639 4109; x_wconf 91' lang='lat' dir='ltr'><strong>quod</strong></span> <span class='ocrx_word' id='word_1_317' title='bbox 670 4028 774 4093; x_wconf 90' lang='lat' dir='ltr'><strong>Codici</strong></span> <span class='ocrx_word' id='word_1_318' title='bbox 805 4027 938 4108; x_wconf 89' lang='lat' dir='ltr'><strong>Graeco,</strong></span> <span class='ocrx_word' id='word_1_319' title='bbox 953 4027 1094 4108; x_wconf 73' lang='lat' dir='ltr'><strong>,Coptico</strong></span> <span class='ocrx_word' id='word_1_320' title='bbox 1123 4036 1153 4090; x_wconf 89' lang='lat' dir='ltr'><strong>et</strong></span> <span class='ocrx_word' id='word_1_321' title='bbox 1182 4028 1315 4091; x_wconf 82' lang='lat' dir='ltr'><strong>Arabico</strong></span> <span class='ocrx_word' id='word_1_322' title='bbox 1346 4036 1497 4110; x_wconf 86' lang='lat' dir='ltr'><strong>repugnat</strong></span> <span class='ocrx_word' id='word_1_323' title='bbox 1525 4045 1587 4091; x_wconf 92' lang='lat' dir='ltr'><strong>non</strong></span> 
     </span>
     <span class='ocr_line' id='line_1_33' title="bbox 216 4127 1587 4210; baseline 0.001 -22"><span class='ocrx_word' id='word_1_324' title='bbox 216 4129 329 4206; x_wconf 75' lang='lat' dir='ltr'><strong>mainus,</strong></span> <span class='ocrx_word' id='word_1_325' title='bbox 354 4146 441 4210; x_wconf 88' lang='lat' dir='ltr'><strong>quam</strong></span> <span class='ocrx_word' id='word_1_326' title='bbox 465 4127 602 4191; x_wconf 93' lang='lat' dir='ltr'><strong>omnibus</strong></span> <span class='ocrx_word' id='word_1_327' title='bbox 625 4129 839 4210; x_wconf 69' lang='lat' dir='ltr'><strong>cuiuscumque</strong></span> <span class='ocrx_word' id='word_1_328' title='bbox 865 4127 987 4209; x_wconf 90' lang='lat' dir='ltr'><strong>linguae</strong></span> <span class='ocrx_word' id='word_1_329' title='bbox 1017 4128 1179 4208; x_wconf 81' lang='lat' dir='ltr'><strong>liturgiis,</strong></span> <span class='ocrx_word' id='word_1_330' title='bbox 1206 4133 1441 4208; x_wconf 86' lang='lat' dir='ltr'><strong>sanctorumque</strong></span> <span class='ocrx_word' id='word_1_331' title='bbox 1469 4127 1587 4190; x_wconf 85' lang='lat' dir='ltr'><strong>Petrum</strong></span> 
     </span>
     <span class='ocr_line' id='line_1_34' title="bbox 218 4223 1586 4309; baseline 0.001 -23"><span class='ocrx_word' id='word_1_332' title='bbox 218 4225 418 4309; x_wconf 84' lang='lat' dir='ltr'><strong>Theologiae,</strong></span> <span class='ocrx_word' id='word_1_333' title='bbox 451 4227 578 4289; x_wconf 88' lang='lat' dir='ltr'><strong>maxime</strong></span> <span class='ocrx_word' id='word_1_334' title='bbox 608 4245 683 4289; x_wconf 91' lang='lat' dir='ltr'><strong>vero</strong></span> <span class='ocrx_word' id='word_1_335' title='bbox 712 4226 908 4291; x_wconf 90' lang='lat' dir='ltr'><strong>Orientalium</strong></span> <span class='ocrx_word' id='word_1_336' title='bbox 939 4227 1136 4307; x_wconf 89' lang='lat' dir='ltr'><strong>Scriptorum.</strong></span> <span class='ocrx_word' id='word_1_337' title='bbox 1181 4224 1226 4288; x_wconf 92' lang='lat' dir='ltr'><strong>llli</strong></span> <span class='ocrx_word' id='word_1_338' title='bbox 1255 4227 1334 4288; x_wconf 90' lang='lat' dir='ltr'><strong>enim</strong></span> <span class='ocrx_word' id='word_1_339' title='bbox 1355 4225 1449 4307; x_wconf 87' lang='lat' dir='ltr'><strong>vulgo</strong></span> <span class='ocrx_word' id='word_1_340' title='bbox 1472 4223 1586 4303; x_wconf 89' lang='lat' dir='ltr'><strong>dicunt,</strong></span> 
     </span>
     <span class='ocr_line' id='line_1_35' title="bbox 216 4323 1588 4407; baseline -0.001 -20"><span class='ocrx_word' id='word_1_341' title='bbox 216 4324 356 4403; x_wconf 88' lang='lat' dir='ltr'><strong>Spiritum</strong></span> <span class='ocrx_word' id='word_1_342' title='bbox 379 4333 513 4387; x_wconf 91' lang='lat' dir='ltr'><strong>sanctum</strong></span> <span class='ocrx_word' id='word_1_343' title='bbox 536 4325 617 4387; x_wconf 90' lang='lat' dir='ltr'><strong>illabi</strong></span> <span class='ocrx_word' id='word_1_344' title='bbox 639 4343 733 4405; x_wconf 89' lang='lat' dir='ltr'><strong>super</strong></span> <span class='ocrx_word' id='word_1_345' title='bbox 755 4324 832 4388; x_wconf 90' lang='lat' dir='ltr'><strong>dona</strong></span> <span class='ocrx_word' id='word_1_346' title='bbox 862 4327 1034 4407; x_wconf 91' lang='lat' dir='ltr'><strong>proposita,</strong></span> <span class='ocrx_word' id='word_1_347' title='bbox 1069 4325 1148 4388; x_wconf 90' lang='lat' dir='ltr'><strong>sicat</strong></span> <span class='ocrx_word' id='word_1_348' title='bbox 1178 4328 1207 4386; x_wconf 91' lang='lat' dir='ltr'><strong>in</strong></span> <span class='ocrx_word' id='word_1_349' title='bbox 1230 4324 1263 4386; x_wconf 89' lang='lat' dir='ltr'><strong>B.</strong></span> <span class='ocrx_word' id='word_1_350' title='bbox 1285 4324 1409 4386; x_wconf 85' lang='lat' dir='ltr'><strong>Mariam</strong></span> <span class='ocrx_word' id='word_1_351' title='bbox 1433 4323 1588 4406; x_wconf 85' lang='lat' dir='ltr'><strong>Virginem</strong></span> 
     </span>
     <span class='ocr_line' id='line_1_36' title="bbox 216 4421 1587 4504; baseline 0.001 -22"><span class='ocrx_word' id='word_1_352' title='bbox 216 4421 340 4504; x_wconf 93' lang='lat' dir='ltr'><strong>illapsus</strong></span> <span class='ocrx_word' id='word_1_353' title='bbox 364 4430 421 4500; x_wconf 90' lang='lat' dir='ltr'><strong>est,</strong></span> <span class='ocrx_word' id='word_1_354' title='bbox 444 4432 475 4486; x_wconf 89' lang='lat' dir='ltr'><strong>et</strong></span> <span class='ocrx_word' id='word_1_355' title='bbox 498 4424 528 4485; x_wconf 93' lang='lat' dir='ltr'><strong>in</strong></span> <span class='ocrx_word' id='word_1_356' title='bbox 551 4424 636 4486; x_wconf 88' lang='lat' dir='ltr'><strong>altari</strong></span> <span class='ocrx_word' id='word_1_357' title='bbox 659 4424 790 4488; x_wconf 82' lang='lat' dir='ltr'><strong>formare</strong></span> <span class='ocrx_word' id='word_1_358' title='bbox 815 4440 928 4504; x_wconf 87' lang='lat' dir='ltr'><strong>corpus</strong></span> <span class='ocrx_word' id='word_1_359' title='bbox 945 4423 1066 4500; x_wconf 87' lang='lat' dir='ltr'><strong>Christi,</strong></span> <span class='ocrx_word' id='word_1_360' title='bbox 1089 4425 1168 4486; x_wconf 89' lang='lat' dir='ltr'><strong>sicut</strong></span> <span class='ocrx_word' id='word_1_361' title='bbox 1189 4422 1262 4485; x_wconf 94' lang='lat' dir='ltr'><strong>illud</strong></span> <span class='ocrx_word' id='word_1_362' title='bbox 1285 4425 1314 4485; x_wconf 92' lang='lat' dir='ltr'><strong>in</strong></span> <span class='ocrx_word' id='word_1_363' title='bbox 1337 4430 1425 4484; x_wconf 90' lang='lat' dir='ltr'><strong>utero</strong></span> <span class='ocrx_word' id='word_1_364' title='bbox 1441 4421 1587 4504; x_wconf 83' lang='lat' dir='ltr'><strong>Virginis,</strong></span> 
     </span>
     <span class='ocr_line' id='line_1_37' title="bbox 217 4519 1588 4606; baseline 0.001 -25"><span class='ocrx_word' id='word_1_365' title='bbox 217 4539 256 4582; x_wconf 88' lang='lat' dir='ltr'><strong>ex</strong></span> <span class='ocrx_word' id='word_1_366' title='bbox 278 4521 413 4603; x_wconf 90' lang='lat' dir='ltr'><strong>ejusdem</strong></span> <span class='ocrx_word' id='word_1_367' title='bbox 437 4539 529 4585; x_wconf 88' lang='lat' dir='ltr'><strong>carne</strong></span> <span class='ocrx_word' id='word_1_368' title='bbox 553 4530 583 4585; x_wconf 90' lang='lat' dir='ltr'><strong>et</strong></span> <span class='ocrx_word' id='word_1_369' title='bbox 611 4524 759 4606; x_wconf 86' lang='lat' dir='ltr'><strong>sanguine</strong></span> <span class='ocrx_word' id='word_1_370' title='bbox 789 4521 937 4586; x_wconf 83' lang='lat' dir='ltr'><strong>formavit.</strong></span> <span class='ocrx_word' id='word_1_371' title='bbox 982 4523 1026 4585; x_wconf 90' lang='lat' dir='ltr'><strong>lta</strong></span> <span class='ocrx_word' id='word_1_372' title='bbox 1050 4523 1184 4586; x_wconf 87' lang='lat' dir='ltr'><strong>Severus</strong></span> <span class='ocrx_word' id='word_1_373' title='bbox 1212 4520 1498 4599; x_wconf 80' lang='lat' dir='ltr'><strong>Ascbmcninensis,</strong></span> <span class='ocrx_word' id='word_1_374' title='bbox 1521 4519 1588 4582; x_wconf 90' lang='lat' dir='ltr'><strong>Hc-</strong></span> 
     </span>
     <span class='ocr_line' id='line_1_38' title="bbox 216 4617 1589 4704; baseline 0.002 -24"><span class='ocrx_word' id='word_1_375' title='bbox 216 4618 313 4680; x_wconf 87' lang='lat' dir='ltr'><strong>miliae</strong></span> <span class='ocrx_word' id='word_1_376' title='bbox 345 4620 383 4682; x_wconf 91' lang='lat' dir='ltr'><strong>de</strong></span> <span class='ocrx_word' id='word_1_377' title='bbox 407 4619 528 4684; x_wconf 90' lang='lat' dir='ltr'><strong>Circulo</strong></span> <span class='ocrx_word' id='word_1_378' title='bbox 553 4623 639 4698; x_wconf 91' lang='lat' dir='ltr'><strong>anni,</strong></span> <span class='ocrx_word' id='word_1_379' title='bbox 670 4621 834 4699; x_wconf 90' lang='lat' dir='ltr'><strong>Barsalibi,</strong></span> <span class='ocrx_word' id='word_1_380' title='bbox 868 4617 1099 4704; x_wconf 78' lang='lat' dir='ltr'><strong>Abulfaragius,</strong></span> <span class='ocrx_word' id='word_1_381' title='bbox 1130 4629 1161 4684; x_wconf 90' lang='lat' dir='ltr'><strong>et</strong></span> <span class='ocrx_word' id='word_1_382' title='bbox 1191 4621 1240 4683; x_wconf 88' lang='lat' dir='ltr'><strong>alii</strong></span> <span class='ocrx_word' id='word_1_383' title='bbox 1268 4637 1394 4700; x_wconf 90' lang='lat' dir='ltr'><strong>quorum</strong></span> <span class='ocrx_word' id='word_1_384' title='bbox 1417 4620 1589 4683; x_wconf 90' lang='lat' dir='ltr'><strong>testimonia</strong></span> 
     </span>
     <span class='ocr_line' id='line_1_39' title="bbox 217 4715 1588 4800; baseline 0.001 -21"><span class='ocrx_word' id='word_1_385' title='bbox 217 4715 286 4780; x_wconf 91' lang='lat' dir='ltr'><strong>alibi</strong></span> <span class='ocrx_word' id='word_1_386' title='bbox 314 4718 410 4781; x_wconf 89' lang='lat' dir='ltr'><strong>relata</strong></span> <span class='ocrx_word' id='word_1_387' title='bbox 438 4727 518 4782; x_wconf 90' lang='lat' dir='ltr'><strong>sunt.</strong></span> <span class='ocrx_word' id='word_1_388' title='bbox 563 4719 731 4800; x_wconf 88' lang='lat' dir='ltr'><strong>Sacerdos,</strong></span> <span class='ocrx_word' id='word_1_389' title='bbox 754 4719 957 4783; x_wconf 89' lang='lat' dir='ltr'><strong>ministerialis</strong></span> <span class='ocrx_word' id='word_1_390' title='bbox 980 4738 1070 4782; x_wconf 90' lang='lat' dir='ltr'><strong>causa</strong></span> <span class='ocrx_word' id='word_1_391' title='bbox 1101 4728 1161 4783; x_wconf 88' lang='lat' dir='ltr'><strong>est:</strong></span> <span class='ocrx_word' id='word_1_392' title='bbox 1198 4719 1326 4800; x_wconf 88' lang='lat' dir='ltr'><strong>Spiritus</strong></span> <span class='ocrx_word' id='word_1_393' title='bbox 1349 4725 1473 4781; x_wconf 88' lang='lat' dir='ltr'><strong>sanctus</strong></span> <span class='ocrx_word' id='word_1_394' title='bbox 1496 4736 1588 4781; x_wconf 89' lang='lat' dir='ltr'><strong>causa</strong></span> 
     </span>
     <span class='ocr_line' id='line_1_40' title="bbox 217 4816 1590 4900; baseline 0.004 -25"><span class='ocrx_word' id='word_1_395' title='bbox 217 4816 406 4896; x_wconf 88' lang='lat' dir='ltr'><strong>principalis:</strong></span> <span class='ocrx_word' id='word_1_396' title='bbox 436 4820 462 4880; x_wconf 91' lang='lat' dir='ltr'><strong>si</strong></span> <span class='ocrx_word' id='word_1_397' title='bbox 492 4819 559 4899; x_wconf 85' lang='lat' dir='ltr'><strong>quis</strong></span> <span class='ocrx_word' id='word_1_398' title='bbox 585 4818 663 4880; x_wconf 90' lang='lat' dir='ltr'><strong>ultra</strong></span> <span class='ocrx_word' id='word_1_399' title='bbox 690 4818 919 4900; x_wconf 90' lang='lat' dir='ltr'><strong>philosophatus</strong></span> <span class='ocrx_word' id='word_1_400' title='bbox 951 4827 1016 4897; x_wconf 88' lang='lat' dir='ltr'><strong>est,</strong></span> <span class='ocrx_word' id='word_1_401' title='bbox 1044 4828 1078 4882; x_wconf 87' lang='lat' dir='ltr'><strong>ut</strong></span> <span class='ocrx_word' id='word_1_402' title='bbox 1108 4819 1342 4900; x_wconf 89' lang='lat' dir='ltr'><strong>Diamperenses</strong></span> <span class='ocrx_word' id='word_1_403' title='bbox 1372 4834 1535 4897; x_wconf 74' lang='lat' dir='ltr'><strong>oeuscreS,</strong></span> <span class='ocrx_word' id='word_1_404' title='bbox 1559 4826 1590 4881; x_wconf 90' lang='lat' dir='ltr'><strong>et</strong></span> 
     </span>
     <span class='ocr_line' id='line_1_41' title="bbox 218 4914 1590 5002; baseline 0.004 -27"><span class='ocrx_word' id='word_1_405' title='bbox 218 4914 428 4978; x_wconf 86' lang='lat' dir='ltr'><strong>emendatores</strong></span> <span class='ocrx_word' id='word_1_406' title='bbox 450 4917 563 4998; x_wconf 89' lang='lat' dir='ltr'><strong>aliquot</strong></span> <span class='ocrx_word' id='word_1_407' title='bbox 586 4918 736 5002; x_wconf 86' lang='lat' dir='ltr'><strong>ignobiles</strong></span> <span class='ocrx_word' id='word_1_408' title='bbox 758 4918 971 5001; x_wconf 87' lang='lat' dir='ltr'><strong>Litargiarum,</strong></span> <span class='ocrx_word' id='word_1_409' title='bbox 993 4918 1112 4980; x_wconf 81' lang='lat' dir='ltr'><strong>munima</strong></span> <span class='ocrx_word' id='word_1_410' title='bbox 1135 4926 1183 4982; x_wconf 92' lang='lat' dir='ltr'><strong>est</strong></span> <span class='ocrx_word' id='word_1_411' title='bbox 1205 4917 1264 4980; x_wconf 91' lang='lat' dir='ltr'><strong>boc</strong></span> <span class='ocrx_word' id='word_1_412' title='bbox 1285 4917 1316 4978; x_wconf 92' lang='lat' dir='ltr'><strong>in</strong></span> <span class='ocrx_word' id='word_1_413' title='bbox 1337 4934 1454 4998; x_wconf 86' lang='lat' dir='ltr'><strong>genere</strong></span> <span class='ocrx_word' id='word_1_414' title='bbox 1471 4916 1590 4980; x_wconf 89' lang='lat' dir='ltr'><strong>illorum</strong></span> 
     </span>
    </p>
   </div>
   <div class='ocr_carea' id='block_1_9' title="bbox 119 5014 373 5084">
    <p class='ocr_par' dir='ltr' id='par_1_9' title="bbox 119 5014 373 5084">
     <span class='ocr_line' id='line_1_42' title="bbox 119 5014 373 5084; baseline 0.016 -10"><span class='ocrx_word' id='word_1_415' title='bbox 119 5069 124 5084; x_wconf 82' lang='lat'><strong>,</strong></span> <span class='ocrx_word' id='word_1_416' title='bbox 220 5014 373 5078; x_wconf 88' lang='lat' dir='ltr'><strong>autoritas.</strong></span> 
     </span>
    </p>
   </div>
   <div class='ocr_carea' id='block_1_10' title="bbox 0 0 2344 6036">
    <p class='ocr_par' dir='ltr' id='par_1_10' title="bbox 0 0 2344 6036">
     <span class='ocr_line' id='line_1_43' title="bbox 0 0 2344 6036; baseline 0 0"><span class='ocrx_word' id='word_1_417' title='bbox 0 0 2344 6036; x_wconf 95' lang='lat' dir='ltr'><strong> </strong></span> 
     </span>
    </p>
   </div>
  </div>
 </body>
</html>
