4670 6046
651 601 729 675 278
1140 603 1544 686 COMMENTARIUS

652 787 755 866 buunt,
780 787 995 872 quem-idcirco
1010 789 1147 866 Paulasi,
1169 790 1227 852 hoc
1251 798 1297 852 cst
1318 791 1477 855 Paulinam
1499 792 1662 874 appellant,
1684 802 1717 858 ut
1745 796 1849 860 videre
1871 803 1918 859 est
1940 797 2017 877 apud

651 886 845 966 Abulbircat,
874 907 911 951 eo
942 890 1040 970 capite
1073 890 1104 950 in
1134 907 1194 970 quo
1225 891 1358 952 notitiam
1386 891 1508 956 exhibet
1537 894 1771 975 praecipuarum
1801 902 1936 958 autorum
1967 899 2016 978 qui

650 985 783 1049 Arabico
807 987 957 1052 extabant.
1001 987 1074 1071 Ejus
1097 989 1228 1052 meminit
1255 988 1454 1066 Ebnassalus,
1488 998 1518 1054 et
1547 1009 1651 1056 omnes
1682 993 1741 1057 alii.
1786 994 1891 1074 Neque
1919 1003 2016 1058 tamen

652 1086 691 1147 ita
714 1085 856 1148 insistunt
879 1087 1033 1150 doctrinae
1056 1087 1164 1150 eadem
1187 1090 1215 1150 in
1238 1088 1315 1152 libro
1338 1091 1529 1170 propositae,
1559 1098 1592 1153 ut
1619 1109 1678 1154 non
1701 1093 1836 1156 diversas
1859 1093 2014 1175 opiniones

649 1182 779 1246 habeant
801 1184 839 1247 de
862 1186 1018 1268 spirituum
1040 1187 1159 1249 illorum
1180 1187 1335 1250 beatorum
1359 1188 1530 1268 ordinibus,
1554 1199 1584 1253 et
1606 1209 1741 1256 numero.
1787 1192 1887 1274 Vulgo
1910 1210 2015 1254 novem

650 1300 754 1345 eorum
777 1285 899 1348 ordines
923 1287 1122 1365 constituunt,
1142 1287 1229 1367 juxta
1252 1305 1438 1350 communem
1461 1289 1540 1370 apud
1563 1289 1736 1373 Theolagos
1760 1291 2013 1372 nostrnsGrego-

649 1382 686 1442 rii
716 1384 815 1463 Papae
843 1387 1036 1448 sententiam:
1066 1405 1192 1466 eamque
1220 1389 1356 1468 sequitur
1384 1387 1516 1452 Severus
1542 1387 1711 1471 Episcopus
1739 1390 2015 1467 Aschmoninensis‚

650 1488 680 1542 et
702 1481 739 1543 ad
762 1503 827 1546 eam
850 1483 944 1546 refert
972 1484 1145 1566 parabolam
1175 1485 1213 1547 de
1243 1484 1367 1549 muliere
1395 1487 1524 1550 habente
1553 1486 1710 1552 drachmas
1739 1488 1860 1567 decem,
1890 1509 2014 1573 quarum

648 1599 708 1643 una
730 1583 846 1665 perdita
869 1584 1017 1647 hominem
1039 1585 1239 1668 significabat.
1282 1586 1343 1648 Sed
1364 1587 1443 1649 idem
1465 1587 1565 1649 Autor
1585 1589 1615 1649 in
1639 1588 1745 1650 eodem
1774 1591 1840 1670 ipso
1864 1590 2013 1667 Tractatu,

649 1683 700 1761 qui
722 1693 769 1746 est
792 1685 830 1746 de
851 1683 1064 1746 incarnatione
1085 1685 1223 1762 Domini,
1247 1693 1366 1748 centum
1388 1685 1573 1768 Angelorum
1604 1686 1732 1750 Ordines
1760 1688 1866 1752 aDeo
1895 1697 2013 1754 creatos

647 1780 743 1845 fuisse
766 1782 885 1859 scribit,
908 1801 1033 1863 quorum
1056 1786 1197 1868 princeps
1221 1793 1287 1847 erat
1304 1785 1490 1862 Sabataniel,
1513 1789 1564 1867 qui
1587 1805 1653 1849 cum
1675 1786 1822 1851 adversus
1844 1807 2012 1870 supremam

647 1884 793 1945 creatoris
809 1883 994 1964 majestatem
1013 1881 1202 1961 rebellasset,
1225 1884 1255 1946 in
1272 1890 1414 1946 tartarum
1430 1886 1653 1966 praecipitatus,
1677 1886 1823 1966 Satantel,
1848 1906 1904 1950 seu
1920 1889 2011 1954 Satan

646 1981 705 2043 dici
735 1984 845 2064 eoepit.
895 1983 1005 2046 Postea
1037 1984 1135 2046 avium
1165 1983 1354 2064 parabolam,
1391 2003 1516 2064 quarum
1546 1987 1708 2067 nonaginta
1738 2004 1846 2048 navem
1873 1986 2010 2070 Angelos

645 2081 830 2163 significant,
861 2100 919 2144 una
948 2080 1065 2162 perdita
1094 2081 1258 2160 hominem,
1287 2081 1325 2145 de
1355 2082 1414 2145 illis
1448 2101 1569 2164 quoque
1599 2085 1752 2166 spiritibus
1782 2085 1922 2167 explicat.
1966 2088 2011 2150 lta

644 2183 773 2263 pariter,
796 2183 843 2245 lsa
865 2181 942 2244 filius
966 2183 1098 2260 Zaraac,
1122 2190 1152 2245 et
1175 2182 1277 2262 plures
1302 2183 1369 2259 alii,
1393 2182 1470 2245 adeo
1494 2183 1618 2248 liberam
1648 2185 1895 2248 existimaverunt
1923 2186 2010 2268 hujus

543 2281 548 2304 ²
645 2282 683 2343 de
706 2281 833 2344 coelesti
854 2280 1028 2344 Hierarchia
1051 2281 1208 2344 doctrinae
1231 2283 1459 2362 expositionem.
1506 2282 1618 2346 Omnes
1631 2301 1769 2365 quoque,
1791 2292 1915 2364 praeter
1927 2303 2012 2350 eom-

645 2400 763 2444 munem
786 2382 865 2464 apud
888 2382 1021 2444 Graecos
1045 2389 1076 2444 et
1097 2382 1219 2445 Latinos
1244 2382 1424 2458 doctrinam,
1447 2383 1526 2444 inter
1548 2383 1701 2446 coelestes
1724 2382 1845 2446 ordines
1874 2385 2013 2468 singula-

644 2501 708 2544 rem
730 2481 886 2562 quemdam
908 2490 1065 2543 numerant
1087 2479 1152 2544 τῶν
1170 2470 1378 2567 Ἐγρνμχόρων,
1402 2500 1457 2544 seu
1485 2482 1626 2562 Vigilam,
1649 2483 1687 2544 de
1710 2483 1818 2564 quibus
1841 2485 1871 2546 in
1898 2483 2013 2565 Danie-

645 2581 682 2643 lis
709 2580 869 2660 Prophetia
899 2579 1025 2661 legitur:
1052 2591 1105 2655 pp
1128 2590 1254 2643 vacatur
1276 2581 1343 2658 ille,
1367 2579 1405 2642 de
1427 2599 1488 2662 qua
1510 2581 1571 2644 illic
1593 2600 1693 2645 sermo
1709 2590 1766 2660 est,
1790 2601 1879 2662 mam
1900 2601 2010 2645 vocem

646 2678 716 2761 Syri
740 2698 793 2742 sua
816 2681 845 2741 in
869 2680 972 2762 lingua
1001 2681 1207 2757 retinuerunt,
1241 2679 1319 2742 unde
1347 2679 1535 2761 frequentior
1563 2682 1686 2762 Vigilunt
1716 2680 1793 2761 apud
1824 2699 1894 2759 eos,
1923 2701 2011 2763 quam

646 2780 726 2860 apud
756 2779 890 2859 reliquos
921 2778 1104 2842 Christianos
1125 2781 1293 2870 {memoria
1320 2781 1370 2860 qui
1399 2799 1503 2843 eorum
1531 2781 1627 2844 rarius
1656 2782 1775 2843 omnino
1803 2782 2009 2845 meminerunt.

643 2879 691 2941 De
713 2879 770 2940 illis
794 2878 946 2940 ordinibus
970 2879 1059 2940 multa
1082 2879 1207 2960 protulit
1228 2880 1276 2940 vir
1298 2878 1486 2942 doctissimus
1509 2879 1642 2942 Joannes
1664 2880 1798 2943 hlorinus
1821 2879 1949 2944 inNotis
1972 2881 2011 2944 ad

645 2979 746 3042 Officia
776 2976 976 3040 Ordinationis
1008 2979 1152 3059 Syrorum
1181 2998 1220 3040 ex
1246 2979 1364 3042 Joanne
1394 2979 1540 3055 Darensi,
1570 2998 1659 3060 quem
1688 2980 1850 3056 Autorem,
1884 2982 1942 3062 ipsi
1971 2980 2010 3042 ab

642 3076 998 3141 EchellensiAbrahamo
1022 3077 1253 3158 suppeditatum,
1276 3080 1475 3141 recentiorem
1498 3097 1569 3141 esse
1592 3095 1653 3141 non
1675 3079 1851 3142 dubitamus.
1897 3080 2010 3142 'lamen

644 3178 830 3242 communior
859 3179 979 3240 omnino
1013 3177 1147 3240 doctrina
1176 3186 1239 3256 est,
1270 3179 1349 3258 quod
1378 3177 1507 3240 Ordines
1535 3177 1689 3240 beatorum
1718 3179 1874 3260 spirituum
1900 3197 2010 3242 novem

643 3280 702 3342 sint
725 3278 941 3354 tantummodo,
965 3279 1049 3339 utin
1072 3277 1258 3358 praefatione
1281 3277 1392 3340 Missae
1416 3285 1701 3352 commemorantur,
1734 3278 1824 3357 paulo
1852 3286 1922 3340 ante
1949 3278 2009 3359 by-

642 3397 742 3442 mnum
764 3377 977 3458 triumphalem.
1022 3376 1055 3438 ln
1078 3376 1214 3439 omnibus
1238 3379 1316 3440 enim
1328 3376 1489 3459 Liturgicis
1513 3377 1630 3452 officiis,
1653 3395 1731 3457 quae
1747 3377 1822 3438 hanc
1842 3379 2008 3440 orationem

643 3486 828 3561 agnoscunt,
851 3485 1051 3540 recensentur
1073 3477 1178 3539 eadem
1201 3478 1292 3555 serie,
1316 3495 1351 3539 ac
1373 3477 1403 3537 in
1421 3475 1524 3538 Latina
1546 3475 1652 3538 Missa:
1676 3475 1802 3538 aliorum
1825 3477 1935 3538 mentio
1958 3483 2009 3539 aut

641 3578 757 3655 rarior,
781 3585 830 3638 aut
852 3577 944 3641 nulla.
989 3578 1034 3639 De
1056 3577 1190 3651 Sociale,
1213 3577 1263 3658 qui
1286 3576 1391 3638 melius
1416 3575 1499 3636 Uriel
1519 3575 1699 3655 appellatur,
1721 3573 1864 3656 frequens
1887 3593 2008 3656 quaque

642 3678 783 3739 memoria
805 3684 852 3739 est
874 3677 902 3738 in
928 3675 1122 3740 Orientalium
1146 3673 1381 3737 Christianorum
1404 3675 1504 3736 libris:
1532 3681 1566 3735 ut
1587 3691 1627 3736 ex
1648 3673 1750 3736 ultima
1772 3674 1828 3736 hac
1851 3672 2008 3752 Oratione,

642 3785 672 3839 et
695 3778 760 3839 aliis
784 3795 861 3856 quae
884 3778 914 3838 in
936 3776 1120 3857 Horologio,
1145 3783 1194 3838 aut
1215 3775 1339 3856 reliquis
1363 3791 1486 3855 precum
1509 3771 1593 3836 libris
1616 3782 1789 3850 occurrunt,
1813 3772 2008 3836 animadver-

642 3885 706 3939 tere
728 3877 808 3938 licct.
854 3875 935 3938 linus
959 3877 1066 3939 dicitur
1088 3896 1128 3938 cx
1150 3883 1277 3956 quatuor
1298 3871 1724 3952 Archangelum-numero,
1757 3873 1786 3933 in
1814 3871 2003 3955 Euchologio

640 3976 767 4056 Coptica
790 3976 840 4037 ubi
864 3983 945 4037 extat
974 3976 1012 4038 ad
1042 3994 1110 4039 eum
1139 3974 1299 4055 peculiaris
1328 3975 1442 4049 oratio,
1476 3989 1553 4052 quae
1583 3972 1632 4034 sic⁴
1658 3972 1770 4052 incipit.
1820 3970 2007 4034 donnanae

639 4077 785 4138 Serietena
806 4083 944 4154 qaiarhm
966 4078 1045 4136 inter
1066 4073 1282 4153 Archangelos.
1326 4072 1416 4135 Extat
1444 4071 1509 4153 ejus
1539 4071 1639 4154 imago
1666 4073 1695 4134 in
1724 4071 1854 4134 editione
1876 4072 2006 4136 Aethio-

638 4179 706 4256 pica
728 4175 806 4237 Novi
829 4173 1029 4250 Testamenti,
1053 4191 1119 4234 cum
1146 4171 1202 4234 hac
1231 4172 1427 4252 inscriptione
1471 4170 1502 4231 S.
1528 4169 1611 4232 Uriel
1630 4172 1682 4250 qai
1704 4169 1765 4249 fuit
1790 4189 1858 4232 cem
1885 4171 2004 4234 Adane

639 4282 669 4337 et
689 4273 757 4335 Eva
778 4274 898 4352 pmndo
920 4275 1036 4353 egressi
1056 4281 1125 4334 arnt
1146 4272 1184 4333 de
1211 4270 1373 4334 Paradiao.
1419 4269 1491 4353 EJus
1522 4287 1641 4350 quoque
1672 4269 1779 4332 Graeci
1808 4272 2004 4334 meminerunt

641 4376 670 4435 in
693 4373 783 4434 variis
807 4371 1007 4446 orationibus,
1031 4372 1089 4434 imo
1113 4378 1144 4434 et
1165 4371 1288 4433 Latinae
1309 4370 1442 4432 Litaniae
1466 4377 1585 4431 veteres
1607 4369 1734 4447 multae,
1758 4376 1848 4450 atque
1861 4370 2003 4431 intereas

640 4471 801 4534 Karalinae
823 4471 923 4534 editae
947 4490 964 4533 a
988 4471 1059 4534 Viro
1084 4470 1255 4533 Clarissimo
1278 4468 1394 4533 Joanne
1425 4468 1598 4532 hlabillonio
1627 4467 1841 4531 Analectorum
1869 4477 1949 4532 tomo
1972 4468 2002 4531 2.

641 4572 698 4634 etsi
721 4569 831 4633 dudum
853 4578 941 4632 antea
963 4588 1071 4632 nomen
1095 4569 1202 4632 Urielis
1226 4571 1256 4631 in
1278 4570 1474 4632 veneratione
1502 4567 1595 4631 fuisse
1623 4575 1801 4649 argumento
1829 4569 1867 4630 sit
1897 4567 2004 4630 lamina

641 4674 706 4753 ejus
730 4689 796 4732 cum
819 4655 943 4732 aliorum
966 4668 1226 4751 Archangelorum
1248 4668 1414 4732 nominibus
1437 4675 1558 4747 reperta
1582 4685 1661 4729 anno
1682 4667 1721 4729 hl.
1747 4666 1875 4730 OXLlV.
1897 4667 1927 4726 in
1949 4683 2004 4728 se-

640 4773 745 4855 pulcro
768 4767 879 4831 hariae
902 4770 1058 4850 Augustae
1081 4771 1185 4832 uxoris
1209 4769 1335 4833 Honorii
1357 4766 1559 4849 imperatoris.
1604 4766 1680 4828 Vide
1701 4767 1808 4829 Natam
1830 4767 1866 4829 V.
1882 4764 1916 4830 C.
1933 4765 2004 4828 ste-

639 4870 729 4953 phani
752 4868 864 4929 Baluzii
886 4868 924 4929 ad
947 4867 1144 4948 Capitularia:
1167 4869 1218 4930 ubi
1241 4887 1281 4930 cx
1304 4866 1441 4931 Concilio
1463 4866 1596 4930 Romano
1620 4875 1760 4929 recenset
1788 4866 1908 4929 diversa
1935 4863 2002 4926 An-

639 4969 778 5053 gelorum
801 4968 933 5042 nomina,
957 4984 1034 5048 quae
1058 4985 1204 5049 usurpare
1228 4965 1336 5031 deinde
1357 4965 1539 5048 prohibitum
1560 4965 1631 5028 fuit:
1653 4967 1788 5047 quamvls
1811 4965 1921 5029 Urielis
1943 4983 2002 5028 no-

638 5085 708 5132 rnen
722 5066 832 5128 diutius
846 5067 1101 5148 perseveraverit
1135 5066 1261 5147 Reliqua
1277 5067 1502 5145 obsoleverunt,
1525 5081 1697 5129 aeneorum
1709 5067 1852 5130 memoria
1873 5063 2003 5147 perstitit
