4760 6038
688 605 1307 712 surorrsusrurr.
1655 613 1679 686 s

311 797 450 870 uorandi
475 794 730 892 Archiepisoopi
755 793 867 890 Papae
893 795 992 870 Anba
1018 793 1060 867 N.
1088 805 1122 868 et
1147 796 1255 887 Patris
1281 801 1386 872 nostri
1407 797 1567 894 Episcopi
1581 796 1680 874 Anba

308 914 353 986 N.
379 913 550 986 Memento
577 911 720 986 Domine
747 914 1043 1006 congregationum
1068 922 1255 985 nostrarum
1283 923 1317 986 et
1350 917 1398 986 eis
1431 911 1589 986 benedic:
1624 913 1679 986 fac
1770 915 1772 917 ’

311 1042 347 1103 ut
372 1033 438 1103 sint
464 1028 590 1124 absque
610 1029 864 1126 impedimento,
891 1038 925 1100 et
938 1026 1204 1125 perturbatione,
1230 1039 1267 1101 ut
1282 1026 1490 1102 celebremus
1509 1052 1568 1103 eas
1582 1032 1679 1122 juxta

313 1157 460 1223 sanctam
486 1155 521 1218 et
544 1145 676 1218 beatam
703 1143 905 1216 voluntatem
932 1155 1038 1234 tuum,
1071 1144 1187 1218 domos
1215 1147 1392 1236 orationis,
1426 1145 1543 1218 domos
1563 1123 1679 1218 ⁶mun-

313 1264 471 1353 dationis,
507 1260 624 1334 domos
651 1263 852 1353 sanctitatis,
887 1261 1004 1334 domos
1039 1258 1288 1334 benedictionis.
1342 1260 1500 1335 Concede
1533 1272 1569 1334 ut
1604 1259 1679 1333 illas

311 1376 559 1472 possideamus,
583 1377 745 1467 Domine,
770 1398 855 1468 noS,
883 1388 917 1448 et
942 1379 1034 1450 servi
1061 1379 1125 1468 tui,
1154 1381 1209 1471 qui
1223 1376 1321 1450 nobis
1336 1400 1442 1472 usque
1462 1381 1496 1448 in
1510 1387 1679 1450 aeternum

314 1497 501 1567 successuri
535 1503 620 1568 suut.
672 1493 831 1586 Exurge,
863 1493 1005 1567 Domine
1035 1492 1145 1582 Deus,
1178 1503 1212 1564 et
1245 1493 1445 1590 dissipentur
1475 1495 1596 1565 inimici
1621 1496 1679 1582 tui,

314 1618 348 1679 et
373 1607 500 1701 fugiant
526 1634 546 1682 a
571 1610 659 1683 facie
685 1619 761 1699 tua,
789 1632 905 1682 omnes
932 1612 986 1705 qui
1013 1609 1154 1682 oderunt
1178 1631 1301 1682 nomen
1328 1619 1416 1682 tuum
1444 1621 1602 1683 sanctum.
1636 1608 1682 1680 Et

311 1724 454 1822 populus
481 1735 556 1800 tuus
581 1726 708 1798 fruetur
733 1725 1018 1800 benedictionibus
1044 1723 1163 1797 millies
1189 1727 1329 1800 millenis
1361 1735 1394 1799 et
1420 1726 1532 1800 docies
1559 1724 1680 1797 millies

311 1841 473 1932 millenis,
515 1841 750 1938 perficiantque
783 1841 986 1914 voluntatem
1021 1853 1128 1932 tuam,
1167 1865 1229 1938 per
1262 1846 1419 1936 gratiam,
1460 1842 1680 1932 clementiam,

312 1975 534 2054 amoremque¹
553 1980 637 2050 erga
662 1957 811 2031 homines
837 1955 911 2029 Filii
937 1961 982 2030 tui
1009 1962 1168 2052 unigeniti
1193 1960 1326 2033 Domini
1343 1960 1407 2031 Dei
1434 1970 1468 2031 et
1491 1958 1679 2034 Salvatoris

310 2078 419 2147 nostri
443 2073 526 2148 lesu
554 2074 695 2165 Christi,
721 2096 783 2168 per
809 2095 927 2168 prem,
955 2085 1018 2146 etc.

417 2242 583 2316 Circoibit
608 2244 720 2314 altore
747 2267 820 2313 com
845 2247 983 2316 incenso
1010 2245 1126 2332 semel,
1161 2244 1369 2318 oscolabitor
1401 2244 1496 2332 iliad,
1531 2245 1680 2316 deseen-

313 2359 434 2452 deipoe
460 2360 557 2431 lacco
581 2361 691 2454 pede:
718 2384 835 2432 corsos
861 2365 1024 2431 orientem
1056 2360 1160 2435 stabit
1193 2385 1212 2432 e
1242 2366 1384 2457 repione
1415 2361 1552 2448 altoris,
1587 2360 1680 2430 ado-

313 2474 460 2569 lebitque
487 2475 561 2548 lbos
589 2483 663 2564 ter,
691 2475 808 2546 eodem
834 2478 966 2565 dicens,
995 2501 1082 2571 qaae
1104 2481 1222 2572 prins:
1259 2484 1325 2549 tom
1357 2475 1618 2565 Potriarcbam,
1651 2478 1682 2546 si

312 2592 419 2679 adsit,
447 2591 638 2664 incensabit
663 2596 804 2665 seorsim
831 2592 875 2664 ab
902 2593 1001 2665 aliis:
1034 2594 1126 2688 qood
1156 2598 1188 2666 si
1223 2594 1390 2688 obfuerit,
1427 2594 1523 2664 dabit
1557 2596 1682 2663 incen-
1804 2667 1807 2674 ,

310 2731 384 2778 sinn
407 2707 672 2795 Sacerdotibus,
700 2732 768 2780 non
795 2709 883 2781 aliis.
935 2709 1071 2780 Deinde
1093 2714 1361 2804 prostrationem
1384 2713 1515 2804 facici.-
1535 2730 1682 2802 rcotesque

312 2823 404 2894 lecto
426 2827 535 2917 samii
560 2825 719 2917 Epistola
744 2825 848 2896 Pooli
875 2826 1034 2919 Coptica,
1063 2827 1153 2897 dicet
1180 2831 1370 2898 orationem
1395 2832 1587 2920 sequentem
1619 2847 1682 2898 se·-

313 2946 420 3012 crelo.
473 2940 515 3012 Si
537 2943 646 3033 faerit
674 2964 746 3011 corn
774 2964 815 3013 eo
841 2941 1015 3014 Sacerdos
1041 2946 1173 3033 socios,
1206 2946 1236 3015 is
1263 2966 1337 3014 eam
1361 2941 1534 3014 recitabit.
1585 2942 1682 3013 Dia-

314 3078 419 3128 conos
431 3057 521 3152 lepet
538 3057 727 3150 Epistolam
745 3056 901 3154 Coptica,
928 3064 963 3129 et
975 3060 1278 3148 deindeArabice,
1305 3065 1342 3130 nl
1359 3062 1461 3130 etiam
1471 3058 1682 3146 Catbolicon,

275 3175 387 3244 ‘siae
411 3173 588 3245 lectionem
615 3198 661 3244 ec
687 3175 852 3267 Epistolis
879 3175 1072 3248 Catholicis.
1132 3177 1200 3247 Hic
1231 3176 1388 3246 odoletor
1422 3178 1592 3247 incensam
1630 3182 1684 3246 ter

314 3293 441 3360 circam
467 3290 579 3360 altare
606 3313 630 3359 a
655 3291 847 3362 Sacerdote
873 3292 1078 3364 celebrante.
1743 3271 1750 3286 ’

445 3614 565 3686 Oratio
589 3619 671 3709 post
695 3613 854 3707 Apostoli
879 3637 939 3685 seo
964 3614 1135 3686 Paulinae
1161 3614 1340 3708 Epistulae
1365 3614 1553 3687 lectionem.

420 3819 602 3894 Sacerdos.
655 3821 798 3894 Domine
824 3823 984 3893 scientiae
1012 3831 1044 3893 et
1066 3825 1247 3918 sapientiae
1265 3820 1419 3915 largitor,
1439 3825 1494 3917 qui
1515 3844 1555 3892 ea
1569 3842 1678 3892 reve-

314 3934 369 4006 las
401 3958 486 4031 quae
517 3937 688 4033 profundis
719 3935 864 4010 tenebris
898 3935 1090 4010 abscondita
1127 3949 1219 4028 sunt3
1265 3942 1320 4033 qni
1356 3947 1523 4035 potestate
1562 3959 1684 4030 magna

316 4055 478 4124 rationem
504 4053 687 4128 hominibus
714 4053 875 4142 indidisti3
909 4058 963 4148 qui
988 4052 1135 4128 bonitate
1151 4093 1152 4096 π
1166 4065 1223 4129 tua
1258 4059 1388 4128 vocasti
1420 4055 1574 4144 Paulum,
1610 4078 1685 4126 cum

316 4168 435 4240 fuisset
461 4169 637 4266 aliquando
662 4180 878 4266 persecutor,
905 4182 941 4243 ut
968 4182 1059 4246 esset
1083 4157 1145 4244 ras
1179 4172 1339 4262 electum,
1373 4181 1407 4243 et
1437 4173 1471 4243 in
1507 4193 1549 4242 eo
1584 4192 1685 4241 com-

316 4282 488 4380 placuisti,
502 4296 538 4357 ut
548 4287 643 4359 lieret
656 4285 859 4383 Apostolus,
889 4291 1104 4360 annunciator
1125 4299 1159 4360 et
1173 4287 1382 4384 praedicator
1400 4285 1577 4378 Evangelii
1588 4289 1685 4379 regni

316 4403 377 4490 tui,
393 4399 475 4474 lesu
491 4400 622 4476 Christe
642 4403 735 4475 Deus
756 4411 880 4476 noster.
915 4403 965 4475 Te
978 4427 1064 4476 nunc
1086 4407 1183 4478 etiarn
1200 4403 1300 4492 bone,
1320 4412 1354 4475 et
1373 4402 1537 4475 hominum
1556 4410 1684 4474 amator

321 4514 551 4611 deprecamur,
578 4529 614 4591 ut
632 4519 691 4591 des
708 4517 804 4593 nobis
820 4528 854 4590 et
880 4525 968 4591 omni
993 4521 1116 4618 populo
1145 4530 1200 4593 tuo
1228 4528 1369 4591 mentem
1385 4516 1426 4590 ab
1447 4521 1536 4590 omni
1553 4515 1681 4591 distra-

318 4637 428 4708 ctione
459 4638 615 4726 liberam,
655 4639 919 4735 intellectumque
952 4659 1086 4735 purum,
1119 4648 1154 4709 ut
1185 4637 1349 4708 discamus
1383 4646 1417 4707 et
1450 4635 1684 4727 intelligamus

320 4763 441 4847 quanta
474 4759 516 4828 sit
550 4756 673 4828 utilitas
707 4757 877 4828 doctrinae
910 4767 986 4828 tuae
1013 4762 1173 4844 sanctae,
1201 4775 1286 4847 quae
1312 4752 1354 4823 ad
1379 4773 1443 4825 nos
1469 4749 1555 4824 illius
1581 4753 1684 4821 mini-

320 4871 424 4964 sterio
450 4875 611 4966 pervenit.
663 4873 707 4944 Et
739 4872 1009 4969 quemadmodum
1041 4869 1154 4943 similis
1192 4867 1247 4940 tibi
1273 4868 1353 4959 luit,
1388 4892 1409 4941 o
1445 4875 1542 4940 autor
1571 4853 1715 4957 vitae,'

318 4987 366 5056 ita
392 5007 454 5058 nos
479 4991 605 5082 pariter
631 4990 749 5081 dignos
778 4990 895 5079 effice,
921 4997 957 5062 ut
982 4990 1016 5060 in
1044 5007 1147 5083 opere
1174 4995 1208 5057 et
1240 4984 1304 5058 lide
1339 4985 1462 5058 similes
1491 4983 1537 5056 illi
1572 4985 1684 5069 simus

320 5099 609 5202 glorificemusque
636 5129 758 5179 nomen
785 5117 873 5179 tuum
899 5115 1069 5196 sanctum,
1095 5101 1341 5198 gloriemurque
1361 5105 1396 5174 in
1409 5123 1509 5175 cruce
1525 5110 1581 5173 tua
1596 5100 1686 5172 omni
