4680 6044
644 474 718 550 154
1146 473 1589 553 COMMENTARIUS

640 664 808 724 sariensem
829 659 1029 742 Episcopum,
1048 677 1200 742 personae
1220 659 1325 722 Patris
1347 661 1556 740 omipotentis
1572 663 1741 742 praecipue
1759 661 1871 724 dicata.
1893 662 2013 724 Secum-

640 763 683 824 da
705 771 751 824 est
763 761 905 840 Eiturpia
927 762 1027 822 sancti
1047 760 1204 840 Groporii,
1226 759 1422 840 uapulariter
1441 768 1582 839 spectans
1601 779 1763 841 persormm
1779 759 1849 822 Filii
1868 762 2013 841 smipersita

640 870 670 923 et
691 862 823 936 celani,
845 877 924 940 qnae
946 867 1158 922 commemorat
1179 860 1243 938 mass
1264 857 1520 935 incantationem,
1546 857 1795 939 Orncirioioncm,
1823 860 2012 937 Passionem,

639 960 846 1040 Sepultus-am,
868 958 1127 1020 Resurrectionem
1150 975 1171 1018 u
1191 958 1334 1032 mmmm,
1355 955 1570 1021 decensionem
1591 959 1635 1020 od
1655 959 1774 1035 coelos,
1796 967 1826 1021 et
1845 959 2012 1022 Adrastum

640 1060 706 1138 ejus
727 1059 770 1119 ad
783 1057 984 1137 judicandum
1005 1059 1093 1120 vicos
1114 1061 1144 1118 ct
1163 1063 1315 1117 mortuos:
1338 1063 1367 1118 et
1387 1055 1446 1118 bae
1466 1065 1536 1121 sunt
1556 1058 1675 1140 quidem
1693 1059 1772 1119 duae
1784 1061 1913 1139 priores.
1938 1057 2013 1120 Ter-

640 1160 685 1220 tia
707 1165 754 1219 est
771 1156 914 1236 Eiturpio
934 1155 967 1220 S.
992 1155 1097 1238 Cyritti
1117 1155 1161 1216 od
1180 1154 1285 1217 Patris
1306 1173 1420 1235 promte
1438 1173 1600 1234 personam
1619 1153 1783 1236 parumn
1804 1166 1954 1238 spectans,
1980 1159 2013 1219 in

640 1276 699 1337 arto
722 1274 788 1318 eom
810 1275 888 1336 quae
910 1273 931 1316 a
951 1254 1070 1318 Basilio
1090 1253 1179 1334 sacta
1200 1261 1246 1315 est
1266 1254 1417 1330 irritatam,
1440 1254 1522 1334 qrsod
1539 1257 1662 1336 proprie
1682 1257 1833 1336 respiciat
1849 1275 2012 1336 persormm

638 1357 753 1420 Patris.
805 1355 862 1416 His
891 1354 989 1416 tmbns
1014 1353 1163 1434 Lituryiis
1186 1352 1376 1432 potissimum
1402 1352 1568 1430 insistitur,
1601 1362 1631 1415 et
1661 1355 1699 1416 de
1727 1355 1788 1416 illis
1817 1357 2011 1432 consendtnr,

538 1499 542 1510 ·
640 1456 761 1518 omissis
782 1455 853 1516 aliis
874 1473 952 1535 quae
973 1455 1007 1515 in
1027 1452 1168 1515 Ecclesia
1190 1458 1425 1528 conservantur,
1448 1460 1477 1514 et
1498 1453 1655 1514 duodecim
1677 1454 1818 1516 dieantur
1840 1473 1915 1517 esse.
1947 1453 2011 1518 Ga-

639 1554 717 1618 briel
739 1553 817 1616 filius
841 1553 949 1615 Tarich
971 1551 1144 1615 Patriarcba
1167 1550 1391 1613 Alexandrinus
1412 1550 1503 1614 LXX.
1530 1552 1560 1613 in
1585 1549 1853 1615 constitutionibus
1876 1553 2011 1635 Synodi-

640 1655 684 1716 cis
708 1652 745 1715 de
767 1652 875 1715 iisdem
897 1653 938 1714 ita
960 1651 1101 1733 loquitur.
1146 1650 1352 1712 Perennitati
1377 1651 1614 1713 mediocritatem
1634 1659 1771 1714 nostram
1792 1671 1860 1714 esse
1880 1655 2011 1716 nonnul-

640 1755 688 1816 los
710 1773 750 1814 ea
771 1749 944 1814 Provinciis
964 1751 1078 1826 Saluid,
1100 1751 1165 1813 siae
1187 1749 1361 1825 thebaidis,
1390 1751 1443 1830 aui
1466 1748 1623 1830 Liturpios
1645 1751 1807 1827 cclcboent,
1837 1752 1876 1814 dc
1904 1753 2011 1834 qsdbus

641 1853 889 1926 controvertitur,
912 1845 1108 1931 dicersdsque
1129 1869 1152 1911 u
1173 1849 1270 1911 tribus
1290 1851 1385 1925 notis,
1407 1869 1511 1929 nempe
1531 1848 1673 1930 Litarpia
1687 1850 1718 1912 S.
1729 1849 1857 1927 Basilii,
1879 1860 1909 1914 et
1930 1853 2012 1916 dua-
2107 1881 2110 1896 ·

642 1950 698 2012 bns
719 1951 791 2014 aliis
812 1951 913 2012 sancti
934 1950 1074 2030 Grepomi
1094 1957 1124 2011 et
1144 1949 1176 2011 S.
1200 1947 1313 2030 apriti.
1336 1937 1524 2010 Prohibitum
1546 1957 1593 2010 est
1613 1957 1713 2012 cutem
1734 1967 1756 2010 a
1776 1950 1865 2012 nobis
1881 1951 1936 2012 neb
1953 1972 2013 2013 ea-

643 2050 922 2112 commanicationis
939 2068 1058 2129 poeria,
1083 2061 1122 2110 ne
1143 2049 1299 2128 misacam
1320 2035 1365 2108 ita
1383 2045 1499 2125 facim,
1529 2049 1625 2110 donec
1654 2049 1697 2110 ad
1725 2046 1838 2110 Gallam
1867 2047 2013 2112 Patriar-

643 2149 758 2210 cbalcm
778 2150 912 2224 venerit,
934 2156 964 2209 el
983 2146 1141 2228 Liturpioe
1162 2165 1239 2228 quas
1260 2145 1350 2208 babel
1371 2147 1565 2208 examinatae
1583 2146 1705 2226 smrint.
1734 2147 1913 2210 Abulbircnt
1933 2149 2014 2211 inter

537 2243 544 2250 ’
643 2247 701 2311 alia
723 2248 824 2311 Basilii
848 2265 943 2328 opera
965 2249 1092 2327 primum
1113 2254 1255 2309 recenset
1276 2245 1447 2326 Lituryiam
1468 2247 1511 2308 ad
1533 2247 1716 2309 celebranda
1737 2249 1888 2330 mysteria.

321 2371 426 2423 umens
443 2379 496 2424 tres
512 2370 630 2440 vulgatu
730 2365 854 2426 Praeter
874 2362 941 2425 illas
964 2360 1063 2424 nullae
1087 2361 1197 2423 dudum
1219 2369 1325 2424 extant
1346 2362 1426 2442 apud
1449 2359 1606 2443 Coptitas,
1634 2371 1684 2425 aut
1713 2365 1740 2426 si
1768 2371 1873 2426 extant
1899 2362 2012 2426 nullum
2084 2345 2089 2350 ’

320 2457 406 2510 ”⁰¹¹³ss
441 2464 527 2509 exiam
562 2455 631 2525 apud
644 2466 675 2526 in
695 2463 843 2527 Ecclesiis
866 2480 952 2525 usum
975 2461 1103 2539 habent,
1132 2461 1243 2523 nullam
1274 2462 1474 2524 autoritatem.
1523 2463 1654 2526 Severus
1684 2462 1951 2526 Aschmoninensis
1981 2463 2013 2525 in

320 2540 444 2612 ⁰⁰Pm⁸ffi
644 2565 712 2626 Vita
734 2564 815 2625 Petri
837 2562 942 2644 Moggi
964 2562 1043 2622 inter
1065 2558 1122 2622 alia
1144 2577 1240 2642 opera
1262 2561 1299 2622 ab
1322 2579 1359 2624 εο
1383 2562 1512 2642 scripta,
1540 2561 1705 2647 Liturgiam
1725 2570 1881 2642 recenset,
1903 2561 2013 2626 sedda

645 2683 681 2726 ea
704 2662 776 2724 nihil
798 2661 878 2743 apud
900 2659 975 2722 alios
999 2666 1123 2722 autores
1145 2658 1267 2742 legitur.
1310 2659 1356 2723 Eo
1384 2662 1503 2723 nomine
1526 2662 1606 2724 Petri
1635 2679 1723 2724 unam
1751 2681 1821 2725 csse
1844 2681 1861 2724 a
1884 2660 2012 2742 copulis

645 2769 817 2843 usurpatam
840 2760 962 2840 scripsit
983 2757 1166 2821 Athanasius
1188 2757 1351 2821 Kircherus
1367 2759 1397 2821 in
1416 2757 1570 2822 Prodromi
1586 2761 1632 2823 sui
1651 2760 1769 2841 Coptici
1789 2760 2012 2843 supplemento,
2073 2789 2074 2792 ¹

644 2861 700 2926 sed
724 2879 812 2942 quam
834 2867 934 2921 tamen
955 2873 1044 2920 nemo
1067 2858 1157 2920 vidit:
1180 2875 1279 2939 neque
1301 2877 1406 2921 verum
1430 2868 1477 2922 est
1498 2859 1578 2922 illam
1600 2861 1740 2940 usurpari
1762 2860 1800 2922 ad
1823 2860 1925 2922 altaris
1952 2859 2012 2920 mi-

642 2962 777 3024 nisteria.
822 2959 928 3039 Neque
951 2958 1046 3039 magis
1069 2956 1266 3032 credendum,
1295 2957 1376 3039 quod
1404 2959 1435 3020 in
1464 2957 1570 3022 iudam
1598 2959 1764 3023 Prodromo
1794 2959 1923 3042 legitur,
1952 2977 2013 3020 ex-

645 3067 710 3121 tare
731 3060 763 3121 in
785 3060 929 3120 Vaticana
951 3056 1137 3120 Bibliotheca
1159 3057 1322 3138 Liturgiam
1345 3058 1500 3140 Copticam
1523 3060 1619 3121 sancti
1641 3059 1757 3138 Marci,
1787 3060 1813 3123 si
1841 3061 1908 3141 quis
1936 3057 2012 3121 haec

644 3160 738 3222 verba
761 3157 800 3221 de
825 3157 971 3241 singulari
994 3165 1027 3219 ει
1047 3155 1084 3218 ab
1107 3155 1172 3219 aliis
1195 3156 1290 3219 tribus
1313 3155 1433 3220 diuersa
1455 3157 1648 3242 intelligenda
1672 3159 1787 3222 credat.
1831 3159 1890 3221 Par
1912 3157 2012 3221 codex

644 3266 730 3320 extat
756 3259 788 3320 in
816 3256 928 3340 Regia,
960 3274 1027 3318 cum
1054 3254 1148 3317 Marci
1170 3256 1309 3319 nomine:
1332 3256 1387 3319 sed
1408 3259 1473 3339 ipsa
1497 3265 1545 3320 εει
1567 3257 1672 3339 Cyrilli
1693 3258 1888 3339 interpolata3
1911 3275 2011 3338 quam,

643 3367 677 3421 ut
699 3378 740 3421 cx
761 3357 939 3420 Abulbircat
961 3355 1118 3435 discimus,
1143 3355 1262 3438 quidam
1282 3355 1387 3419 Marco
1417 3356 1596 3420 tribuebant,
1650 3357 1798 3420 Statariam
1825 3363 1888 3433 est,
1917 3356 2013 3437 inquit

644 3458 746 3540 operis
770 3458 817 3521 sui
839 3474 905 3537 cap.
921 3455 974 3521 29.
997 3458 1030 3518 in
1050 3456 1192 3518 Ecclesia
1201 3455 1333 3535 Coptica
1354 3463 1417 3518 tres
1433 3455 1589 3536 Limrpias
1610 3459 1762 3537 usurpari.
1787 3456 1853 3518 Una
1875 3464 1921 3518 est
1935 3473 2013 3536 qnos

640 3580 698 3640 per
720 3577 823 3621 omnes
836 3559 948 3638 jq‘unii
968 3558 1051 3633 dies,
1080 3564 1111 3618 et
1136 3557 1215 3619 alios
1243 3563 1331 3617 ostra
1344 3557 1492 3634 iq'nniam
1520 3565 1700 3640 usurpatur,
1730 3557 1846 3618 scilicet
1873 3555 2013 3635 Liturpia

643 3658 675 3720 S.
696 3657 809 3719 Basilii
828 3656 974 3738 Episcopi
996 3655 1169 3718 Caesareae
1191 3655 1414 3736 Cappadociae.
1457 3641 1605 3716 Secunda
1620 3673 1709 3736 qaam
1720 3654 1860 3738 Aepyptii
1881 3673 2012 3716 consue-

642 3767 751 3820 verunt
770 3775 918 3838 usurpare
940 3763 1054 3818 tantum
1071 3776 1129 3836 per
1150 3755 1413 3836 quatrapestnate
1424 3756 1590 3834 jecman,
1612 3763 1642 3817 et
1662 3773 1792 3816 mem
1815 3753 1944 3829 cohme,
1966 3761 2014 3816 est

643 3855 784 3936 Liturpia
812 3855 912 3918 Marci
937 3875 1027 3936 param
1052 3853 1183 3935 perfecit
1213 3853 1353 3936 cyrilam.
1398 3853 1497 3916 Tertia
1522 3857 1651 3935 propria
1673 3841 1845 3918 est'diebus
1864 3854 2011 3935 sestonmr

644 3957 830 4031 dieinonrm,
853 3939 1135 4035 et'toetr'rtaequae
1157 3953 1418 4033 irruiturus
1441 3953 1592 4035 Groyorii.
1643 3955 1674 4019 si
1703 3955 1773 4035 quid
1796 3953 1876 4018 dubii
1899 3970 2011 4034 super-

643 4061 727 4117 esset
756 4053 884 4116 solvitur
913 4053 1072 4115 autoritate
1095 4051 1210 4115 codicis
1232 4051 1294 4116 ms,
1318 4051 1381 4118 Eib.
1397 4051 1431 4116 R.
1454 4053 1562 4117 Graeci
1585 4063 1616 4117 ει
1632 4053 1773 4133 Arabici,
1796 4055 1827 4116 in
1849 4071 1909 4136 quo
1932 4052 2009 4115 duae

642 4155 762 4234 priores
786 4159 890 4215 extant
911 4151 1013 4215 basilii
1036 4160 1067 4214 ει
1084 4150 1227 4234 Gregorii
1250 4153 1381 4218 nomine.
1409 4153 1512 4216 Tertia
1534 4154 1637 4230 decst3
1660 4155 1715 4217 sed
1737 4172 1814 4236 quae
1833 4153 1929 4216 Marci
1950 4167 2010 4214 no-

642 4254 722 4316 minc
745 4251 824 4316 edita
847 4260 894 4315 εει
916 4269 935 4312 a
956 4250 1073 4314 Joanne
1097 4270 1114 4313 a
1138 4252 1169 4316 S.
1192 4250 1316 4314 Andrea
1339 4252 1456 4316 Graece
1483 4261 1514 4316 ει
1539 4253 1662 4334 Latine,
1690 4272 1727 4318 ea
1756 4256 1823 4336 ipsa
1856 4260 1904 4317 cst
1932 4269 2010 4334 quae

643 4352 747 4434 cyrilli
770 4350 885 4415 titulum
907 4350 998 4414 babet
1019 4351 1050 4414 in
1073 4350 1206 4432 Captiuis
1229 4350 1401 4416 Codicibus.

326 4491 428 4544 berlin
444 4491 630 4561 Litargiisltr-
730 4468 803 4532 Cum
832 4476 931 4531 autem
954 4467 985 4533 S.
1017 4467 1120 4530 basilii
1148 4470 1268 4531 nominc
1298 4470 1374 4533 aliae
1404 4477 1509 4533 extent
1542 4469 1671 4532 diversis
1702 4468 1814 4554 linguis
1843 4466 2009 4552 Liturgiae,

323 4577 380 4630 silio
403 4577 543 4647 surripui.
599 4565 610 4572 “
644 4570 715 4654 quiid
741 4569 812 4633 illae
839 4571 918 4632 inter
944 4588 979 4632 se
1003 4587 1159 4632 commune
1182 4568 1312 4643 babeant
1334 4569 1542 4651 explicandum
1566 4575 1622 4631 est.
1654 4568 1815 4632 Notissima
1837 4586 1912 4649 prae
1934 4585 2010 4630 cae-

643 4671 718 4733 teris
741 4677 773 4733 et
795 4668 999 4750 antiquissima
1022 4669 1143 4732 censeri
1165 4669 1255 4731 debet
1277 4667 1411 4751 Graeca,
1435 4687 1522 4751 quam
1534 4667 1642 4731 Graeci
1665 4668 1735 4732 aihu
1757 4670 1787 4730 in
1802 4666 2010 4731 Patriarcbatu

644 4768 994 4853 Constantinopolitano,
1022 4777 1055 4832 ut
1077 4777 1107 4832 et
1129 4769 1255 4832 alteram
1284 4769 1490 4852 chrysostomi
1521 4776 1761 4852 usurpaverunt,
1791 4787 1870 4830 nunc
1897 4768 2009 4848 ubique
2069 4819 2072 4830 i

643 4879 807 4950 usurpant,
830 4887 1017 4952 quacumque
1039 4867 1121 4952 petet
1144 4887 1248 4933 eorum
1269 4869 1416 4934 Ecclesia.
1460 4868 1596 4941 Alteram
1622 4869 1776 4951 Syriacam
1805 4867 1911 4930 Latine
1942 4867 2010 4930 cdi-

644 4968 687 5032 dit
707 4971 755 5033 vir
777 4969 973 5038 doctissimus.
987 4971 1127 5039 Andreas
1149 4971 1278 5048 Masius,
1304 4968 1360 5033 sed
1382 4989 1459 5053 quae
1480 4970 1513 5034 in
1534 4969 1632 5034 multis
1655 4971 1785 5052 optbuae
1806 4974 1897 5031 notae
1919 4966 2010 5030 codi-
