<?xml version="1.0" encoding="UTF-8"?>
<!DOCTYPE html PUBLIC "-//W3C//DTD XHTML 1.0 Transitional//EN"
    "http://www.w3.org/TR/xhtml1/DTD/xhtml1-transitional.dtd">
<html xmlns="http://www.w3.org/1999/xhtml" xml:lang="en" lang="en">
 <head>
  <title>
</title>
<meta http-equiv="Content-Type" content="text/html;charset=utf-8" />
  <meta name='ocr-system' content='tesseract 3.04.00' />
  <meta name='ocr-capabilities' content='ocr_page ocr_carea ocr_par ocr_line ocrx_word'/>
</head>
<body>
  <div class='ocr_page' id='page_1' title='image "./liturgiarumorie03renagoog_0187.png"; bbox 0 0 4760 6038; ppageno 0'>
   <div class='ocr_carea' id='block_1_1' title="bbox 626 757 1503 836">
    <p class='ocr_par' dir='ltr' id='par_1_1' title="bbox 626 757 1503 836">
     <span class='ocr_line' id='line_1_1' title="bbox 626 757 1503 836; baseline -0.001 -2"><span class='ocrx_word' id='word_1_1' title='bbox 626 761 680 835; x_wconf 81' lang='lat'>28</span> <span class='ocrx_word' id='word_1_2' title='bbox 1142 757 1503 836; x_wconf 79' lang='lat' dir='ltr'><strong>LITURGIA</strong></span> 
     </span>
    </p>
   </div>
   <div class='ocr_carea' id='block_1_2' title="bbox 615 942 2006 3215">
    <p class='ocr_par' dir='ltr' id='par_1_2' title="bbox 626 942 2004 1149">
     <span class='ocr_line' id='line_1_2' title="bbox 629 942 2004 1041; baseline 0.001 -22"><span class='ocrx_word' id='word_1_3' title='bbox 629 967 669 1019; x_wconf 89' lang='lat' dir='ltr'>es</span> <span class='ocrx_word' id='word_1_4' title='bbox 702 969 799 1041; x_wconf 83' lang='lat' dir='ltr'>quem</span> <span class='ocrx_word' id='word_1_5' title='bbox 832 943 1033 1018; x_wconf 90' lang='lat' dir='ltr'>benedicunt</span> <span class='ocrx_word' id='word_1_6' title='bbox 1071 944 1274 1031; x_wconf 89' lang='lat' dir='ltr'>invisibiles,</span> <span class='ocrx_word' id='word_1_7' title='bbox 1309 965 1406 1038; x_wconf 84' lang='lat' dir='ltr'>quern</span> <span class='ocrx_word' id='word_1_8' title='bbox 1439 942 1579 1015; x_wconf 88' lang='lat' dir='ltr'>adorant</span> <span class='ocrx_word' id='word_1_9' title='bbox 1610 943 1776 1034; x_wconf 83' lang='lat' dir='ltr'>visibiles,</span> <span class='ocrx_word' id='word_1_10' title='bbox 1818 957 1852 1019; x_wconf 89' lang='lat' dir='ltr'>et</span> <span class='ocrx_word' id='word_1_11' title='bbox 1889 967 2004 1021; x_wconf 89' lang='lat' dir='ltr'>omncs</span> 
     </span>
     <span class='ocr_line' id='line_1_3' title="bbox 626 1060 1367 1149; baseline -0.003 -17"><span class='ocrx_word' id='word_1_12' title='bbox 626 1061 753 1133; x_wconf 86' lang='lat' dir='ltr'>iaciunt</span> <span class='ocrx_word' id='word_1_13' title='bbox 778 1061 921 1134; x_wconf 88' lang='lat' dir='ltr'>verbum</span> <span class='ocrx_word' id='word_1_14' title='bbox 946 1072 1046 1149; x_wconf 88' lang='lat' dir='ltr'>tunm,</span> <span class='ocrx_word' id='word_1_15' title='bbox 1073 1060 1217 1132; x_wconf 90' lang='lat' dir='ltr'>Domine</span> <span class='ocrx_word' id='word_1_16' title='bbox 1242 1069 1367 1134; x_wconf 88' lang='lat' dir='ltr'>noster.</span> 
     </span>
    </p>

    <p class='ocr_par' dir='ltr' id='par_1_3' title="bbox 732 1174 1341 1266">
     <span class='ocr_line' id='line_1_4' title="bbox 732 1174 1341 1266; baseline -0.01 -16"><span class='ocrx_word' id='word_1_17' title='bbox 732 1178 921 1250; x_wconf 79' lang='lat' dir='ltr'>Diaconos.</span> <span class='ocrx_word' id='word_1_18' title='bbox 960 1176 1026 1262; x_wconf 81' lang='lat' dir='ltr'>Qui</span> <span class='ocrx_word' id='word_1_19' title='bbox 1051 1174 1175 1248; x_wconf 90' lang='lat' dir='ltr'>sedetis</span> <span class='ocrx_word' id='word_1_20' title='bbox 1203 1177 1341 1266; x_wconf 88' lang='lat' dir='ltr'>surgite.</span> 
     </span>
    </p>

    <p class='ocr_par' dir='ltr' id='par_1_4' title="bbox 615 1288 2006 2406">
     <span class='ocr_line' id='line_1_5' title="bbox 730 1288 2006 1390; baseline 0.001 -24"><span class='ocrx_word' id='word_1_21' title='bbox 730 1294 917 1366; x_wconf 77' lang='lat' dir='ltr'><strong><em>Sacerdos.</em></strong></span> <span class='ocrx_word' id='word_1_22' title='bbox 957 1293 1108 1364; x_wconf 86' lang='lat' dir='ltr'>Aeterne</span> <span class='ocrx_word' id='word_1_23' title='bbox 1141 1290 1299 1376; x_wconf 86' lang='lat' dir='ltr'>Domine,</span> <span class='ocrx_word' id='word_1_24' title='bbox 1338 1288 1431 1362; x_wconf 88' lang='lat' dir='ltr'>Deus</span> <span class='ocrx_word' id='word_1_25' title='bbox 1465 1313 1569 1365; x_wconf 81' lang='lat' dir='ltr'>verus</span> <span class='ocrx_word' id='word_1_26' title='bbox 1609 1291 1652 1364; x_wconf 91' lang='lat' dir='ltr'>de</span> <span class='ocrx_word' id='word_1_27' title='bbox 1689 1293 1766 1365; x_wconf 90' lang='lat' dir='ltr'>Deo</span> <span class='ocrx_word' id='word_1_28' title='bbox 1805 1314 1909 1383; x_wconf 88' lang='lat' dir='ltr'>vero,</span> <span class='ocrx_word' id='word_1_29' title='bbox 1950 1298 2006 1390; x_wconf 91' lang='lat' dir='ltr'>qui</span> 
     </span>
     <span class='ocr_line' id='line_1_6' title="bbox 627 1403 2002 1501; baseline -0.001 -18"><span class='ocrx_word' id='word_1_30' title='bbox 627 1410 801 1484; x_wconf 78' lang='lat' dir='ltr'>ostendisti</span> <span class='ocrx_word' id='word_1_31' title='bbox 827 1407 926 1480; x_wconf 91' lang='lat' dir='ltr'>nohis</span> <span class='ocrx_word' id='word_1_32' title='bbox 952 1407 1065 1478; x_wconf 84' lang='lat' dir='ltr'>lurnen</span> <span class='ocrx_word' id='word_1_33' title='bbox 1090 1404 1211 1494; x_wconf 89' lang='lat' dir='ltr'>Patris,</span> <span class='ocrx_word' id='word_1_34' title='bbox 1240 1408 1296 1499; x_wconf 92' lang='lat' dir='ltr'>qui</span> <span class='ocrx_word' id='word_1_35' title='bbox 1321 1403 1460 1496; x_wconf 85' lang='lat' dir='ltr'>largitus</span> <span class='ocrx_word' id='word_1_36' title='bbox 1488 1428 1527 1479; x_wconf 90' lang='lat' dir='ltr'>es</span> <span class='ocrx_word' id='word_1_37' title='bbox 1552 1407 1651 1480; x_wconf 89' lang='lat' dir='ltr'>nobis</span> <span class='ocrx_word' id='word_1_38' title='bbox 1678 1411 1906 1501; x_wconf 90' lang='lat' dir='ltr'>cognitionem</span> <span class='ocrx_word' id='word_1_39' title='bbox 1932 1433 2002 1483; x_wconf 88' lang='lat' dir='ltr'>ve-</span> 
     </span>
     <span class='ocr_line' id='line_1_7' title="bbox 625 1520 2003 1621; baseline 0.003 -26"><span class='ocrx_word' id='word_1_40' title='bbox 625 1528 733 1597; x_wconf 91' lang='lat' dir='ltr'>ritatis</span> <span class='ocrx_word' id='word_1_41' title='bbox 754 1525 898 1621; x_wconf 82' lang='lat' dir='ltr'>Spiritus</span> <span class='ocrx_word' id='word_1_42' title='bbox 925 1526 1052 1609; x_wconf 80' lang='lat' dir='ltr'>sancti3</span> <span class='ocrx_word' id='word_1_43' title='bbox 1080 1524 1135 1616; x_wconf 89' lang='lat' dir='ltr'>qui</span> <span class='ocrx_word' id='word_1_44' title='bbox 1160 1520 1380 1594; x_wconf 77' lang='lat' dir='ltr'>manifestasti</span> <span class='ocrx_word' id='word_1_45' title='bbox 1406 1520 1505 1593; x_wconf 91' lang='lat' dir='ltr'>nohis</span> <span class='ocrx_word' id='word_1_46' title='bbox 1531 1527 1727 1618; x_wconf 74' lang='lat' dir='ltr'>mysterium</span> <span class='ocrx_word' id='word_1_47' title='bbox 1753 1523 1820 1598; x_wconf 95' lang='lat' dir='ltr'>hoc</span> <span class='ocrx_word' id='word_1_48' title='bbox 1846 1547 2003 1618; x_wconf 86' lang='lat' dir='ltr'>magnum</span> 
     </span>
     <span class='ocr_line' id='line_1_8' title="bbox 624 1637 2003 1735; baseline -0.002 -22"><span class='ocrx_word' id='word_1_49' title='bbox 624 1643 734 1713; x_wconf 85' lang='lat' dir='ltr'>vitae:</span> <span class='ocrx_word' id='word_1_50' title='bbox 762 1643 817 1734; x_wconf 88' lang='lat' dir='ltr'>qui</span> <span class='ocrx_word' id='word_1_51' title='bbox 844 1641 1040 1712; x_wconf 80' lang='lat' dir='ltr'>constituisti</span> <span class='ocrx_word' id='word_1_52' title='bbox 1067 1637 1203 1708; x_wconf 89' lang='lat' dir='ltr'>chorum</span> <span class='ocrx_word' id='word_1_53' title='bbox 1229 1641 1504 1732; x_wconf 89' lang='lat' dir='ltr'>incorporeorum</span> <span class='ocrx_word' id='word_1_54' title='bbox 1531 1640 1616 1709; x_wconf 91' lang='lat' dir='ltr'>inter</span> <span class='ocrx_word' id='word_1_55' title='bbox 1648 1638 1815 1712; x_wconf 90' lang='lat' dir='ltr'>homines:</span> <span class='ocrx_word' id='word_1_56' title='bbox 1848 1644 1903 1735; x_wconf 92' lang='lat' dir='ltr'>qui</span> <span class='ocrx_word' id='word_1_57' title='bbox 1935 1640 2003 1711; x_wconf 93' lang='lat' dir='ltr'>de-</span> 
     </span>
     <span class='ocr_line' id='line_1_9' title="bbox 626 1753 2002 1850; baseline 0.002 -24"><span class='ocrx_word' id='word_1_58' title='bbox 626 1756 702 1830; x_wconf 91' lang='lat' dir='ltr'>disti</span> <span class='ocrx_word' id='word_1_59' title='bbox 729 1759 779 1828; x_wconf 91' lang='lat' dir='ltr'>eis</span> <span class='ocrx_word' id='word_1_60' title='bbox 806 1759 861 1850; x_wconf 88' lang='lat' dir='ltr'>qui</span> <span class='ocrx_word' id='word_1_61' title='bbox 895 1765 970 1828; x_wconf 92' lang='lat' dir='ltr'>sunt</span> <span class='ocrx_word' id='word_1_62' title='bbox 997 1763 1268 1849; x_wconf 90' lang='lat' dir='ltr'>superterram,</span> <span class='ocrx_word' id='word_1_63' title='bbox 1303 1756 1466 1824; x_wconf 91' lang='lat' dir='ltr'>canticum</span> <span class='ocrx_word' id='word_1_64' title='bbox 1493 1753 1691 1850; x_wconf 89' lang='lat' dir='ltr'>Seraphim,</span> <span class='ocrx_word' id='word_1_65' title='bbox 1728 1759 1862 1850; x_wconf 86' lang='lat' dir='ltr'>suscipe</span> <span class='ocrx_word' id='word_1_66' title='bbox 1894 1777 2002 1829; x_wconf 87' lang='lat' dir='ltr'>voces</span> 
     </span>
     <span class='ocr_line' id='line_1_10' title="bbox 625 1867 2001 1961; baseline 0.001 -19"><span class='ocrx_word' id='word_1_67' title='bbox 625 1881 780 1961; x_wconf 88' lang='lat' dir='ltr'>nostras,</span> <span class='ocrx_word' id='word_1_68' title='bbox 816 1894 892 1942; x_wconf 90' lang='lat' dir='ltr'>cum</span> <span class='ocrx_word' id='word_1_69' title='bbox 926 1869 1068 1942; x_wconf 89' lang='lat' dir='ltr'>vocibus</span> <span class='ocrx_word' id='word_1_70' title='bbox 1105 1890 1221 1939; x_wconf 90' lang='lat' dir='ltr'>eornm</span> <span class='ocrx_word' id='word_1_71' title='bbox 1254 1870 1311 1961; x_wconf 85' lang='lat' dir='ltr'>qui</span> <span class='ocrx_word' id='word_1_72' title='bbox 1337 1878 1414 1941; x_wconf 88' lang='lat' dir='ltr'>sunt</span> <span class='ocrx_word' id='word_1_73' title='bbox 1440 1868 1634 1944; x_wconf 86' lang='lat' dir='ltr'>invisibiles.</span> <span class='ocrx_word' id='word_1_74' title='bbox 1690 1867 1903 1943; x_wconf 83' lang='lat' dir='ltr'>Gonnumera</span> <span class='ocrx_word' id='word_1_75' title='bbox 1938 1894 2001 1944; x_wconf 90' lang='lat' dir='ltr'>nos</span> 
     </span>
     <span class='ocr_line' id='line_1_11' title="bbox 624 1983 1999 2077; baseline 0.001 -20"><span class='ocrx_word' id='word_1_76' title='bbox 624 1989 711 2059; x_wconf 91' lang='lat' dir='ltr'>inter</span> <span class='ocrx_word' id='word_1_77' title='bbox 736 1986 926 2061; x_wconf 90' lang='lat' dir='ltr'>Potestates</span> <span class='ocrx_word' id='word_1_78' title='bbox 958 1985 1141 2071; x_wconf 90' lang='lat' dir='ltr'>coelestes,</span> <span class='ocrx_word' id='word_1_79' title='bbox 1174 1992 1211 2055; x_wconf 89' lang='lat' dir='ltr'>ut</span> <span class='ocrx_word' id='word_1_80' title='bbox 1243 1983 1390 2056; x_wconf 87' lang='lat' dir='ltr'>dicamus</span> <span class='ocrx_word' id='word_1_81' title='bbox 1424 2005 1500 2056; x_wconf 90' lang='lat' dir='ltr'>cum</span> <span class='ocrx_word' id='word_1_82' title='bbox 1535 1985 1616 2072; x_wconf 90' lang='lat' dir='ltr'>illis,</span> <span class='ocrx_word' id='word_1_83' title='bbox 1651 1984 1847 2077; x_wconf 87' lang='lat' dir='ltr'>abjicientes</span> <span class='ocrx_word' id='word_1_84' title='bbox 1881 2007 1999 2060; x_wconf 91' lang='lat' dir='ltr'>omnes</span> 
     </span>
     <span class='ocr_line' id='line_1_12' title="bbox 624 2096 2001 2198; baseline -0.002 -26"><span class='ocrx_word' id='word_1_85' title='bbox 624 2106 846 2194; x_wconf 87' lang='lat' dir='ltr'>cogitationes</span> <span class='ocrx_word' id='word_1_86' title='bbox 874 2100 1037 2175; x_wconf 87' lang='lat' dir='ltr'>absurdas</span> <span class='ocrx_word' id='word_1_87' title='bbox 1064 2108 1099 2171; x_wconf 95' lang='lat' dir='ltr'>et</span> <span class='ocrx_word' id='word_1_88' title='bbox 1124 2096 1267 2198; x_wconf 77' lang='lat' dir='ltr'>inutiles,</span> <span class='ocrx_word' id='word_1_89' title='bbox 1295 2097 1544 2194; x_wconf 84' lang='lat' dir='ltr'>clamemusque</span> <span class='ocrx_word' id='word_1_90' title='bbox 1570 2099 1658 2172; x_wconf 89' lang='lat' dir='ltr'>idem</span> <span class='ocrx_word' id='word_1_91' title='bbox 1694 2102 1783 2196; x_wconf 90' lang='lat' dir='ltr'>quod</span> <span class='ocrx_word' id='word_1_92' title='bbox 1797 2179 1803 2190; x_wconf 57' lang='lat'>‚</span> <span class='ocrx_word' id='word_1_93' title='bbox 1816 2102 1863 2173; x_wconf 91' lang='lat' dir='ltr'>illi</span> <span class='ocrx_word' id='word_1_94' title='bbox 1890 2100 2001 2171; x_wconf 93' lang='lat' dir='ltr'>dicunt</span> 
     </span>
     <span class='ocr_line' id='line_1_13' title="bbox 615 2213 2001 2310; baseline 0 -20"><span class='ocrx_word' id='word_1_95' title='bbox 615 2217 814 2292; x_wconf 79' lang='lat' dir='ltr'>incessabili</span> <span class='ocrx_word' id='word_1_96' title='bbox 847 2240 957 2308; x_wconf 87' lang='lat' dir='ltr'>voce,</span> <span class='ocrx_word' id='word_1_97' title='bbox 993 2226 1093 2310; x_wconf 88' lang='lat' dir='ltr'>atque</span> <span class='ocrx_word' id='word_1_98' title='bbox 1129 2237 1190 2286; x_wconf 90' lang='lat' dir='ltr'>cre</span> <span class='ocrx_word' id='word_1_99' title='bbox 1224 2213 1438 2306; x_wconf 77' lang='lat' dir='ltr'>indesinenti,</span> <span class='ocrx_word' id='word_1_100' title='bbox 1473 2214 1708 2290; x_wconf 88' lang='lat' dir='ltr'>benedicamus</span> <span class='ocrx_word' id='word_1_101' title='bbox 1744 2219 2001 2310; x_wconf 85' lang='lat' dir='ltr'>magnitudinem</span> 
     </span>
     <span class='ocr_line' id='line_1_14' title="bbox 622 2343 1137 2406; baseline -0.006 -1"><span class='ocrx_word' id='word_1_102' title='bbox 622 2343 722 2406; x_wconf 89' lang='lat' dir='ltr'>tuam</span> <span class='ocrx_word' id='word_1_103' title='bbox 1133 2395 1137 2402; x_wconf 90' lang='lat'>.</span> 
     </span>
    </p>

    <p class='ocr_par' dir='ltr' id='par_1_5' title="bbox 725 2445 1395 2538">
     <span class='ocr_line' id='line_1_15' title="bbox 725 2445 1395 2538; baseline -0.009 -17"><span class='ocrx_word' id='word_1_104' title='bbox 725 2449 914 2521; x_wconf 81' lang='lat' dir='ltr'>Diaconos.</span> <span class='ocrx_word' id='word_1_105' title='bbox 966 2445 1022 2521; x_wconf 86' lang='lat' dir='ltr'>Ad</span> <span class='ocrx_word' id='word_1_106' title='bbox 1049 2445 1220 2518; x_wconf 84' lang='lat' dir='ltr'>Orientem</span> <span class='ocrx_word' id='word_1_107' title='bbox 1245 2446 1395 2538; x_wconf 89' lang='lat' dir='ltr'>aspicite.</span> 
     </span>
    </p>

    <p class='ocr_par' dir='ltr' id='par_1_6' title="bbox 620 2557 2000 3121">
     <span class='ocr_line' id='line_1_16' title="bbox 725 2557 2000 2660; baseline 0 -24"><span class='ocrx_word' id='word_1_108' title='bbox 725 2565 910 2636; x_wconf 79' lang='lat' dir='ltr'>Sacerdos.</span> <span class='ocrx_word' id='word_1_109' title='bbox 962 2563 1015 2635; x_wconf 81' lang='lat' dir='ltr'>&#39;ln</span> <span class='ocrx_word' id='word_1_110' title='bbox 1059 2583 1097 2634; x_wconf 92' lang='lat' dir='ltr'>es</span> <span class='ocrx_word' id='word_1_111' title='bbox 1137 2563 1225 2633; x_wconf 87' lang='lat' dir='ltr'>enim</span> <span class='ocrx_word' id='word_1_112' title='bbox 1262 2562 1316 2631; x_wconf 91' lang='lat' dir='ltr'>cui</span> <span class='ocrx_word' id='word_1_113' title='bbox 1357 2561 1515 2632; x_wconf 88' lang='lat' dir='ltr'>assistunt</span> <span class='ocrx_word' id='word_1_114' title='bbox 1547 2557 1726 2633; x_wconf 84' lang='lat' dir='ltr'>Cherubim</span> <span class='ocrx_word' id='word_1_115' title='bbox 1757 2573 1793 2634; x_wconf 91' lang='lat' dir='ltr'>et</span> <span class='ocrx_word' id='word_1_116' title='bbox 1825 2561 2000 2660; x_wconf 82' lang='lat' dir='ltr'>Seraphim</span> 
     </span>
     <span class='ocr_line' id='line_1_17' title="bbox 621 2675 1998 2766; baseline -0.001 -12"><span class='ocrx_word' id='word_1_117' title='bbox 621 2683 713 2755; x_wconf 91' lang='lat' dir='ltr'>senis</span> <span class='ocrx_word' id='word_1_118' title='bbox 740 2679 802 2754; x_wconf 89' lang='lat' dir='ltr'>alis</span> <span class='ocrx_word' id='word_1_119' title='bbox 828 2682 994 2754; x_wconf 89' lang='lat' dir='ltr'>instructi:</span> <span class='ocrx_word' id='word_1_120' title='bbox 1021 2699 1086 2751; x_wconf 84' lang='lat' dir='ltr'>sex</span> <span class='ocrx_word' id='word_1_121' title='bbox 1112 2677 1187 2748; x_wconf 87' lang='lat' dir='ltr'>alae</span> <span class='ocrx_word' id='word_1_122' title='bbox 1213 2677 1288 2766; x_wconf 91' lang='lat' dir='ltr'>uni,</span> <span class='ocrx_word' id='word_1_123' title='bbox 1314 2685 1349 2747; x_wconf 93' lang='lat' dir='ltr'>et</span> <span class='ocrx_word' id='word_1_124' title='bbox 1374 2697 1439 2750; x_wconf 87' lang='lat' dir='ltr'>sex</span> <span class='ocrx_word' id='word_1_125' title='bbox 1465 2675 1540 2748; x_wconf 89' lang='lat' dir='ltr'>alae</span> <span class='ocrx_word' id='word_1_126' title='bbox 1558 2676 1672 2748; x_wconf 89' lang='lat' dir='ltr'>alteri:</span> <span class='ocrx_word' id='word_1_127' title='bbox 1699 2676 1828 2750; x_wconf 90' lang='lat' dir='ltr'>duabus</span> <span class='ocrx_word' id='word_1_128' title='bbox 1847 2679 1909 2752; x_wconf 87' lang='lat' dir='ltr'>alis</span> <span class='ocrx_word' id='word_1_129' title='bbox 1927 2703 1998 2754; x_wconf 86' lang='lat' dir='ltr'>ve-</span> 
     </span>
     <span class='ocr_line' id='line_1_18' title="bbox 620 2791 1997 2888; baseline -0.001 -21"><span class='ocrx_word' id='word_1_130' title='bbox 620 2796 690 2868; x_wconf 89' lang='lat' dir='ltr'>lant</span> <span class='ocrx_word' id='word_1_131' title='bbox 715 2797 821 2868; x_wconf 90' lang='lat' dir='ltr'>iacies</span> <span class='ocrx_word' id='word_1_132' title='bbox 849 2815 945 2882; x_wconf 87' lang='lat' dir='ltr'>snas,</span> <span class='ocrx_word' id='word_1_133' title='bbox 974 2791 1102 2866; x_wconf 86' lang='lat' dir='ltr'>duabus</span> <span class='ocrx_word' id='word_1_134' title='bbox 1128 2800 1245 2886; x_wconf 83' lang='lat' dir='ltr'>tegrmt</span> <span class='ocrx_word' id='word_1_135' title='bbox 1270 2792 1375 2888; x_wconf 91' lang='lat' dir='ltr'>pedes</span> <span class='ocrx_word' id='word_1_136' title='bbox 1403 2812 1502 2884; x_wconf 89' lang='lat' dir='ltr'>suos,</span> <span class='ocrx_word' id='word_1_137' title='bbox 1529 2801 1564 2863; x_wconf 89' lang='lat' dir='ltr'>et</span> <span class='ocrx_word' id='word_1_138' title='bbox 1590 2791 1716 2866; x_wconf 89' lang='lat' dir='ltr'>duabus</span> <span class='ocrx_word' id='word_1_139' title='bbox 1750 2792 1886 2866; x_wconf 86' lang='lat' dir='ltr'>volant:</span> <span class='ocrx_word' id='word_1_140' title='bbox 1919 2794 1997 2867; x_wconf 88' lang='lat' dir='ltr'>cla-</span> 
     </span>
     <span class='ocr_line' id='line_1_19' title="bbox 621 2906 2000 3006; baseline 0 -23"><span class='ocrx_word' id='word_1_141' title='bbox 621 2922 816 3006; x_wconf 90' lang='lat' dir='ltr'>mantesque</span> <span class='ocrx_word' id='word_1_142' title='bbox 844 2910 929 2982; x_wconf 92' lang='lat' dir='ltr'>alter</span> <span class='ocrx_word' id='word_1_143' title='bbox 954 2910 997 2980; x_wconf 88' lang='lat' dir='ltr'>ad</span> <span class='ocrx_word' id='word_1_144' title='bbox 1024 2909 1183 2998; x_wconf 89' lang='lat' dir='ltr'>alterum,</span> <span class='ocrx_word' id='word_1_145' title='bbox 1211 2907 1323 2978; x_wconf 92' lang='lat' dir='ltr'>dicunt</span> <span class='ocrx_word' id='word_1_146' title='bbox 1347 2906 1505 3000; x_wconf 74' lang='lat' dir='ltr'>hymnum</span> <span class='ocrx_word' id='word_1_147' title='bbox 1531 2906 1760 3002; x_wconf 86' lang='lat' dir='ltr'>triumphalem</span> <span class='ocrx_word' id='word_1_148' title='bbox 1788 2909 1904 2983; x_wconf 90' lang='lat' dir='ltr'>salutis</span> <span class='ocrx_word' id='word_1_149' title='bbox 1930 2933 2000 2983; x_wconf 89' lang='lat' dir='ltr'>no-</span> 
     </span>
     <span class='ocr_line' id='line_1_20' title="bbox 621 3021 1761 3121; baseline -0.008 -19"><span class='ocrx_word' id='word_1_150' title='bbox 621 3037 729 3121; x_wconf 88' lang='lat' dir='ltr'>strae,</span> <span class='ocrx_word' id='word_1_151' title='bbox 756 3038 791 3099; x_wconf 93' lang='lat' dir='ltr'>et</span> <span class='ocrx_word' id='word_1_152' title='bbox 816 3027 960 3100; x_wconf 88' lang='lat' dir='ltr'>vocibus</span> <span class='ocrx_word' id='word_1_153' title='bbox 986 3026 1144 3118; x_wconf 87' lang='lat' dir='ltr'>gloriosis</span> <span class='ocrx_word' id='word_1_154' title='bbox 1170 3022 1307 3098; x_wconf 88' lang='lat' dir='ltr'>laudant</span> <span class='ocrx_word' id='word_1_155' title='bbox 1332 3021 1514 3095; x_wconf 85' lang='lat' dir='ltr'>clamantes</span> <span class='ocrx_word' id='word_1_156' title='bbox 1541 3032 1576 3093; x_wconf 91' lang='lat' dir='ltr'>et</span> <span class='ocrx_word' id='word_1_157' title='bbox 1601 3022 1761 3095; x_wconf 63' lang='lat' dir='ltr'>boenas.</span> 
     </span>
    </p>

    <p class='ocr_par' dir='ltr' id='par_1_7' title="bbox 722 3140 1195 3215">
     <span class='ocr_line' id='line_1_21' title="bbox 722 3140 1195 3215; baseline -0.004 -1"><span class='ocrx_word' id='word_1_158' title='bbox 722 3144 911 3215; x_wconf 71' lang='lat' dir='ltr'>Maeones.</span> <span class='ocrx_word' id='word_1_159' title='bbox 965 3140 1195 3214; x_wconf 82' lang='lat' dir='ltr'>Attendamus.</span> 
     </span>
    </p>
   </div>
   <div class='ocr_carea' id='block_1_3' title="bbox 721 3253 1997 3463">
    <p class='ocr_par' dir='ltr' id='par_1_8' title="bbox 721 3253 1997 3463">
     <span class='ocr_line' id='line_1_22' title="bbox 727 3253 1479 3353; baseline -0.008 -23"><span class='ocrx_word' id='word_1_160' title='bbox 727 3261 888 3353; x_wconf 79' lang='lat' dir='ltr'>Populos.</span> <span class='ocrx_word' id='word_1_161' title='bbox 941 3257 1107 3348; x_wconf 88' lang='lat' dir='ltr'>Sanctus,</span> <span class='ocrx_word' id='word_1_162' title='bbox 1134 3257 1296 3344; x_wconf 88' lang='lat' dir='ltr'>Sanctus,</span> <span class='ocrx_word' id='word_1_163' title='bbox 1324 3253 1479 3328; x_wconf 89' lang='lat' dir='ltr'>Sanctus.</span> 
     </span>
     <span class='ocr_line' id='line_1_23' title="bbox 721 3365 1997 3463; baseline -0.003 -18"><span class='ocrx_word' id='word_1_164' title='bbox 721 3374 907 3447; x_wconf 77' lang='lat' dir='ltr'>Sacerdos.</span> <span class='ocrx_word' id='word_1_165' title='bbox 943 3374 1100 3463; x_wconf 89' lang='lat' dir='ltr'>Sanctus,</span> <span class='ocrx_word' id='word_1_166' title='bbox 1116 3370 1259 3444; x_wconf 89' lang='lat' dir='ltr'>Sanctus</span> <span class='ocrx_word' id='word_1_167' title='bbox 1275 3369 1458 3460; x_wconf 88' lang='lat' dir='ltr'>Dominus,</span> <span class='ocrx_word' id='word_1_168' title='bbox 1484 3377 1518 3440; x_wconf 89' lang='lat' dir='ltr'>et</span> <span class='ocrx_word' id='word_1_169' title='bbox 1543 3365 1688 3441; x_wconf 88' lang='lat' dir='ltr'>Sanctus</span> <span class='ocrx_word' id='word_1_170' title='bbox 1706 3371 1740 3440; x_wconf 94' lang='lat' dir='ltr'>in</span> <span class='ocrx_word' id='word_1_171' title='bbox 1757 3367 1860 3441; x_wconf 92' lang='lat' dir='ltr'>rebus</span> <span class='ocrx_word' id='word_1_172' title='bbox 1884 3372 1997 3441; x_wconf 89' lang='lat' dir='ltr'>omni-</span> 
     </span>
    </p>
   </div>
   <div class='ocr_carea' id='block_1_4' title="bbox 614 3482 1999 5297">
    <p class='ocr_par' dir='ltr' id='par_1_9' title="bbox 614 3482 1999 5297">
     <span class='ocr_line' id='line_1_24' title="bbox 617 3482 1997 3584; baseline -0.004 -22"><span class='ocrx_word' id='word_1_173' title='bbox 617 3489 699 3580; x_wconf 89' lang='lat' dir='ltr'>bus,</span> <span class='ocrx_word' id='word_1_174' title='bbox 726 3500 762 3562; x_wconf 90' lang='lat' dir='ltr'>et</span> <span class='ocrx_word' id='word_1_175' title='bbox 789 3488 998 3584; x_wconf 91' lang='lat' dir='ltr'>praeclarum</span> <span class='ocrx_word' id='word_1_176' title='bbox 1023 3489 1135 3560; x_wconf 87' lang='lat' dir='ltr'>lmnen</span> <span class='ocrx_word' id='word_1_177' title='bbox 1161 3484 1366 3560; x_wconf 89' lang='lat' dir='ltr'>substantiae</span> <span class='ocrx_word' id='word_1_178' title='bbox 1393 3494 1490 3575; x_wconf 90' lang='lat' dir='ltr'>tuae,</span> <span class='ocrx_word' id='word_1_179' title='bbox 1518 3488 1604 3556; x_wconf 91' lang='lat' dir='ltr'>sicut</span> <span class='ocrx_word' id='word_1_180' title='bbox 1634 3482 1810 3556; x_wconf 84' lang='lat' dir='ltr'>ineffabilis</span> <span class='ocrx_word' id='word_1_181' title='bbox 1842 3494 1896 3557; x_wconf 91' lang='lat' dir='ltr'>est</span> <span class='ocrx_word' id='word_1_182' title='bbox 1927 3507 1997 3580; x_wconf 92' lang='lat' dir='ltr'>po-</span> 
     </span>
     <span class='ocr_line' id='line_1_25' title="bbox 617 3598 1996 3700; baseline -0.004 -22"><span class='ocrx_word' id='word_1_183' title='bbox 617 3614 723 3679; x_wconf 87' lang='lat' dir='ltr'>testas</span> <span class='ocrx_word' id='word_1_184' title='bbox 751 3607 940 3700; x_wconf 87' lang='lat' dir='ltr'>sapientiae</span> <span class='ocrx_word' id='word_1_185' title='bbox 973 3615 1071 3690; x_wconf 88' lang='lat' dir='ltr'>tuae,</span> <span class='ocrx_word' id='word_1_186' title='bbox 1105 3624 1173 3673; x_wconf 88' lang='lat' dir='ltr'>nec</span> <span class='ocrx_word' id='word_1_187' title='bbox 1207 3599 1324 3673; x_wconf 88' lang='lat' dir='ltr'>verbis</span> <span class='ocrx_word' id='word_1_188' title='bbox 1359 3599 1523 3694; x_wconf 85' lang='lat' dir='ltr'>exphcari</span> <span class='ocrx_word' id='word_1_189' title='bbox 1555 3609 1670 3695; x_wconf 92' lang='lat' dir='ltr'>potest</span> <span class='ocrx_word' id='word_1_190' title='bbox 1702 3598 1846 3696; x_wconf 89' lang='lat' dir='ltr'>pelagus</span> <span class='ocrx_word' id='word_1_191' title='bbox 1873 3603 1996 3672; x_wconf 87' lang='lat' dir='ltr'>amoris</span> 
     </span>
     <span class='ocr_line' id='line_1_26' title="bbox 616 3714 1998 3814; baseline -0.004 -23"><span class='ocrx_word' id='word_1_192' title='bbox 616 3723 664 3792; x_wconf 94' lang='lat' dir='ltr'>tui</span> <span class='ocrx_word' id='word_1_193' title='bbox 691 3743 775 3814; x_wconf 89' lang='lat' dir='ltr'>erga</span> <span class='ocrx_word' id='word_1_194' title='bbox 800 3719 963 3793; x_wconf 89' lang='lat' dir='ltr'>homines.</span> <span class='ocrx_word' id='word_1_195' title='bbox 1018 3717 1152 3793; x_wconf 85' lang='lat' dir='ltr'>Creasti</span> <span class='ocrx_word' id='word_1_196' title='bbox 1177 3738 1232 3788; x_wconf 93' lang='lat' dir='ltr'>me</span> <span class='ocrx_word' id='word_1_197' title='bbox 1250 3714 1417 3788; x_wconf 91' lang='lat' dir='ltr'>hominem</span> <span class='ocrx_word' id='word_1_198' title='bbox 1430 3735 1493 3810; x_wconf 90' lang='lat' dir='ltr'>per</span> <span class='ocrx_word' id='word_1_199' title='bbox 1504 3715 1742 3808; x_wconf 86' lang='lat' dir='ltr'>benignitatem</span> <span class='ocrx_word' id='word_1_200' title='bbox 1758 3727 1860 3806; x_wconf 84' lang='lat' dir='ltr'>tuam,</span> <span class='ocrx_word' id='word_1_201' title='bbox 1887 3737 1998 3812; x_wconf 82' lang='lat' dir='ltr'>neqrre</span> 
     </span>
     <span class='ocr_line' id='line_1_27' title="bbox 617 3829 1998 3929; baseline -0.004 -22"><span class='ocrx_word' id='word_1_202' title='bbox 617 3835 793 3929; x_wconf 85' lang='lat' dir='ltr'>indigebas</span> <span class='ocrx_word' id='word_1_203' title='bbox 821 3859 896 3908; x_wconf 91' lang='lat' dir='ltr'>mea</span> <span class='ocrx_word' id='word_1_204' title='bbox 923 3837 1103 3924; x_wconf 85' lang='lat' dir='ltr'>servitute,</span> <span class='ocrx_word' id='word_1_205' title='bbox 1131 3832 1192 3906; x_wconf 92' lang='lat' dir='ltr'>sed</span> <span class='ocrx_word' id='word_1_206' title='bbox 1218 3853 1285 3924; x_wconf 89' lang='lat' dir='ltr'>ego</span> <span class='ocrx_word' id='word_1_207' title='bbox 1312 3829 1504 3922; x_wconf 83' lang='lat' dir='ltr'>indigebam</span> <span class='ocrx_word' id='word_1_208' title='bbox 1519 3830 1742 3904; x_wconf 89' lang='lat' dir='ltr'>dominatione</span> <span class='ocrx_word' id='word_1_209' title='bbox 1756 3840 1833 3903; x_wconf 89' lang='lat' dir='ltr'>tua:</span> <span class='ocrx_word' id='word_1_210' title='bbox 1860 3841 1998 3926; x_wconf 92' lang='lat' dir='ltr'>propter</span> 
     </span>
     <span class='ocr_line' id='line_1_28' title="bbox 617 3945 1999 4042; baseline -0.004 -19"><span class='ocrx_word' id='word_1_211' title='bbox 617 3952 827 4024; x_wconf 88' lang='lat' dir='ltr'>clementiam</span> <span class='ocrx_word' id='word_1_212' title='bbox 853 3962 943 4024; x_wconf 90' lang='lat' dir='ltr'>tuam</span> <span class='ocrx_word' id='word_1_213' title='bbox 970 3971 1138 4042; x_wconf 87' lang='lat' dir='ltr'>magnam,</span> <span class='ocrx_word' id='word_1_214' title='bbox 1165 3948 1275 4020; x_wconf 86' lang='lat' dir='ltr'>iecisti</span> <span class='ocrx_word' id='word_1_215' title='bbox 1307 3969 1363 4019; x_wconf 91' lang='lat' dir='ltr'>me</span> <span class='ocrx_word' id='word_1_216' title='bbox 1393 3969 1467 4018; x_wconf 92' lang='lat' dir='ltr'>cum</span> <span class='ocrx_word' id='word_1_217' title='bbox 1497 3967 1566 4021; x_wconf 93' lang='lat' dir='ltr'>non</span> <span class='ocrx_word' id='word_1_218' title='bbox 1593 3967 1720 4022; x_wconf 87' lang='lat' dir='ltr'>essem:</span> <span class='ocrx_word' id='word_1_219' title='bbox 1754 3949 1893 4021; x_wconf 80' lang='lat' dir='ltr'>erexisti</span> <span class='ocrx_word' id='word_1_220' title='bbox 1921 3945 1999 4018; x_wconf 92' lang='lat' dir='ltr'>mihi</span> 
     </span>
     <span class='ocr_line' id='line_1_29' title="bbox 616 4060 1997 4160; baseline -0.004 -21"><span class='ocrx_word' id='word_1_221' title='bbox 616 4067 732 4142; x_wconf 91' lang='lat' dir='ltr'>coelos</span> <span class='ocrx_word' id='word_1_222' title='bbox 769 4071 804 4139; x_wconf 91' lang='lat' dir='ltr'>in</span> <span class='ocrx_word' id='word_1_223' title='bbox 836 4075 978 4139; x_wconf 85' lang='lat' dir='ltr'>tectum:</span> <span class='ocrx_word' id='word_1_224' title='bbox 1011 4066 1150 4140; x_wconf 86' lang='lat' dir='ltr'>firmasti</span> <span class='ocrx_word' id='word_1_225' title='bbox 1184 4061 1263 4135; x_wconf 92' lang='lat' dir='ltr'>mihi</span> <span class='ocrx_word' id='word_1_226' title='bbox 1298 4073 1422 4136; x_wconf 87' lang='lat' dir='ltr'>terram</span> <span class='ocrx_word' id='word_1_227' title='bbox 1457 4071 1493 4134; x_wconf 93' lang='lat' dir='ltr'>nt</span> <span class='ocrx_word' id='word_1_228' title='bbox 1527 4085 1630 4160; x_wconf 88' lang='lat' dir='ltr'>super</span> <span class='ocrx_word' id='word_1_229' title='bbox 1665 4085 1741 4136; x_wconf 89' lang='lat' dir='ltr'>eam</span> <span class='ocrx_word' id='word_1_230' title='bbox 1776 4060 1997 4135; x_wconf 79' lang='lat' dir='ltr'>ambrdarem:</span> 
     </span>
     <span class='ocr_line' id='line_1_30' title="bbox 616 4179 1997 4282; baseline -0.006 -25"><span class='ocrx_word' id='word_1_231' title='bbox 616 4197 756 4282; x_wconf 90' lang='lat' dir='ltr'>propter</span> <span class='ocrx_word' id='word_1_232' title='bbox 782 4207 837 4257; x_wconf 88' lang='lat' dir='ltr'>mc</span> <span class='ocrx_word' id='word_1_233' title='bbox 865 4182 1058 4259; x_wconf 79' lang='lat' dir='ltr'>conclusisti</span> <span class='ocrx_word' id='word_1_234' title='bbox 1082 4203 1192 4275; x_wconf 89' lang='lat' dir='ltr'>mare,</span> <span class='ocrx_word' id='word_1_235' title='bbox 1218 4189 1357 4277; x_wconf 91' lang='lat' dir='ltr'>propter</span> <span class='ocrx_word' id='word_1_236' title='bbox 1382 4202 1438 4251; x_wconf 90' lang='lat' dir='ltr'>me</span> <span class='ocrx_word' id='word_1_237' title='bbox 1463 4179 1652 4275; x_wconf 86' lang='lat' dir='ltr'>produxisti</span> <span class='ocrx_word' id='word_1_238' title='bbox 1678 4189 1831 4252; x_wconf 89' lang='lat' dir='ltr'>naturam</span> <span class='ocrx_word' id='word_1_239' title='bbox 1864 4181 1997 4250; x_wconf 88' lang='lat' dir='ltr'>anima-</span> 
     </span>
     <span class='ocr_line' id='line_1_31' title="bbox 616 4293 1997 4392; baseline -0.006 -18"><span class='ocrx_word' id='word_1_240' title='bbox 616 4301 711 4390; x_wconf 90' lang='lat' dir='ltr'>lium,</span> <span class='ocrx_word' id='word_1_241' title='bbox 739 4309 774 4373; x_wconf 93' lang='lat' dir='ltr'>et</span> <span class='ocrx_word' id='word_1_242' title='bbox 799 4303 910 4373; x_wconf 91' lang='lat' dir='ltr'>omnia</span> <span class='ocrx_word' id='word_1_243' title='bbox 942 4299 1113 4391; x_wconf 88' lang='lat' dir='ltr'>subjecisti</span> <span class='ocrx_word' id='word_1_244' title='bbox 1148 4295 1210 4371; x_wconf 86' lang='lat' dir='ltr'>sub</span> <span class='ocrx_word' id='word_1_245' title='bbox 1243 4294 1383 4392; x_wconf 89' lang='lat' dir='ltr'>pedibus</span> <span class='ocrx_word' id='word_1_246' title='bbox 1419 4298 1521 4386; x_wconf 89' lang='lat' dir='ltr'>meis,</span> <span class='ocrx_word' id='word_1_247' title='bbox 1553 4317 1618 4367; x_wconf 89' lang='lat' dir='ltr'>nec</span> <span class='ocrx_word' id='word_1_248' title='bbox 1651 4317 1773 4391; x_wconf 88' lang='lat' dir='ltr'>passus</span> <span class='ocrx_word' id='word_1_249' title='bbox 1810 4313 1848 4366; x_wconf 90' lang='lat' dir='ltr'>es</span> <span class='ocrx_word' id='word_1_250' title='bbox 1876 4293 1997 4369; x_wconf 89' lang='lat' dir='ltr'>deesse</span> 
     </span>
     <span class='ocr_line' id='line_1_32' title="bbox 619 4411 1996 4512; baseline -0.006 -23"><span class='ocrx_word' id='word_1_251' title='bbox 619 4418 696 4490; x_wconf 91' lang='lat' dir='ltr'>mihi</span> <span class='ocrx_word' id='word_1_252' title='bbox 724 4417 902 4512; x_wconf 88' lang='lat' dir='ltr'>quidquam</span> <span class='ocrx_word' id='word_1_253' title='bbox 929 4437 976 4486; x_wconf 87' lang='lat' dir='ltr'>ex</span> <span class='ocrx_word' id='word_1_254' title='bbox 1003 4411 1161 4509; x_wconf 90' lang='lat' dir='ltr'>operibus</span> <span class='ocrx_word' id='word_1_255' title='bbox 1187 4412 1455 4505; x_wconf 84' lang='lat' dir='ltr'>magnificentiae</span> <span class='ocrx_word' id='word_1_256' title='bbox 1480 4421 1572 4483; x_wconf 90' lang='lat' dir='ltr'>tuae:</span> <span class='ocrx_word' id='word_1_257' title='bbox 1602 4414 1656 4506; x_wconf 92' lang='lat' dir='ltr'>qui</span> <span class='ocrx_word' id='word_1_258' title='bbox 1682 4433 1737 4482; x_wconf 89' lang='lat' dir='ltr'>me</span> <span class='ocrx_word' id='word_1_259' title='bbox 1756 4412 1901 4499; x_wconf 88' lang='lat' dir='ltr'>creasti,</span> <span class='ocrx_word' id='word_1_260' title='bbox 1927 4431 1996 4505; x_wconf 91' lang='lat' dir='ltr'>po-</span> 
     </span>
     <span class='ocr_line' id='line_1_33' title="bbox 620 4511 1998 4625; baseline -0.006 -19"><span class='ocrx_word' id='word_1_261' title='bbox 620 4535 713 4607; x_wconf 89' lang='lat' dir='ltr'>suisti</span> <span class='ocrx_word' id='word_1_262' title='bbox 740 4553 870 4604; x_wconf 85' lang='lat' dir='ltr'>manum</span> <span class='ocrx_word' id='word_1_263' title='bbox 898 4540 987 4603; x_wconf 90' lang='lat' dir='ltr'>tuam</span> <span class='ocrx_word' id='word_1_264' title='bbox 1015 4517 1116 4625; x_wconf 85' lang='lat' dir='ltr'>snper</span> <span class='ocrx_word' id='word_1_265' title='bbox 1141 4551 1212 4601; x_wconf 89' lang='lat' dir='ltr'>me:</span> <span class='ocrx_word' id='word_1_266' title='bbox 1240 4528 1447 4623; x_wconf 82' lang='lat' dir='ltr'>descripsisti</span> <span class='ocrx_word' id='word_1_267' title='bbox 1472 4529 1506 4598; x_wconf 91' lang='lat' dir='ltr'>in</span> <span class='ocrx_word' id='word_1_268' title='bbox 1532 4549 1587 4598; x_wconf 87' lang='lat' dir='ltr'>me</span> <span class='ocrx_word' id='word_1_269' title='bbox 1605 4511 1793 4618; x_wconf 41' lang='lat' dir='ltr'>&#39;imaginem</span> <span class='ocrx_word' id='word_1_270' title='bbox 1823 4529 1998 4620; x_wconf 90' lang='lat' dir='ltr'>potestatis</span> 
     </span>
     <span class='ocr_line' id='line_1_34' title="bbox 618 4638 1998 4738; baseline -0.007 -18"><span class='ocrx_word' id='word_1_271' title='bbox 618 4659 712 4722; x_wconf 89' lang='lat' dir='ltr'>tuae:</span> <span class='ocrx_word' id='word_1_272' title='bbox 740 4647 857 4722; x_wconf 89' lang='lat' dir='ltr'>dedisti</span> <span class='ocrx_word' id='word_1_273' title='bbox 883 4646 961 4718; x_wconf 88' lang='lat' dir='ltr'>mihi</span> <span class='ocrx_word' id='word_1_274' title='bbox 988 4645 1110 4718; x_wconf 90' lang='lat' dir='ltr'>donum</span> <span class='ocrx_word' id='word_1_275' title='bbox 1135 4647 1292 4718; x_wconf 88' lang='lat' dir='ltr'>rationis:</span> <span class='ocrx_word' id='word_1_276' title='bbox 1321 4645 1481 4738; x_wconf 84' lang='lat' dir='ltr'>aperuisti</span> <span class='ocrx_word' id='word_1_277' title='bbox 1506 4641 1584 4713; x_wconf 90' lang='lat' dir='ltr'>mihi</span> <span class='ocrx_word' id='word_1_278' title='bbox 1610 4640 1801 4736; x_wconf 89' lang='lat' dir='ltr'>paradisum</span> <span class='ocrx_word' id='word_1_279' title='bbox 1836 4638 1998 4736; x_wconf 81' lang='lat' dir='ltr'>volupta-</span> 
     </span>
     <span class='ocr_line' id='line_1_35' title="bbox 618 4753 1996 4853; baseline -0.007 -20"><span class='ocrx_word' id='word_1_280' title='bbox 618 4767 678 4835; x_wconf 90' lang='lat' dir='ltr'>tis:</span> <span class='ocrx_word' id='word_1_281' title='bbox 707 4762 825 4834; x_wconf 89' lang='lat' dir='ltr'>dedisti</span> <span class='ocrx_word' id='word_1_282' title='bbox 852 4761 928 4832; x_wconf 79' lang='lat' dir='ltr'>milti</span> <span class='ocrx_word' id='word_1_283' title='bbox 956 4764 1128 4834; x_wconf 89' lang='lat' dir='ltr'>scientiam</span> <span class='ocrx_word' id='word_1_284' title='bbox 1154 4763 1355 4853; x_wconf 85' lang='lat' dir='ltr'>cognitionis</span> <span class='ocrx_word' id='word_1_285' title='bbox 1383 4769 1478 4833; x_wconf 90' lang='lat' dir='ltr'>tuae:</span> <span class='ocrx_word' id='word_1_286' title='bbox 1504 4755 1726 4830; x_wconf 85' lang='lat' dir='ltr'>manifestasti</span> <span class='ocrx_word' id='word_1_287' title='bbox 1741 4754 1818 4827; x_wconf 92' lang='lat' dir='ltr'>mihi</span> <span class='ocrx_word' id='word_1_288' title='bbox 1841 4753 1996 4827; x_wconf 90' lang='lat' dir='ltr'>arborem</span> 
     </span>
     <span class='ocr_line' id='line_1_36' title="bbox 615 4869 1995 4971; baseline -0.008 -22"><span class='ocrx_word' id='word_1_289' title='bbox 615 4880 723 4949; x_wconf 88' lang='lat' dir='ltr'>vitae:</span> <span class='ocrx_word' id='word_1_290' title='bbox 751 4875 923 4948; x_wconf 89' lang='lat' dir='ltr'>ostendisti</span> <span class='ocrx_word' id='word_1_291' title='bbox 949 4875 1027 4948; x_wconf 90' lang='lat' dir='ltr'>mihi</span> <span class='ocrx_word' id='word_1_292' title='bbox 1054 4881 1182 4971; x_wconf 87' lang='lat' dir='ltr'>spinam</span> <span class='ocrx_word' id='word_1_293' title='bbox 1201 4879 1338 4964; x_wconf 90' lang='lat' dir='ltr'>mortis,</span> <span class='ocrx_word' id='word_1_294' title='bbox 1363 4896 1408 4945; x_wconf 93' lang='lat' dir='ltr'>ne</span> <span class='ocrx_word' id='word_1_295' title='bbox 1422 4895 1522 4946; x_wconf 86' lang='lat' dir='ltr'>exea</span> <span class='ocrx_word' id='word_1_296' title='bbox 1538 4871 1768 4946; x_wconf 88' lang='lat' dir='ltr'>comederem:</span> <span class='ocrx_word' id='word_1_297' title='bbox 1795 4869 1871 4942; x_wconf 91' lang='lat' dir='ltr'>mihi</span> <span class='ocrx_word' id='word_1_298' title='bbox 1885 4873 1995 4940; x_wconf 93' lang='lat' dir='ltr'>inter-</span> 
     </span>
     <span class='ocr_line' id='line_1_37' title="bbox 617 4983 1994 5083; baseline -0.008 -20"><span class='ocrx_word' id='word_1_299' title='bbox 617 4991 752 5081; x_wconf 86' lang='lat' dir='ltr'>dixisti,</span> <span class='ocrx_word' id='word_1_300' title='bbox 784 5013 830 5062; x_wconf 88' lang='lat' dir='ltr'>ex</span> <span class='ocrx_word' id='word_1_301' title='bbox 858 5013 899 5062; x_wconf 89' lang='lat' dir='ltr'>ea</span> <span class='ocrx_word' id='word_1_302' title='bbox 925 4990 999 5064; x_wconf 85' lang='lat' dir='ltr'>sola</span> <span class='ocrx_word' id='word_1_303' title='bbox 1034 5013 1078 5062; x_wconf 93' lang='lat' dir='ltr'>ne</span> <span class='ocrx_word' id='word_1_304' title='bbox 1111 4990 1264 5064; x_wconf 90' lang='lat' dir='ltr'>ederem:</span> <span class='ocrx_word' id='word_1_305' title='bbox 1298 4989 1430 5064; x_wconf 88' lang='lat' dir='ltr'>comedi</span> <span class='ocrx_word' id='word_1_306' title='bbox 1462 4989 1669 5079; x_wconf 82' lang='lat' dir='ltr'>voluntarie3</span> <span class='ocrx_word' id='word_1_307' title='bbox 1703 4996 1824 5083; x_wconf 88' lang='lat' dir='ltr'>sponte</span> <span class='ocrx_word' id='word_1_308' title='bbox 1856 4983 1994 5077; x_wconf 85' lang='lat' dir='ltr'>neglexi</span> 
     </span>
     <span class='ocr_line' id='line_1_38' title="bbox 616 5099 1994 5203; baseline -0.007 -24"><span class='ocrx_word' id='word_1_309' title='bbox 616 5105 804 5179; x_wconf 91' lang='lat' dir='ltr'>mandatum</span> <span class='ocrx_word' id='word_1_310' title='bbox 831 5114 939 5198; x_wconf 75' lang='lat' dir='ltr'>mum,</span> <span class='ocrx_word' id='word_1_311' title='bbox 966 5109 1194 5202; x_wconf 86' lang='lat' dir='ltr'>contemsique</span> <span class='ocrx_word' id='word_1_312' title='bbox 1219 5116 1401 5203; x_wconf 86' lang='lat' dir='ltr'>praecepta</span> <span class='ocrx_word' id='word_1_313' title='bbox 1431 5115 1505 5196; x_wconf 89' lang='lat' dir='ltr'>tua;</span> <span class='ocrx_word' id='word_1_314' title='bbox 1533 5113 1632 5200; x_wconf 86' lang='lat' dir='ltr'>atque</span> <span class='ocrx_word' id='word_1_315' title='bbox 1658 5103 1774 5175; x_wconf 83' lang='lat' dir='ltr'>induxi</span> <span class='ocrx_word' id='word_1_316' title='bbox 1804 5099 1882 5172; x_wconf 93' lang='lat' dir='ltr'>mihi</span> <span class='ocrx_word' id='word_1_317' title='bbox 1908 5121 1994 5175; x_wconf 86' lang='lat' dir='ltr'>sen-</span> 
     </span>
     <span class='ocr_line' id='line_1_39' title="bbox 614 5225 902 5297; baseline 0 -3"><span class='ocrx_word' id='word_1_318' title='bbox 614 5228 750 5295; x_wconf 90' lang='lat' dir='ltr'>tentiam</span> <span class='ocrx_word' id='word_1_319' title='bbox 775 5225 902 5297; x_wconf 88' lang='lat' dir='ltr'>mortis.</span> 
     </span>
    </p>
   </div>
   <div class='ocr_carea' id='block_1_5' title="bbox 0 0 2384 6038">
    <p class='ocr_par' dir='ltr' id='par_1_10' title="bbox 0 0 2384 6038">
     <span class='ocr_line' id='line_1_40' title="bbox 0 0 2384 6038; baseline 0 1"><span class='ocrx_word' id='word_1_320' title='bbox 0 0 2384 6038; x_wconf 95' lang='lat' dir='ltr'> </span> 
     </span>
    </p>
   </div>
  </div>
 </body>
</html>
