4736 6064
605 691 680 766 518
727 689 1030 767 OBSERVATIONES
1046 691 1086 766 IN
1100 686 1283 764 ottollini
1296 687 1521 765 GENEerLEM
1539 689 1569 766 S.
1583 688 1791 766 LITURGIllll
1803 690 1974 768 ΑΕΤΗΙΟΡ.

799 977 806 988 ’
873 990 934 1061 21.
975 989 1168 1074 Commutato
1196 996 1231 1061 et
1255 988 1474 1060 Sacramenta·
1500 989 1704 1061 distributio.

699 1200 865 1277 Drvsnsnu
896 1228 966 1272 csse
997 1208 1181 1290 Aethiopum
1209 1211 1238 1271 in
1269 1208 1453 1274 sacramenti
1482 1209 1691 1272 distributione
1721 1216 1752 1272 et
1776 1211 1973 1290 perceptione

601 1313 799 1393 disciplinam,
823 1311 861 1374 ab
885 1329 1024 1392 eaquae
1053 1313 1083 1373 in
1105 1311 1243 1374 Ecclesia
1265 1311 1473 1374 Alexandrina
1495 1319 1639 1393 usurpata
1662 1319 1727 1390 est,
1756 1331 1795 1374 ne
1825 1313 1975 1394 suspicari

600 1413 720 1493 quidem
743 1411 825 1476 licet.
868 1409 972 1491 ltaque
997 1411 1133 1492 quamvis
1156 1411 1206 1473 illa
1228 1429 1288 1474 non
1317 1409 1487 1490 explicetur
1509 1412 1540 1473 in
1562 1410 1707 1494 liturgia,
1731 1412 1804 1473 satis
1828 1411 1975 1492 intelligi-

599 1519 648 1572 tur
670 1510 780 1575 lactum
803 1527 874 1571 esse
903 1509 999 1585 idem,
1033 1509 1115 1590 quod
1141 1510 1252 1590 ubique
1280 1508 1509 1574 observabatur.
1561 1509 1677 1590 Nempe
1708 1508 1858 1572 Sacerdos
1885 1511 1974 1572 sumit

598 1612 742 1692 majorem
764 1608 843 1670 illam
873 1607 1048 1688 particulam
1078 1593 1272 1687 Σπουδικόν,
1299 1610 1365 1672 sive
1395 1596 1598 1673 Δεσποτικόν
1620 1608 1738 1686 dictam,
1762 1615 1794 1670 et
1816 1627 1857 1671 ex
1879 1607 1973 1670 calice

598 1709 683 1772 bibit.
727 1706 843 1770 Deinde
866 1705 1030 1789 particulas
1053 1706 1180 1787 praebet
1203 1707 1361 1770 Sacerdoti
1392 1708 1584 1786 ministranti,
1615 1715 1645 1770 et
1668 1706 1733 1769 aliis
1758 1706 1972 1770 Sacerdotibus

599 1806 872 1884 circumstantibus,
896 1805 1005 1886 quibus
1029 1807 1118 1868 etiam
1140 1807 1282 1912 praeberi
1298 1807 1434 1885 calicem,
1457 1807 1646 1870 consuetudo
1669 1807 1800 1899 omnium
1815 1806 1975 1869 Ecclesia-

598 1924 664 1967 rum
687 1912 745 1984 est,
769 1913 799 1967 et
822 1903 877 1967 tuit
901 1905 981 1986 apud
1005 1904 1184 1967 Orientales.
1218 1906 1372 1981 Diaconis,
1395 1906 1489 1989 vulgo
1512 1906 1632 1986 paulum
1655 1905 1811 1988 sanguinis
1834 1905 1975 1966 daturin

599 2004 766 2067 cochleari:
789 2003 889 2066 Laicis
913 2011 943 2066 et
967 2003 1044 2082 alim,
1069 2005 1212 2067 intinctae
1236 2005 1266 2066 in
1289 2006 1384 2067 catice
1402 2003 1569 2086 particulae
1593 2012 1623 2066 et
1645 2002 1842 2080 madefactae,
1865 2003 1973 2067 eodem

599 2102 688 2166 modo
711 2104 904 2184 praebentur.
948 2102 1037 2164 lstius
1065 2103 1241 2184 disciplinae
1270 2111 1302 2166 ut
1332 2107 1461 2166 omnium
1486 2122 1563 2184 quae
1587 2103 1623 2165 ad
1645 2100 1882 2165 Alexandrinam
1904 2101 1974 2163 Ec·-

596 2203 723 2274 clesiam
745 2201 926 2284 spectabant
950 2204 1074 2284 ignams
1105 2202 1260 2281 Ludoltus,
1284 2203 1395 2265 nullam
1418 2204 1609 2266 occasionem
1632 2201 1802 2266 inculcandi
1832 2218 1975 2266 commn-

598 2302 718 2362 nionem
741 2301 797 2363 sub
820 2309 948 2381 utraque
972 2303 1076 2381 specie
1104 2302 1325 2382 praetermittit,
1349 2303 1435 2383 quasi
1465 2303 1636 2365 nesciretur
1658 2301 1738 2363 illam
1761 2309 1824 2364 toto
1847 2302 1974 2365 Oriente

597 2398 754 2474 obtinere,
790 2401 878 2461 etiam
910 2400 989 2481 apud
1017 2400 1086 2463 illos
1115 2402 1166 2480 qui
1196 2419 1263 2463 cum
1292 2401 1426 2464 Romana
1454 2401 1593 2464 Ecclesia
1622 2401 1774 2482 conjuncti
1804 2409 1889 2463 snat:
1924 2406 1975 2460 aut

597 2499 766 2560 communio
790 2515 846 2580 per
868 2499 1021 2561 intinctam
1043 2499 1221 2581 particulam
1249 2519 1285 2563 ea
1316 2508 1409 2582 esset,
1434 2517 1521 2581 qnam
1550 2507 1659 2580 urgent
1681 2506 1841 2580 tantopere
1864 2501 1975 2562 Prote-

597 2603 722 2661 stantes.
775 2595 857 2660 llaec
885 2615 980 2678 porro
1004 2618 1022 2661 a
1044 2599 1131 2662 uobis
1162 2599 1232 2664 alibi
1256 2607 1380 2662 tractata
1403 2608 1474 2663 sunt
1495 2607 1526 2662 et
1554 2597 1785 2679 explicabuntur
1814 2596 1974 2679 aliquando

531 2762 535 2770 ,
597 2694 732 2776 uberius,
757 2715 824 2758 cum
839 2713 901 2759 non
913 2698 1009 2780 magis
1033 2698 1263 2780 adAethiopes,
1287 2717 1374 2779 quam
1397 2699 1435 2761 ad
1451 2698 1585 2778 reliquos
1599 2696 1771 2760 Orientales
1795 2699 1974 2778 pertineant.

1143 3739 1429 3815 ERRATA.

705 3944 768 4012 Peg.
786 3940 853 3997 xttt.
872 3941 889 3996 l.
908 3939 956 3994 33:
976 3959 1030 4010 quo,
1049 3943 1107 4012 lege
1126 3943 1199 4012 qnod.
1218 3943 1251 3994 Pa
1272 3940 1386 4002 .xx111,
1405 3937 1451 3992 33;
1470 3942 1567 4006 idoneis,
1586 3941 1645 4010 lege
1662 3941 1764 3994 idoncb.
1790 3939 1853 3993 lbid.
1872 3943 1976 4008 aproni,

604 4012 661 4080 lege
680 4013 797 4080 oppressi.
832 4012 893 4079 rag.
912 4009 1002 4075 xxiv,
1021 4013 1037 4066 l.
1056 4011 1086 4063 9:
1106 4014 1239 4075 tesimonio,
1254 3960 1316 4080 lege
1335 4011 1475 4062 testimonio.
1502 4009 1536 4061 Pa
1557 4050 1564 4063 .
1582 4007 1695 4073 xxvttl
1714 4009 1730 4062 l.
1751 4009 1795 4062 13:
1815 4009 1976 4076 crysosrmm,

604 4082 661 4148 lege
681 4082 860 4147 Chrysostomo.
883 4079 944 4132 ibid.
963 4081 979 4132 l.
996 4079 1031 4134 32
1048 4083 1158 4148 wallum,
1179 4081 1237 4150 lege
1254 4081 1358 4149 quoidam
1389 4078 1423 4129 Pa
1444 4117 1451 4132 .
1471 4028 1557 4130 xxxl.
1576 4079 1593 4132 l.
1611 4077 1658 4132 31:
1676 4079 1820 4142 haeriticus,
1839 4078 1898 4146 lege
1911 4078 1976 4129 bae-

597 4153 699 4203 reticae.
727 4149 788 4217 Peg.
810 4149 909 4211 XXXV,
928 4149 945 4200 l.
966 4150 1011 4200 ll:
1035 4151 1099 4212 illus,
1117 4150 1142 4201 le
1161 4166 1176 4200 e
1192 4151 1266 4202 r'ttiass
1299 4149 1362 4217 Png.
1381 4095 1444 4200 llll.
1464 4147 1480 4198 Ι.
1499 4149 1529 4200 5:
1549 4150 1660 4216 honae,
1680 4146 1704 4198 le
1725 4164 1739 4198 e
1757 4148 1849 4214 &aprum
1875 4146 1940 4198 thid.
1959 4146 1975 4197 l.

598 4221 630 4268 l:
648 4219 778 4288 Aepypta'a,
799 4217 857 4286 lege
875 4219 1008 4287 Aeqyptiis.
1038 4217 1101 4285 rag.
1119 4167 1194 4272 xltt.
1212 4218 1229 4270 l.
1247 4218 1295 4272 38:
1321 4218 1432 4279 maulia,
1456 4216 1515 4286 lege
1537 4219 1664 4270 amella
1718 4231 1759 4266 a.
1783 4215 1869 4270 XLVI.
1893 4217 1911 4268 l.
1928 4215 1976 4267 20:

596 4290 757 4349 actiacam,
776 4287 835 4355 lege
852 4289 1024 4339 vetustissima.
1051 4286 1114 4356 Peg.
1133 4285 1199 4349 Llll,
1218 4287 1236 4338 l.
1254 4287 1304 4339 28:
1322 4287 1419 4348 multos,
1438 4286 1497 4354 lege
1514 4287 1604 4338 miultis.
1634 4286 1696 4354 Pag.
1715 4233 1767 4346 53,
1786 4284 1803 4334 l.
1824 4285 1873 4338 14:
1891 4294 1977 4336 casto-

597 4358 661 4418 dins,
680 4355 738 4423 lege
762 4357 892 4408 custodiat.
927 4355 990 4407 lbid.
1009 4354 1026 4408 l.
1045 4353 1092 4406 35:
1112 4357 1342 4417 demonstrandam,
1360 4356 1419 4424 lege
1437 4356 1662 4408 demmrstrandum.
1699 4353 1762 4422 Peg.
1784 4353 1869 4408 Lvlll.
1893 4354 1910 4405 l.
1929 4352 1997 4408 122.

595 4425 729 4492 reliquant,
747 4425 806 4492 lege
823 4426 973 4492 relinquunt.
991 4421 1055 4477 lbid.
1074 4423 1090 4476 l.
1109 4422 1159 4476 35:
1172 4426 1242 4488 fiere,
1261 4425 1319 4493 lege
1335 4425 1398 4488 fieri.
1423 4422 1484 4492 Pag.
1495 4423 1581 4486 LXIV,
1595 4424 1611 4475 l.
1633 4423 1676 4474 lt:
1696 4421 1801 4486 Graece,
1819 4423 1878 4490 lege
1894 4423 1977 4473 Grae-

596 4511 654 4546 cae.
682 4494 744 4562 Peg.
763 4493 838 4556 LXX,
858 4492 875 4543 1.
897 4493 924 4544 l:
942 4494 1089 4556 minuatim,
1108 4495 1166 4562 lege
1183 4494 1341 4546 multitudini
1369 4491 1582 4560 Pag.nxx11‚t
1604 4493 1648 4544 19:
1665 4494 1733 4554 ritas,
1751 4492 1811 4560 lege
1827 4495 1898 4544 citus.

702 4563 764 4630 Peg.
784 4561 826 4626 7³,
844 4562 862 4616 Ι.
880 4560 927 4613 39:
946 4561 1018 4628 o‘r'rcp,
1036 4562 1094 4630 lege
1112 4561 1183 4630 ἄτερ.
1207 4561 1269 4631 Peg.
1290 4560 1368 4626 77,1.
1390 4561 1434 4612 15:
1454 4561 1660 4626 πληθησώμεθα,
1679 4561 1738 4627 lege
1756 4557 1977 4626 πλησθησῶμεθα.

595 4630 657 4700 Peg.
678 4631 736 4683 106.
756 4631 772 4681 Ι,
791 4631 823 4682 6:
843 4627 923 4696 ὑμῶν,
943 4629 1002 4696 lege
1021 4627 1101 4694 ἡμῶν.
1137 4630 1200 4698 rag.
1220 4630 1280 4694 109,
1300 4631 1316 4684 l.
1334 4629 1381 4682 35:
1407 4631 1521 4698 Spiralru,
1539 4629 1598 4698 lege
1615 4632 1717 4700 Sponsa
1749 4629 1811 4698 Peg.
1832 4627 1891 4690 110,
1911 4628 1927 4679 Ι.
1947 4633 1975 4683 72

595 4718 651 4760 coo,
679 4700 739 4768 lege
762 4719 812 4750 σοι.
848 4700 911 4768 Peg.
938 4698 997 4760 tlt,
1023 4697 1041 4749 l.
1065 4699 1112 4752 21:
1138 4703 1164 4750 in
1186 4701 1387 4768 iaraestipolitem,
1413 4696 1470 4766 lege
1487 4701 1712 4768 ininvestipabilem.
1749 4697 1811 4766 Peg.
1832 4696 1890 4760 118,
1909 4696 1963 4750 ll

595 4764 721 4832 α’νώμους,
741 4770 801 4835 lege
818 4765 950 4834 ἆμώμους.
979 4767 1041 4834 Pag.
1060 4767 1156 4830 235,1.
1177 4768 1222 4822 12:
1240 4769 1377 4830 Provincia
1396 4767 1455 4835 lega
1471 4767 1616 4820 Provincias.
1648 4768 1711 4836 Pag.
1726 4765 1787 4826 325,
1806 4767 1824 4820 l.
1841 4767 1892 4819 24:
1910 4767 1976 4822 eal-2

593 4839 672 4902 poris,
690 4837 749 4904 lege
767 4839 880 4906 sculpulis.
913 4836 976 4904 Pag.
994 4836 1056 4896 326,
1076 4838 1092 4889 l.
1114 4838 1142 4890 l:
1160 4838 1296 4900 Diaconus,
1314 4839 1374 4908 lege
1390 4837 1523 4888 Diaconos.
1560 4835 1622 4906 Pag.
1649 4837 1707 4890 510.
1732 4835 1815 4889 1.39;
1834 4845 1976 4900 eiectam,

594 4903 654 4974 lege
671 4915 698 4956 ut
715 4917 816 4958 celeres.
848 4905 910 4974 Peg.
929 4905 989 4969 512,
1008 4905 1025 4956 l.
1045 4906 1093 4958 lt:
1112 4909 1238 4970 lectorum,
1256 4907 1315 4976 lege
1333 4907 1456 4959 tectorem.

615 4989 687 5050 K?
705 4999 845 5054 Praeterea
864 5019 948 5052 errore
966 5001 1139 5069 tppoprnplaico
1156 5004 1255 5052 recimer-i
1267 5002 1417 5070 popinarum
1443 4999 1597 5054 187-190
1614 4999 1650 5051 bas
1667 5008 1809 5062 occumulat,
1826 5007 1977 5068 quapropter

592 5069 696 5119 remundi
712 5071 831 5121 asterisco
849 5068 941 5134 (um,
960 5069 1037 5132 2188,
1056 5071 1134 5134 aab,
1152 5068 1235 5133 ,tum
1253 5074 1344 5140 sipnati
1359 5080 1422 5121 ment.
