4686 6060
636 565 713 640 364
1014 564 1618 642 DEPATRIARCHA

634 750 844 839 assumendi,
872 773 958 845 quoe
985 749 1092 824 adbuc
1118 761 1291 837 servatur,
1318 750 1493 824 Monocbis
1520 755 1769 848 permitteretur
1800 776 1877 826 eum
1913 755 2010 828 desi-

633 889 757 960 gnare,
786 889 883 961 quem
911 867 1097 957 digniorem
1124 869 1363 940 existimarent.
1418 867 1549 962 Quippe
1583 889 1650 940 non
1676 868 1784 942 solum
1812 891 2011 965 congrega-

632 986 713 1055 tioni
739 981 977 1055 Monachorum
1005 980 1262 1071 celeberrimae,
1290 994 1323 1054 et
1349 1005 1436 1076 quae
1462 983 1550 1078 apud
1574 983 1745 1057 Jac'obitus
1771 1007 1896 1077 magna
1924 1009 2009 1058 san-

632 1102 753 1172 ctitatis
781 1109 815 1169 et
848 1097 1020 1171 doctrinae
1055 1101 1212 1192 opinione
1246 1097 1403 1186 florebat,
1435 1098 1467 1169 id
1501 1099 1677 1193 aliquando
1713 1099 1869 1172 tributum
1905 1101 2010 1174 luisse

630 1215 801 1303 videmus,
827 1213 889 1286 sed
916 1216 1014 1285 etiam
1041 1213 1216 1286 Monachis
1244 1236 1382 1307 quornm
1410 1213 1500 1285 sama
1526 1219 1638 1306 major
1664 1225 1775 1305 esset,
1803 1227 1859 1287 aut
1885 1221 1941 1311 qui
1968 1216 2010 1288 ad

630 1331 715 1403 hanc
742 1329 934 1422 dignitatem
961 1333 1126 1401 communi
1154 1350 1321 1402 consensu
1348 1331 1505 1422 expetiti,
1533 1353 1609 1401 eam
1636 1341 1816 1425 acceptare
1834 1331 2009 1404 detrecta-

629 1448 723 1535 bant,
748 1467 944 1517 concessum
971 1443 1048 1532 suit,
1074 1457 1110 1517 ut
1137 1467 1234 1538 quem
1260 1443 1398 1533 vellent,
1425 1443 1651 1536 designarent.
1687 1446 1736 1517 lta
1764 1469 1810 1517 ex
1836 1450 1927 1518 senis
1954 1451 2009 1542 qui

630 1566 808 1640 sanctitate
839 1559 1145 1649 commendabatur,
1173 1570 1206 1631 et
1230 1582 1328 1655 quiem
1354 1557 1444 1630 multi
1469 1563 1737 1650 nominaverant,
1765 1561 2008 1653 designatione,

632 1680 758 1751 electus
785 1687 838 1752 est
864 1676 1005 1747 bleunas
1032 1674 1224 1747 Patriarcha
1256 1675 1358 1746 LXII.
1392 1685 1426 1745 et
1460 1674 1598 1748 Gabriel
1629 1677 1714 1750 filius
1748 1676 1871 1748 'l'aricb
1901 1677 2008 1750 Lxx

630 1797 755 1866 monitu
789 1791 928 1886 losephi
964 1791 1135 1884 cujusdam
1169 1791 1249 1886 Syri
1285 1789 1459 1864 lllonacbi:
1494 1814 1558 1863 nec
1588 1815 1657 1864 non
1692 1793 1748 1864 alii
1787 1797 1822 1864 in
1855 1793 2007 1866 eumdem

629 1911 773 1982 mudum.
826 1906 952 1994 Aliter,
987 1919 1143 2000 quantum
1176 1929 1222 1977 ex
1256 1905 1404 1980 Historia
1438 1905 1672 1980 Alexandrina
1708 1908 1871 2000 colligere
1905 1908 2008 1998 licuit,

628 2025 786 2099 lllonachi
813 2023 876 2097 soli
904 2023 945 2094 ad
973 2022 1161 2114 eligendum
1188 2021 1413 2094 Patriarcbam
1440 2045 1606 2118 nunquam
1622 2028 1679 2116 jus
1698 2023 1892 2097 babuerunt.
1924 2024 2008 2096 Post

627 2151 769 2214 mortem
786 2140 925 2212 loannis
943 2137 999 2210 filii
1016 2136 1196 2230 Abugaleb
1215 2137 1367 2209 LXXIV.
1388 2161 1474 2234 quae
1493 2138 1605 2211 incidit
1627 2142 1660 2210 in
1680 2161 1800 2211 annum
1820 2139 2006 2234 Martyrum

626 2254 920 2330 dccccxxxii.
954 2253 1061 2359 ,1.(1.
1096 2251 1282 2325 lllCCXVI.
1322 2277 1396 2326 cum
1435 2257 1555 2326 mutuis
1590 2255 1760 2328 calumniis
1796 2254 2007 2350 dissidiisque

627 2385 694 2445 tam
719 2371 1034 2444 Ecclesiasticorum
1065 2392 1164 2463 quam
1194 2368 1390 2457 Laicorum,
1431 2368 1622 2465 ambituque
1655 2371 1796 2444 Davidis
1834 2371 2006 2464 cujusdam

628 2487 832 2576 sacerdotis,
866 2491 922 2581 qui
957 2484 1089 2556 tandem
1124 2485 1383 2557 Patriarchatum
1420 2485 1577 2573 obtinuit,
1613 2499 1774 2560 vacasset
1808 2487 1908 2560 sedes
1943 2509 2006 2582 per

627 2627 734 2678 annos
761 2625 869 2697 prope
897 2603 1032 2693 viginti,
1059 2622 1183 2673 eversa
1209 2599 1460 2695 est'disciplina
1487 2612 1615 2692 vetus,
1634 2623 1745 2697 neque
1767 2605 1841 2695 Jom
1867 2602 1909 2674 ab
1936 2602 2005 2673 ali-

627 2731 708 2816 quot
734 2717 895 2806 saeculis,
924 2717 988 2788 alia
1016 2715 1161 2808 eligendi
1187 2717 1402 2788 Patriarchae
1427 2721 1514 2788 ratio
1548 2725 1600 2790 est
1633 2739 1732 2811 quam
1768 2716 1847 2789 abbi
1879 2721 2006 2814 passim

625 2840 661 2908 in
687 2847 757 2910 toto
784 2835 928 2931 Imperio
955 2832 1113 2920 Turcico,
1139 2854 1271 2926 nempe,
1298 2843 1334 2904 ut
1359 2836 1387 2904 is
1415 2832 1585 2904 ordinetur
1612 2836 1666 2928 qui
1692 2833 1848 2929 Diploma
1869 2836 2005 2906 Princi-

626 2961 680 3054 pis
708 2953 846 3045 obtinet,
875 2952 965 3047 quod
990 2952 1131 3047 pecunia
1158 2948 1337 3020 redimitur.
1363 2947 1489 3020 Verum
1512 2959 1549 3020 ut
1568 2948 1610 3019 ad
1630 2951 1813 3044 antiquiora
1841 2961 2004 3044 tempora,

628 3095 767 3168 quorum
789 3071 926 3168 proprie
949 3067 1119 3139 historiam
1141 3063 1316 3138 scribimus
1336 3076 1554 3151 revertamur,
1578 3085 1772 3159 enprorsus
1796 3065 2003 3139 consuetudo

628 3189 689 3260 luit
713 3197 748 3259 ut
774 3188 895 3259 electio
922 3183 1031 3256 libera
1065 3190 1278 3271 servaretur,
1311 3189 1346 3252 et
1377 3183 1410 3250 in
1444 3203 1485 3252 ea
1518 3179 1615 3276 plebs
1647 3180 1840 3272 suffragium
1865 3179 1977 3252 ferret

338 3317 407 3388 uper
434 3316 561 3387 quodnam
588 3319 614 3370 m
731 3301 887 3376 XXXIII.
920 3299 964 3371 Et
998 3297 1130 3393 quidem
1164 3299 1357 3392 antiquitus,
1393 3317 1461 3368 non
1486 3296 1632 3368 alterius
1664 3305 1700 3366 ut
1735 3295 1884 3385 videtur,
1916 3299 2003 3372 ratio

303 3498 369 3544 rent.

305 3403 432 3457 ⁰¹⁰⁰l⁰¹¹⁰
462 3405 505 3471 5⁰⁸
531 3403 612 3457 ''ll‘'
627 3419 737 3519 plebis
764 3417 880 3491 baberi
907 3412 1049 3501 solebat,
1077 3435 1175 3508 quam
1201 3411 1469 3485 Alexandrinae:
1497 3410 1596 3506 idque
1622 3415 1788 3484 communi
1817 3412 1893 3502 jure
1927 3414 2003 3506 pri-

626 3535 787 3628 vilegium
813 3532 1021 3606 fundabatur.
1049 3527 1134 3602 Cum
1160 3530 1248 3600 enim
1272 3527 1450 3600 Ecclesiae
1462 3526 1714 3599 Alexandrinae
1740 3530 1896 3622 proprius
1913 3523 2002 3620 Epi-

626 3675 750 3747 scopus
777 3659 879 3738 esset,
907 3651 936 3720 is
964 3649 1019 3743 qui
1046 3667 1092 3716 ex
1118 3642 1272 3737 adjuncta
1299 3642 1371 3714 sedi
1398 3664 1480 3714 suae
1505 3644 1762 3738 praerogativa,
1790 3643 2001 3738 amplissimis

625 3769 776 3863 Aegqpti
804 3764 1009 3856 aliarumque
1039 3761 1288 3857 provinciarum
1320 3756 1544 3831 Dioecesibus
1579 3757 1812 3853 praesidebat,
1847 3757 2002 3828 Patriar-

626 3882 712 3954 cbali
738 3879 843 3969 titulo,
871 3875 1016 3951 debebat
1041 3873 1084 3947 ab
1111 3877 1194 3969 ipsis
1221 3873 1310 3966 eligi,
1339 3897 1478 3969 quorum
1504 3876 1660 3970 proprius
1676 3884 1709 3945 et
1722 3877 1872 3969 privatus
1885 3883 2002 3968 pastor

624 3996 753 4069 futurus
781 4004 863 4067 erat.
915 3995 1031 4086 Itaque
1066 3999 1143 4062 ante
1176 3988 1494 4062 Mubamedonorum
1526 3988 1747 4086 tyrannidem,
1773 3987 2001 4062 Alexandriae

627 4114 810 4184 convenire
837 4108 992 4183 solebant
1017 4117 1084 4178 tum
1110 4105 1282 4202 Episcopi,
1309 4116 1376 4177 tum
1403 4105 1459 4184 alii
1486 4105 1529 4177 ad
1556 4125 1641 4200 quos
1669 4105 1799 4189 electio,
1827 4103 1886 4176 vel
1911 4126 2001 4175 con-

627 4231 771 4302 secratio
799 4229 881 4299 novi
907 4225 1074 4299 Antistitis
1101 4221 1284 4316 spectabat.
1310 4220 1367 4292 Ex
1394 4244 1460 4317 quo
1487 4220 1609 4310 Misra,
1643 4225 1719 4294 sive
1746 4217 1867 4294 Cabiro
1903 4227 2002 4313 caput

625 4345 747 4437 Regni,
775 4345 1027 4438 principumque
1054 4336 1153 4411 sedes
1180 4335 1257 4426 luit,
1286 4359 1360 4409 cum
1386 4337 1566 4409 Laicorum
1593 4339 1758 4432 primarii,
1794 4355 1879 4431 quos
1912 4356 2000 4408 voce

627 4459 759 4535 Graeca
776 4456 978 4557 ’Ἄρχοντες
1002 4463 1139 4542 vocant,
1167 4451 1307 4548 Coptice
1334 4459 1518 4552 Νιαρχων,
1545 4455 1579 4524 in
1606 4475 1647 4524 ea
1673 4451 1756 4525 urbe
1791 4450 1906 4524 sedern
1932 4450 2000 4522 ha-

625 4575 755 4667 berent,
782 4574 952 4670 (plerique
978 4573 1066 4643 enim
1095 4579 1190 4641 erant
1215 4573 1249 4640 in
1263 4572 1445 4666 principum
1462 4568 1674 4662 ministeria)
1701 4588 1884 4662 eorumque
1910 4589 1999 4638 con-

626 4713 746 4764 sensus
772 4691 983 4762 necessan'us
1009 4685 1116 4775 foret,
1151 4707 1195 4757 ne
1222 4685 1365 4758 diversis
1398 4687 1538 4781 portium
1573 4683 1689 4757 studiis
1722 4681 1917 4774 schismata,
1952 4704 1999 4753 ex

627 4805 747 4902 duplici
774 4806 938 4878 electione
963 4809 1191 4892 nascerentur,
1218 4803 1398 4874 institutum
1422 4799 1528 4873 fuisse
1562 4798 1714 4890 videtur,
1746 4809 1783 4872 ut
1813 4807 1998 4871 conventus

627 4931 693 4993 tum
719 4920 976 5018 Episcopomm,
1002 4928 1069 4989 tum
1096 4917 1275 4990 Laiconrm
1301 4916 1428 4990 Misrae
1455 4915 1645 5007 baberetur,
1673 4918 1728 5012 qui
1745 4914 1821 4987 olim
1838 4912 1998 4988 Aleum-

627 5036 720 5108 driae
745 5033 855 5109 fiebat.
881 5030 1078 5110 Accedebat
1104 5035 1189 5104 enim
1216 5031 1281 5105 alia
1307 5056 1376 5108 non
1410 5035 1547 5106 minoris
1585 5033 1741 5104 momenti
1775 5033 1883 5121 ratio,
1909 5027 1998 5124 quod
