<?xml version="1.0" encoding="UTF-8"?>
<!DOCTYPE html PUBLIC "-//W3C//DTD XHTML 1.0 Transitional//EN"
    "http://www.w3.org/TR/xhtml1/DTD/xhtml1-transitional.dtd">
<html xmlns="http://www.w3.org/1999/xhtml" xml:lang="en" lang="en">
 <head>
  <title>
</title>
<meta http-equiv="Content-Type" content="text/html;charset=utf-8" />
  <meta name='ocr-system' content='tesseract 3.04.00' />
  <meta name='ocr-capabilities' content='ocr_page ocr_carea ocr_par ocr_line ocrx_word'/>
</head>
<body>
  <div class='ocr_page' id='page_1' title='image "./liturgiarumorie03renagoog_0079.png"; bbox 0 0 4778 6034; ppageno 0'>
   <div class='ocr_carea' id='block_1_1' title="bbox 601 495 1466 586">
    <p class='ocr_par' dir='ltr' id='par_1_1' title="bbox 601 495 1466 586">
     <span class='ocr_line' id='line_1_1' title="bbox 601 495 1466 586; baseline 0.02 -17"><span class='ocrx_word' id='word_1_1' title='bbox 601 495 696 570; x_wconf 86' lang='lat' dir='ltr'>XLII</span> <span class='ocrx_word' id='word_1_2' title='bbox 1089 505 1466 586; x_wconf 84' lang='lat' dir='ltr'><strong>DISSllRTATIO</strong></span> 
     </span>
    </p>
   </div>
   <div class='ocr_carea' id='block_1_2' title="bbox 273 685 1974 4129">
    <p class='ocr_par' dir='ltr' id='par_1_2' title="bbox 273 685 1974 4129">
     <span class='ocr_line' id='line_1_2' title="bbox 600 685 1974 799; baseline 0.015 -43"><span class='ocrx_word' id='word_1_3' title='bbox 600 685 701 758; x_wconf 90' lang='lat' dir='ltr'><strong>talem</strong></span> <span class='ocrx_word' id='word_1_4' title='bbox 734 699 769 760; x_wconf 90' lang='lat' dir='ltr'><strong>et</strong></span> <span class='ocrx_word' id='word_1_5' title='bbox 804 687 1051 762; x_wconf 85' lang='lat' dir='ltr'><strong>Occidentalem</strong></span> <span class='ocrx_word' id='word_1_6' title='bbox 1082 689 1288 785; x_wconf 79' lang='lat' dir='ltr'><strong>disciplinam</strong></span> <span class='ocrx_word' id='word_1_7' title='bbox 1320 690 1384 764; x_wconf 91' lang='lat' dir='ltr'><strong>hac</strong></span> <span class='ocrx_word' id='word_1_8' title='bbox 1417 698 1451 765; x_wconf 92' lang='lat' dir='ltr'><strong>iu</strong></span> <span class='ocrx_word' id='word_1_9' title='bbox 1476 705 1573 790; x_wconf 88' lang='lat' dir='ltr'><strong>parte</strong></span> <span class='ocrx_word' id='word_1_10' title='bbox 1600 697 1797 792; x_wconf 88' lang='lat' dir='ltr'><strong>diversitas,</strong></span> <span class='ocrx_word' id='word_1_11' title='bbox 1824 711 1861 774; x_wconf 91' lang='lat' dir='ltr'><strong>ut</strong></span> <span class='ocrx_word' id='word_1_12' title='bbox 1886 726 1974 799; x_wconf 92' lang='lat' dir='ltr'><strong>per-</strong></span> 
     </span>
     <span class='ocr_line' id='line_1_3' title="bbox 600 804 1050 896; baseline 0.004 -22"><span class='ocrx_word' id='word_1_13' title='bbox 600 804 715 896; x_wconf 86' lang='lat' dir='ltr'><strong>spicue</strong></span> <span class='ocrx_word' id='word_1_14' title='bbox 743 804 1050 879; x_wconf 80' lang='lat' dir='ltr'><strong>demonstrabimus.</strong></span> 
     </span>
     <span class='ocr_line' id='line_1_4' title="bbox 295 915 1973 1026; baseline 0.011 -38"><span class='ocrx_word' id='word_1_15' title='bbox 295 915 586 974; x_wconf 63' lang='lat' dir='ltr'><strong>N⁸u⁰¹¹¹¹¹⁶⁸i¹¹³0¹iu</strong></span> <span class='ocrx_word' id='word_1_16' title='bbox 703 917 835 992; x_wconf 83' lang='lat' dir='ltr'>Graece</span> <span class='ocrx_word' id='word_1_17' title='bbox 867 923 1006 1012; x_wconf 90' lang='lat' dir='ltr'><strong>Graeci,</strong></span> <span class='ocrx_word' id='word_1_18' title='bbox 1032 921 1176 1018; x_wconf 73' lang='lat' dir='ltr'><strong>Syriaco</strong></span> <span class='ocrx_word' id='word_1_19' title='bbox 1202 920 1283 1017; x_wconf 73' lang='lat' dir='ltr'><strong>Syri</strong></span> <span class='ocrx_word' id='word_1_20' title='bbox 1308 923 1478 1017; x_wconf 74' lang='lat' dir='ltr'><strong>liturgias</strong></span> <span class='ocrx_word' id='word_1_21' title='bbox 1510 925 1682 999; x_wconf 90' lang='lat' dir='ltr'><strong>celebrant</strong></span> <span class='ocrx_word' id='word_1_22' title='bbox 1717 934 1913 1026; x_wconf 86' lang='lat' dir='ltr'><strong>antiquitus:</strong></span> <span class='ocrx_word' id='word_1_23' title='bbox 1939 933 1973 1006; x_wconf 93' lang='lat' dir='ltr'><strong>id</strong></span> 
     </span>
     <span class='ocr_line' id='line_1_5' title="bbox 273 1003 1970 1144; baseline 0.009 -41"><span class='ocrx_word' id='word_1_24' title='bbox 273 1003 585 1144; x_wconf 48' lang='grc' dir='ltr'><strong>ξξὲἒζὲᾚιψω</strong></span> <span class='ocrx_word' id='word_1_25' title='bbox 598 1053 696 1106; x_wconf 90' lang='lat' dir='ltr'><strong>nemo</strong></span> <span class='ocrx_word' id='word_1_26' title='bbox 724 1035 896 1128; x_wconf 86' lang='lat' dir='ltr'><strong>inficiatur,</strong></span> <span class='ocrx_word' id='word_1_27' title='bbox 922 1039 986 1108; x_wconf 90' lang='lat' dir='ltr'><strong>nisi</strong></span> <span class='ocrx_word' id='word_1_28' title='bbox 1013 1036 1059 1110; x_wconf 91' lang='lat' dir='ltr'><strong>illi</strong></span> <span class='ocrx_word' id='word_1_29' title='bbox 1084 1037 1172 1109; x_wconf 80' lang='lat' dir='ltr'><strong>forte</strong></span> <span class='ocrx_word' id='word_1_30' title='bbox 1200 1040 1255 1132; x_wconf 88' lang='lat' dir='ltr'><strong>qui</strong></span> <span class='ocrx_word' id='word_1_31' title='bbox 1282 1035 1405 1110; x_wconf 91' lang='lat' dir='ltr'><strong>ballum</strong></span> <span class='ocrx_word' id='word_1_32' title='bbox 1432 1039 1511 1111; x_wconf 93' lang='lat' dir='ltr'><strong>illud</strong></span> <span class='ocrx_word' id='word_1_33' title='bbox 1537 1040 1579 1113; x_wconf 92' lang='lat' dir='ltr'><strong>de</strong></span> <span class='ocrx_word' id='word_1_34' title='bbox 1602 1045 1711 1114; x_wconf 90' lang='lat' dir='ltr'><strong>crucis</strong></span> <span class='ocrx_word' id='word_1_35' title='bbox 1738 1043 1833 1117; x_wconf 90' lang='lat' dir='ltr'><strong>titulo</strong></span> <span class='ocrx_word' id='word_1_36' title='bbox 1862 1068 1970 1138; x_wconf 85' lang='lat' dir='ltr'><strong>argu-</strong></span> 
     </span>
     <span class='ocr_line' id='line_1_6' title="bbox 485 1132 1970 1251; baseline 0.01 -33"><span class='ocrx_word' id='word_1_37' title='bbox 485 1132 491 1144; x_wconf 77' lang='grc'><strong>’</strong></span> <span class='ocrx_word' id='word_1_38' title='bbox 583 1158 754 1249; x_wconf 29' lang='grc' dir='ltr'><strong>,ιηεειυιηΙ</strong></span> <span class='ocrx_word' id='word_1_39' title='bbox 770 1151 980 1224; x_wconf 83' lang='lat' dir='ltr'><strong>admirantur.</strong></span> <span class='ocrx_word' id='word_1_40' title='bbox 1011 1152 1066 1224; x_wconf 86' lang='lat' dir='ltr'><strong>-Ar</strong></span> <span class='ocrx_word' id='word_1_41' title='bbox 1099 1152 1187 1247; x_wconf 87' lang='lat' dir='ltr'><strong>quod</strong></span> <span class='ocrx_word' id='word_1_42' title='bbox 1222 1153 1298 1225; x_wconf 90' lang='lat' dir='ltr'><strong>inde</strong></span> <span class='ocrx_word' id='word_1_43' title='bbox 1324 1151 1483 1227; x_wconf 87' lang='lat' dir='ltr'><strong>Usserius</strong></span> <span class='ocrx_word' id='word_1_44' title='bbox 1511 1165 1545 1226; x_wconf 90' lang='grc' dir='ltr'><strong>ει</strong></span> <span class='ocrx_word' id='word_1_45' title='bbox 1571 1156 1627 1227; x_wconf 89' lang='lat' dir='ltr'><strong>alii</strong></span> <span class='ocrx_word' id='word_1_46' title='bbox 1654 1157 1844 1251; x_wconf 86' lang='lat' dir='ltr'><strong>collegere,</strong></span> <span class='ocrx_word' id='word_1_47' title='bbox 1872 1182 1970 1233; x_wconf 87' lang='lat' dir='ltr'><strong>sacra</strong></span> 
     </span>
     <span class='ocr_line' id='line_1_7' title="bbox 598 1263 1969 1368; baseline 0.008 -32"><span class='ocrx_word' id='word_1_48' title='bbox 598 1287 714 1337; x_wconf 86' lang='lat' dir='ltr'><strong>comm</strong></span> <span class='ocrx_word' id='word_1_49' title='bbox 750 1263 1011 1340; x_wconf 80' lang='lat' dir='ltr'><strong>Christianomm</strong></span> <span class='ocrx_word' id='word_1_50' title='bbox 1045 1287 1129 1362; x_wconf 89' lang='lat' dir='ltr'><strong>quos</strong></span> <span class='ocrx_word' id='word_1_51' title='bbox 1165 1277 1375 1359; x_wconf 90' lang='lat' dir='ltr'><strong>enumerant,</strong></span> <span class='ocrx_word' id='word_1_52' title='bbox 1418 1269 1587 1364; x_wconf 88' lang='lat' dir='ltr'><strong>exemplo,</strong></span> <span class='ocrx_word' id='word_1_53' title='bbox 1627 1271 1780 1368; x_wconf 91' lang='lat' dir='ltr'><strong>populari</strong></span> <span class='ocrx_word' id='word_1_54' title='bbox 1813 1295 1969 1347; x_wconf 89' lang='lat' dir='ltr'><strong>sermone</strong></span> 
     </span>
     <span class='ocr_line' id='line_1_8' title="bbox 596 1380 1969 1479; baseline 0.007 -28"><span class='ocrx_word' id='word_1_55' title='bbox 596 1380 797 1454; x_wconf 87' lang='lat' dir='ltr'><strong>celebranda</strong></span> <span class='ocrx_word' id='word_1_56' title='bbox 825 1405 913 1474; x_wconf 87' lang='lat' dir='ltr'><strong>esse,</strong></span> <span class='ocrx_word' id='word_1_57' title='bbox 941 1383 1153 1456; x_wconf 83' lang='lat' dir='ltr'><strong>falsissimum</strong></span> <span class='ocrx_word' id='word_1_58' title='bbox 1180 1392 1240 1456; x_wconf 89' lang='lat' dir='ltr'><strong>cst.</strong></span> <span class='ocrx_word' id='word_1_59' title='bbox 1295 1383 1425 1479; x_wconf 79' lang='lat' dir='ltr'><strong>Quippe</strong></span> <span class='ocrx_word' id='word_1_60' title='bbox 1452 1384 1532 1479; x_wconf 77' lang='lat' dir='ltr'><strong>Syri</strong></span> <span class='ocrx_word' id='word_1_61' title='bbox 1559 1383 1767 1478; x_wconf 77' lang='lat' dir='ltr'><strong>orthodoxi,</strong></span> <span class='ocrx_word' id='word_1_62' title='bbox 1793 1388 1969 1462; x_wconf 89' lang='lat' dir='ltr'><strong>lacobitae</strong></span> 
     </span>
     <span class='ocr_line' id='line_1_9' title="bbox 595 1495 1968 1608; baseline 0.009 -43"><span class='ocrx_word' id='word_1_63' title='bbox 595 1503 629 1566; x_wconf 92' lang='lat' dir='ltr'><strong>et</strong></span> <span class='ocrx_word' id='word_1_64' title='bbox 654 1495 846 1570; x_wconf 84' lang='lat' dir='ltr'><strong>Nestorium</strong></span> <span class='ocrx_word' id='word_1_65' title='bbox 873 1499 1050 1595; x_wconf 64' lang='lat' dir='ltr'><strong>Syriacam</strong></span> <span class='ocrx_word' id='word_1_66' title='bbox 1076 1499 1240 1590; x_wconf 78' lang='lat' dir='ltr'><strong>linguam,</strong></span> <span class='ocrx_word' id='word_1_67' title='bbox 1268 1500 1363 1608; x_wconf 76' lang='lat' dir='ltr'><strong>cujas</strong></span> <span class='ocrx_word' id='word_1_68' title='bbox 1390 1497 1432 1570; x_wconf 88' lang='lat' dir='ltr'><strong>ab</strong></span> <span class='ocrx_word' id='word_1_69' title='bbox 1452 1498 1578 1593; x_wconf 86' lang='lat' dir='ltr'><strong>aliquot</strong></span> <span class='ocrx_word' id='word_1_70' title='bbox 1609 1501 1752 1574; x_wconf 90' lang='lat' dir='ltr'><strong>saeculis</strong></span> <span class='ocrx_word' id='word_1_71' title='bbox 1778 1525 1858 1576; x_wconf 89' lang='lat' dir='ltr'><strong>usus</strong></span> <span class='ocrx_word' id='word_1_72' title='bbox 1885 1503 1968 1577; x_wconf 88' lang='lat' dir='ltr'><strong>vul-</strong></span> 
     </span>
     <span class='ocr_line' id='line_1_10' title="bbox 593 1612 1969 1709; baseline 0.008 -29"><span class='ocrx_word' id='word_1_73' title='bbox 593 1615 686 1702; x_wconf 90' lang='lat' dir='ltr'><strong>garis</strong></span> <span class='ocrx_word' id='word_1_74' title='bbox 713 1615 821 1687; x_wconf 90' lang='lat' dir='ltr'><strong>nullus</strong></span> <span class='ocrx_word' id='word_1_75' title='bbox 849 1625 913 1706; x_wconf 92' lang='lat' dir='ltr'><strong>est,</strong></span> <span class='ocrx_word' id='word_1_76' title='bbox 953 1633 1020 1686; x_wconf 89' lang='lat' dir='ltr'><strong>non</strong></span> <span class='ocrx_word' id='word_1_77' title='bbox 1046 1618 1155 1707; x_wconf 87' lang='lat' dir='ltr'><strong>magis</strong></span> <span class='ocrx_word' id='word_1_78' title='bbox 1181 1612 1384 1705; x_wconf 89' lang='lat' dir='ltr'><strong>intelligunt,</strong></span> <span class='ocrx_word' id='word_1_79' title='bbox 1412 1636 1509 1709; x_wconf 92' lang='lat' dir='ltr'><strong>quam</strong></span> <span class='ocrx_word' id='word_1_80' title='bbox 1536 1614 1632 1709; x_wconf 88' lang='lat' dir='ltr'><strong>plebs</strong></span> <span class='ocrx_word' id='word_1_81' title='bbox 1659 1619 1828 1689; x_wconf 90' lang='lat' dir='ltr'><strong>rusticana</strong></span> <span class='ocrx_word' id='word_1_82' title='bbox 1853 1629 1969 1692; x_wconf 90' lang='lat' dir='ltr'><strong>nostra</strong></span> 
     </span>
     <span class='ocr_line' id='line_1_11' title="bbox 592 1725 1967 1824; baseline 0.005 -26"><span class='ocrx_word' id='word_1_83' title='bbox 592 1725 754 1801; x_wconf 87' lang='lat' dir='ltr'><strong>Latinam.</strong></span> <span class='ocrx_word' id='word_1_84' title='bbox 796 1731 987 1803; x_wconf 90' lang='lat' dir='ltr'><strong>Nestoriani</strong></span> <span class='ocrx_word' id='word_1_85' title='bbox 1014 1731 1187 1824; x_wconf 77' lang='lat' dir='ltr'><strong>singulari,</strong></span> <span class='ocrx_word' id='word_1_86' title='bbox 1215 1737 1248 1800; x_wconf 88' lang='lat' dir='ltr'><strong>et</strong></span> <span class='ocrx_word' id='word_1_87' title='bbox 1274 1732 1389 1820; x_wconf 91' lang='lat' dir='ltr'><strong>ignota</strong></span> <span class='ocrx_word' id='word_1_88' title='bbox 1416 1728 1553 1822; x_wconf 83' lang='lat' dir='ltr'><strong>reliquis</strong></span> <span class='ocrx_word' id='word_1_89' title='bbox 1581 1729 1778 1803; x_wconf 86' lang='lat' dir='ltr'><strong>Christianis</strong></span> <span class='ocrx_word' id='word_1_90' title='bbox 1806 1732 1967 1805; x_wconf 85' lang='lat' dir='ltr'><strong>Orienta-</strong></span> 
     </span>
     <span class='ocr_line' id='line_1_12' title="bbox 590 1840 1967 1944; baseline 0.004 -31"><span class='ocrx_word' id='word_1_91' title='bbox 590 1841 677 1916; x_wconf 91' lang='lat' dir='ltr'><strong>libus</strong></span> <span class='ocrx_word' id='word_1_92' title='bbox 705 1845 963 1936; x_wconf 82' lang='lat' dir='ltr'><strong>consuetudine,</strong></span> <span class='ocrx_word' id='word_1_93' title='bbox 992 1840 1038 1917; x_wconf 84' lang='lat' dir='ltr'><strong>cx</strong></span> <span class='ocrx_word' id='word_1_94' title='bbox 1065 1867 1131 1940; x_wconf 89' lang='lat' dir='ltr'><strong>quo</strong></span> <span class='ocrx_word' id='word_1_95' title='bbox 1157 1847 1192 1915; x_wconf 90' lang='lat' dir='ltr'><strong>in</strong></span> <span class='ocrx_word' id='word_1_96' title='bbox 1217 1843 1460 1940; x_wconf 87' lang='lat' dir='ltr'><strong>Mesopotamia</strong></span> <span class='ocrx_word' id='word_1_97' title='bbox 1487 1844 1548 1918; x_wconf 91' lang='lat' dir='ltr'><strong>sub</strong></span> <span class='ocrx_word' id='word_1_98' title='bbox 1575 1845 1709 1938; x_wconf 81' lang='lat' dir='ltr'><strong>Regum</strong></span> <span class='ocrx_word' id='word_1_99' title='bbox 1735 1846 1873 1920; x_wconf 86' lang='lat' dir='ltr'><strong>Persius</strong></span> <span class='ocrx_word' id='word_1_100' title='bbox 1900 1871 1967 1944; x_wconf 87' lang='lat' dir='ltr'><strong>pa-</strong></span> 
     </span>
     <span class='ocr_line' id='line_1_13' title="bbox 592 1959 1965 2056; baseline 0.005 -28"><span class='ocrx_word' id='word_1_101' title='bbox 592 1962 732 2032; x_wconf 89' lang='lat' dir='ltr'><strong>trocinio</strong></span> <span class='ocrx_word' id='word_1_102' title='bbox 761 1960 859 2034; x_wconf 90' lang='lat' dir='ltr'><strong>sedes</strong></span> <span class='ocrx_word' id='word_1_103' title='bbox 886 1961 1050 2051; x_wconf 82' lang='lat' dir='ltr'><strong>fixerunt,</strong></span> <span class='ocrx_word' id='word_1_104' title='bbox 1076 1959 1316 2054; x_wconf 88' lang='lat' dir='ltr'><strong>Ecclesiasque</strong></span> <span class='ocrx_word' id='word_1_105' title='bbox 1332 1959 1452 2032; x_wconf 88' lang='lat' dir='ltr'><strong>multas</strong></span> <span class='ocrx_word' id='word_1_106' title='bbox 1480 1970 1748 2056; x_wconf 90' lang='lat' dir='ltr'><strong>occupaverunt,</strong></span> <span class='ocrx_word' id='word_1_107' title='bbox 1775 1972 1832 2033; x_wconf 89' lang='lat' dir='ltr'><strong>aut</strong></span> <span class='ocrx_word' id='word_1_108' title='bbox 1857 1983 1965 2036; x_wconf 86' lang='lat' dir='ltr'><strong>novas</strong></span> 
     </span>
     <span class='ocr_line' id='line_1_14' title="bbox 590 2073 1963 2173; baseline 0.005 -31"><span class='ocrx_word' id='word_1_109' title='bbox 590 2076 818 2164; x_wconf 83' lang='lat' dir='ltr'><strong>instituerumt,</strong></span> <span class='ocrx_word' id='word_1_110' title='bbox 844 2079 968 2150; x_wconf 88' lang='lat' dir='ltr'><strong>omissa</strong></span> <span class='ocrx_word' id='word_1_111' title='bbox 995 2074 1127 2148; x_wconf 87' lang='lat' dir='ltr'><strong>Graeca</strong></span> <span class='ocrx_word' id='word_1_112' title='bbox 1154 2074 1279 2166; x_wconf 87' lang='lat' dir='ltr'><strong>lingua,</strong></span> <span class='ocrx_word' id='word_1_113' title='bbox 1306 2074 1411 2146; x_wconf 90' lang='lat' dir='ltr'><strong>solam</strong></span> <span class='ocrx_word' id='word_1_114' title='bbox 1438 2073 1617 2170; x_wconf 82' lang='lat' dir='ltr'><strong>Syriacam</strong></span> <span class='ocrx_word' id='word_1_115' title='bbox 1642 2097 1804 2170; x_wconf 87' lang='lat' dir='ltr'><strong>usurpare</strong></span> <span class='ocrx_word' id='word_1_116' title='bbox 1831 2099 1963 2173; x_wconf 87' lang='lat' dir='ltr'><strong>coepe-</strong></span> 
     </span>
     <span class='ocr_line' id='line_1_15' title="bbox 590 2188 1962 2285; baseline 0.004 -27"><span class='ocrx_word' id='word_1_117' title='bbox 590 2197 683 2279; x_wconf 87' lang='lat' dir='ltr'><strong>runt,</strong></span> <span class='ocrx_word' id='word_1_118' title='bbox 711 2213 851 2285; x_wconf 89' lang='lat' dir='ltr'><strong>eamque</strong></span> <span class='ocrx_word' id='word_1_119' title='bbox 882 2193 916 2260; x_wconf 94' lang='lat' dir='ltr'><strong>in</strong></span> <span class='ocrx_word' id='word_1_120' title='bbox 942 2191 1115 2278; x_wconf 84' lang='lat' dir='ltr'><strong>Tartaria,</strong></span> <span class='ocrx_word' id='word_1_121' title='bbox 1142 2188 1299 2279; x_wconf 83' lang='lat' dir='ltr'><strong>Perside,</strong></span> <span class='ocrx_word' id='word_1_122' title='bbox 1331 2189 1485 2262; x_wconf 89' lang='lat' dir='ltr'><strong>Sinarum</strong></span> <span class='ocrx_word' id='word_1_123' title='bbox 1512 2193 1672 2282; x_wconf 84' lang='lat' dir='ltr'><strong>regione,</strong></span> <span class='ocrx_word' id='word_1_124' title='bbox 1700 2200 1735 2262; x_wconf 87' lang='lat' dir='ltr'><strong>et</strong></span> <span class='ocrx_word' id='word_1_125' title='bbox 1766 2191 1858 2263; x_wconf 91' lang='lat' dir='ltr'><strong>ludia</strong></span> <span class='ocrx_word' id='word_1_126' title='bbox 1890 2194 1962 2264; x_wconf 85' lang='lat' dir='ltr'><strong>Sa-</strong></span> 
     </span>
     <span class='ocr_line' id='line_1_16' title="bbox 589 2305 1962 2401; baseline 0.005 -29"><span class='ocrx_word' id='word_1_127' title='bbox 589 2309 767 2378; x_wconf 91' lang='lat' dir='ltr'><strong>cramentis</strong></span> <span class='ocrx_word' id='word_1_128' title='bbox 795 2305 1004 2378; x_wconf 86' lang='lat' dir='ltr'><strong>celebrandis</strong></span> <span class='ocrx_word' id='word_1_129' title='bbox 1017 2307 1187 2401; x_wconf 92' lang='lat' dir='ltr'><strong>propriam</strong></span> <span class='ocrx_word' id='word_1_130' title='bbox 1214 2314 1248 2376; x_wconf 90' lang='lat' dir='ltr'><strong>at</strong></span> <span class='ocrx_word' id='word_1_131' title='bbox 1269 2306 1400 2376; x_wconf 92' lang='lat' dir='ltr'><strong>unicam</strong></span> <span class='ocrx_word' id='word_1_132' title='bbox 1426 2327 1505 2379; x_wconf 88' lang='lat' dir='ltr'><strong>esse</strong></span> <span class='ocrx_word' id='word_1_133' title='bbox 1532 2313 1725 2376; x_wconf 87' lang='lat' dir='ltr'><strong>statuerunt</strong></span> <span class='ocrx_word' id='word_1_134' title='bbox 1751 2305 1805 2377; x_wconf 89' lang='lat' dir='ltr'><strong>Dc</strong></span> <span class='ocrx_word' id='word_1_135' title='bbox 1823 2305 1962 2379; x_wconf 89' lang='lat' dir='ltr'><strong>Perside</strong></span> 
     </span>
     <span class='ocr_line' id='line_1_17' title="bbox 589 2419 1961 2512; baseline 0.001 -22"><span class='ocrx_word' id='word_1_136' title='bbox 589 2427 751 2490; x_wconf 87' lang='lat' dir='ltr'><strong>testantur</strong></span> <span class='ocrx_word' id='word_1_137' title='bbox 777 2419 851 2492; x_wconf 92' lang='lat' dir='ltr'><strong>libri</strong></span> <span class='ocrx_word' id='word_1_138' title='bbox 878 2429 1013 2492; x_wconf 87' lang='lat' dir='ltr'><strong>veteres</strong></span> <span class='ocrx_word' id='word_1_139' title='bbox 1039 2420 1132 2492; x_wconf 91' lang='lat' dir='ltr'><strong>multi</strong></span> <span class='ocrx_word' id='word_1_140' title='bbox 1159 2430 1193 2491; x_wconf 90' lang='lat' dir='ltr'><strong>et</strong></span> <span class='ocrx_word' id='word_1_141' title='bbox 1218 2422 1304 2490; x_wconf 88' lang='lat' dir='ltr'><strong>iuter</strong></span> <span class='ocrx_word' id='word_1_142' title='bbox 1331 2419 1428 2510; x_wconf 88' lang='lat' dir='ltr'><strong>alios,</strong></span> <span class='ocrx_word' id='word_1_143' title='bbox 1454 2422 1587 2512; x_wconf 85' lang='lat' dir='ltr'><strong>insigna</strong></span> <span class='ocrx_word' id='word_1_144' title='bbox 1610 2419 1857 2492; x_wconf 88' lang='lat' dir='ltr'><strong>Lectionarium</strong></span> <span class='ocrx_word' id='word_1_145' title='bbox 1870 2421 1961 2492; x_wconf 90' lang='lat' dir='ltr'><strong>Per-</strong></span> 
     </span>
     <span class='ocr_line' id='line_1_18' title="bbox 546 2534 1962 2630; baseline 0.003 -24"><span class='ocrx_word' id='word_1_146' title='bbox 546 2619 552 2628; x_wconf 40' lang='lat'><strong>,</strong></span> <span class='ocrx_word' id='word_1_147' title='bbox 587 2537 693 2606; x_wconf 87' lang='lat' dir='ltr'><strong>sicum</strong></span> <span class='ocrx_word' id='word_1_148' title='bbox 719 2534 983 2626; x_wconf 83' lang='lat' dir='ltr'><strong>Evangeliorum</strong></span> <span class='ocrx_word' id='word_1_149' title='bbox 1006 2536 1048 2608; x_wconf 91' lang='lat' dir='ltr'><strong>de</strong></span> <span class='ocrx_word' id='word_1_150' title='bbox 1066 2535 1191 2607; x_wconf 84' lang='lat' dir='ltr'><strong>circrdo</strong></span> <span class='ocrx_word' id='word_1_151' title='bbox 1219 2537 1306 2623; x_wconf 90' lang='lat' dir='ltr'><strong>anni,</strong></span> <span class='ocrx_word' id='word_1_152' title='bbox 1334 2537 1368 2604; x_wconf 95' lang='lat' dir='ltr'><strong>in</strong></span> <span class='ocrx_word' id='word_1_153' title='bbox 1395 2555 1461 2629; x_wconf 90' lang='lat' dir='ltr'><strong>quo</strong></span> <span class='ocrx_word' id='word_1_154' title='bbox 1479 2534 1580 2606; x_wconf 91' lang='lat' dir='ltr'><strong>multa</strong></span> <span class='ocrx_word' id='word_1_155' title='bbox 1596 2534 1740 2630; x_wconf 77' lang='lat' dir='ltr'><strong>Syriaco</strong></span> <span class='ocrx_word' id='word_1_156' title='bbox 1767 2546 1962 2612; x_wconf 85' lang='lat' dir='ltr'><strong>occmrunt:</strong></span> 
     </span>
     <span class='ocr_line' id='line_1_19' title="bbox 584 2649 1961 2724; baseline 0.001 -4"><span class='ocrx_word' id='word_1_157' title='bbox 584 2659 654 2720; x_wconf 86' lang='lat' dir='ltr'><strong>tum</strong></span> <span class='ocrx_word' id='word_1_158' title='bbox 687 2654 784 2722; x_wconf 88' lang='lat' dir='ltr'><strong>varia</strong></span> <span class='ocrx_word' id='word_1_159' title='bbox 816 2673 863 2721; x_wconf 90' lang='lat' dir='ltr'><strong>ex</strong></span> <span class='ocrx_word' id='word_1_160' title='bbox 895 2650 1042 2723; x_wconf 90' lang='lat' dir='ltr'><strong>Historia</strong></span> <span class='ocrx_word' id='word_1_161' title='bbox 1074 2649 1320 2722; x_wconf 76' lang='lat' dir='ltr'><strong>catholicorum</strong></span> <span class='ocrx_word' id='word_1_162' title='bbox 1353 2671 1415 2722; x_wconf 93' lang='lat' dir='ltr'><strong>seu</strong></span> <span class='ocrx_word' id='word_1_163' title='bbox 1439 2649 1706 2721; x_wconf 90' lang='lat' dir='ltr'><strong>Patriarcbarum</strong></span> <span class='ocrx_word' id='word_1_164' title='bbox 1733 2650 1819 2724; x_wconf 92' lang='lat' dir='ltr'><strong>illius</strong></span> <span class='ocrx_word' id='word_1_165' title='bbox 1846 2660 1961 2724; x_wconf 88' lang='lat' dir='ltr'><strong>sectae</strong></span> 
     </span>
     <span class='ocr_line' id='line_1_20' title="bbox 587 2763 1961 2860; baseline 0.001 -26"><span class='ocrx_word' id='word_1_166' title='bbox 587 2763 762 2859; x_wconf 91' lang='lat' dir='ltr'><strong>exempla,</strong></span> <span class='ocrx_word' id='word_1_167' title='bbox 796 2787 883 2860; x_wconf 91' lang='lat' dir='ltr'><strong>quae</strong></span> <span class='ocrx_word' id='word_1_168' title='bbox 910 2764 988 2837; x_wconf 91' lang='lat' dir='ltr'><strong>alibi</strong></span> <span class='ocrx_word' id='word_1_169' title='bbox 1014 2763 1210 2836; x_wconf 83' lang='lat' dir='ltr'><strong>referemus.</strong></span> <span class='ocrx_word' id='word_1_170' title='bbox 1262 2764 1316 2834; x_wconf 88' lang='lat' dir='ltr'><strong>De</strong></span> <span class='ocrx_word' id='word_1_171' title='bbox 1351 2765 1504 2835; x_wconf 88' lang='lat' dir='ltr'><strong>Tartaria</strong></span> <span class='ocrx_word' id='word_1_172' title='bbox 1538 2785 1671 2859; x_wconf 90' lang='lat' dir='ltr'><strong>quoque</strong></span> <span class='ocrx_word' id='word_1_173' title='bbox 1696 2767 1792 2837; x_wconf 87' lang='lat' dir='ltr'><strong>varia</strong></span> <span class='ocrx_word' id='word_1_174' title='bbox 1825 2775 1961 2837; x_wconf 90' lang='lat' dir='ltr'><strong>exstant</strong></span> 
     </span>
     <span class='ocr_line' id='line_1_21' title="bbox 584 2877 1959 2974; baseline 0.001 -25"><span class='ocrx_word' id='word_1_175' title='bbox 584 2877 708 2950; x_wconf 83' lang='lat' dir='ltr'><strong>ibidem</strong></span> <span class='ocrx_word' id='word_1_176' title='bbox 735 2882 934 2969; x_wconf 87' lang='lat' dir='ltr'><strong>testimonia,</strong></span> <span class='ocrx_word' id='word_1_177' title='bbox 962 2902 1048 2974; x_wconf 87' lang='lat' dir='ltr'><strong>quae</strong></span> <span class='ocrx_word' id='word_1_178' title='bbox 1074 2879 1304 2971; x_wconf 86' lang='lat' dir='ltr'><strong>Abulfaragii,</strong></span> <span class='ocrx_word' id='word_1_179' title='bbox 1330 2879 1438 2951; x_wconf 89' lang='lat' dir='ltr'><strong>Marci</strong></span> <span class='ocrx_word' id='word_1_180' title='bbox 1464 2878 1559 2950; x_wconf 87' lang='lat' dir='ltr'><strong>Pauli</strong></span> <span class='ocrx_word' id='word_1_181' title='bbox 1585 2879 1718 2970; x_wconf 91' lang='lat' dir='ltr'><strong>Veneti,</strong></span> <span class='ocrx_word' id='word_1_182' title='bbox 1745 2877 1890 2950; x_wconf 90' lang='lat' dir='ltr'><strong>Villelmi</strong></span> <span class='ocrx_word' id='word_1_183' title='bbox 1916 2879 1959 2952; x_wconf 90' lang='lat' dir='ltr'><strong>da</strong></span> 
     </span>
     <span class='ocr_line' id='line_1_22' title="bbox 588 2992 1960 3090; baseline 0.001 -26"><span class='ocrx_word' id='word_1_184' title='bbox 588 2992 801 3088; x_wconf 89' lang='lat' dir='ltr'><strong>Rubmquis,</strong></span> <span class='ocrx_word' id='word_1_185' title='bbox 828 3004 863 3064; x_wconf 90' lang='lat' dir='ltr'><strong>et</strong></span> <span class='ocrx_word' id='word_1_186' title='bbox 889 2994 1027 3066; x_wconf 89' lang='lat' dir='ltr'><strong>oliorum</strong></span> <span class='ocrx_word' id='word_1_187' title='bbox 1055 2998 1111 3090; x_wconf 90' lang='lat' dir='ltr'><strong>qui</strong></span> <span class='ocrx_word' id='word_1_188' title='bbox 1137 3017 1198 3067; x_wconf 91' lang='lat' dir='ltr'><strong>eas</strong></span> <span class='ocrx_word' id='word_1_189' title='bbox 1224 2997 1382 3085; x_wconf 83' lang='lat' dir='ltr'><strong>regiones</strong></span> <span class='ocrx_word' id='word_1_190' title='bbox 1404 2993 1641 3083; x_wconf 89' lang='lat' dir='ltr'><strong>lustraverunt,</strong></span> <span class='ocrx_word' id='word_1_191' title='bbox 1668 2996 1843 3066; x_wconf 85' lang='lat' dir='ltr'><strong>autoritate</strong></span> <span class='ocrx_word' id='word_1_192' title='bbox 1871 3015 1960 3066; x_wconf 91' lang='lat' dir='ltr'><strong>corr-</strong></span> 
     </span>
     <span class='ocr_line' id='line_1_23' title="bbox 585 3107 1958 3184; baseline 0 -4"><span class='ocrx_word' id='word_1_193' title='bbox 585 3107 765 3180; x_wconf 86' lang='lat' dir='ltr'><strong>firmantur.</strong></span> <span class='ocrx_word' id='word_1_194' title='bbox 818 3109 872 3182; x_wconf 90' lang='lat' dir='ltr'><strong>De</strong></span> <span class='ocrx_word' id='word_1_195' title='bbox 898 3110 989 3182; x_wconf 88' lang='lat' dir='ltr'><strong>ludia</strong></span> <span class='ocrx_word' id='word_1_196' title='bbox 1015 3109 1219 3184; x_wconf 85' lang='lat' dir='ltr'><strong>blalabarica</strong></span> <span class='ocrx_word' id='word_1_197' title='bbox 1245 3110 1450 3182; x_wconf 88' lang='lat' dir='ltr'><strong>notissimum</strong></span> <span class='ocrx_word' id='word_1_198' title='bbox 1478 3119 1530 3182; x_wconf 92' lang='lat' dir='ltr'><strong>est</strong></span> <span class='ocrx_word' id='word_1_199' title='bbox 1556 3131 1603 3180; x_wconf 91' lang='lat' dir='ltr'><strong>ex</strong></span> <span class='ocrx_word' id='word_1_200' title='bbox 1635 3108 1708 3182; x_wconf 91' lang='lat' dir='ltr'><strong>sola</strong></span> <span class='ocrx_word' id='word_1_201' title='bbox 1734 3109 1851 3182; x_wconf 88' lang='lat' dir='ltr'><strong>Alexii</strong></span> <span class='ocrx_word' id='word_1_202' title='bbox 1876 3109 1958 3180; x_wconf 85' lang='lat' dir='ltr'><strong>ble-</strong></span> 
     </span>
     <span class='ocr_line' id='line_1_24' title="bbox 585 3222 1958 3320; baseline 0.001 -26"><span class='ocrx_word' id='word_1_203' title='bbox 585 3227 671 3297; x_wconf 87' lang='lat' dir='ltr'><strong>nesii</strong></span> <span class='ocrx_word' id='word_1_204' title='bbox 698 3223 843 3296; x_wconf 87' lang='lat' dir='ltr'><strong>Goensis</strong></span> <span class='ocrx_word' id='word_1_205' title='bbox 870 3223 1126 3320; x_wconf 84' lang='lat' dir='ltr'><strong>Arcldepiscopi</strong></span> <span class='ocrx_word' id='word_1_206' title='bbox 1151 3227 1349 3298; x_wconf 79' lang='lat' dir='ltr'><strong>msitationis</strong></span> <span class='ocrx_word' id='word_1_207' title='bbox 1375 3223 1504 3294; x_wconf 87' lang='lat' dir='ltr'><strong>illarum</strong></span> <span class='ocrx_word' id='word_1_208' title='bbox 1528 3222 1757 3298; x_wconf 85' lang='lat' dir='ltr'><strong>Ecclesiamm</strong></span> <span class='ocrx_word' id='word_1_209' title='bbox 1784 3222 1958 3316; x_wconf 88' lang='lat' dir='ltr'><strong>relatione,</strong></span> 
     </span>
     <span class='ocr_line' id='line_1_25' title="bbox 584 3338 1958 3438; baseline -0.001 -27"><span class='ocrx_word' id='word_1_210' title='bbox 584 3348 619 3411; x_wconf 90' lang='lat' dir='ltr'><strong>et</strong></span> <span class='ocrx_word' id='word_1_211' title='bbox 653 3339 793 3435; x_wconf 77' lang='lat' dir='ltr'><strong>Synodo</strong></span> <span class='ocrx_word' id='word_1_212' title='bbox 825 3340 1069 3438; x_wconf 90' lang='lat' dir='ltr'><strong>Diamperensi.</strong></span> <span class='ocrx_word' id='word_1_213' title='bbox 1121 3340 1176 3412; x_wconf 89' lang='lat' dir='ltr'><strong>De</strong></span> <span class='ocrx_word' id='word_1_214' title='bbox 1209 3339 1298 3413; x_wconf 85' lang='lat' dir='ltr'><strong>Sinis</strong></span> <span class='ocrx_word' id='word_1_215' title='bbox 1332 3342 1482 3430; x_wconf 87' lang='lat' dir='ltr'><strong>unicum,</strong></span> <span class='ocrx_word' id='word_1_216' title='bbox 1525 3338 1588 3411; x_wconf 89' lang='lat' dir='ltr'><strong>sed</strong></span> <span class='ocrx_word' id='word_1_217' title='bbox 1630 3342 1719 3410; x_wconf 89' lang='lat' dir='ltr'><strong>omui</strong></span> <span class='ocrx_word' id='word_1_218' title='bbox 1758 3343 1958 3434; x_wconf 84' lang='lat' dir='ltr'><strong>exceptione</strong></span> 
     </span>
     <span class='ocr_line' id='line_1_26' title="bbox 583 3435 1959 3552; baseline 0.001 -26"><span class='ocrx_word' id='word_1_219' title='bbox 583 3458 691 3546; x_wconf 88' lang='lat' dir='ltr'><strong>majus</strong></span> <span class='ocrx_word' id='word_1_220' title='bbox 724 3458 947 3529; x_wconf 89' lang='lat' dir='ltr'><strong>testimouium</strong></span> <span class='ocrx_word' id='word_1_221' title='bbox 982 3435 1057 3528; x_wconf 66' lang='lat' dir='ltr'><strong>dat=</strong></span> <span class='ocrx_word' id='word_1_222' title='bbox 1071 3456 1156 3552; x_wconf 92' lang='lat' dir='ltr'><strong>lapis</strong></span> <span class='ocrx_word' id='word_1_223' title='bbox 1189 3454 1321 3528; x_wconf 87' lang='lat' dir='ltr'><strong>Sinicus</strong></span> <span class='ocrx_word' id='word_1_224' title='bbox 1357 3475 1442 3526; x_wconf 89' lang='lat' dir='ltr'><strong>anno</strong></span> <span class='ocrx_word' id='word_1_225' title='bbox 1478 3449 1686 3527; x_wconf 82' lang='lat' dir='ltr'><strong>Mucxxv.</strong></span> <span class='ocrx_word' id='word_1_226' title='bbox 1718 3456 1753 3524; x_wconf 94' lang='lat' dir='ltr'><strong>in</strong></span> <span class='ocrx_word' id='word_1_227' title='bbox 1778 3450 1959 3527; x_wconf 86' lang='lat' dir='ltr'><strong>Provincia</strong></span> 
     </span>
     <span class='ocr_line' id='line_1_27' title="bbox 583 3565 1957 3678; baseline -0.001 -36"><span class='ocrx_word' id='word_1_228' title='bbox 583 3572 691 3644; x_wconf 90' lang='lat' dir='ltr'><strong>Xensi</strong></span> <span class='ocrx_word' id='word_1_229' title='bbox 718 3570 872 3662; x_wconf 88' lang='lat' dir='ltr'><strong>ellossus,</strong></span> <span class='ocrx_word' id='word_1_230' title='bbox 899 3571 1051 3670; x_wconf 71' lang='lat' dir='ltr'><strong>Syriacis</strong></span> <span class='ocrx_word' id='word_1_231' title='bbox 1082 3571 1271 3665; x_wconf 81' lang='lat' dir='ltr'><strong>Sinicisque</strong></span> <span class='ocrx_word' id='word_1_232' title='bbox 1298 3565 1546 3640; x_wconf 88' lang='lat' dir='ltr'><strong>characteribus</strong></span> <span class='ocrx_word' id='word_1_233' title='bbox 1572 3567 1772 3662; x_wconf 88' lang='lat' dir='ltr'><strong>insculptus:</strong></span> <span class='ocrx_word' id='word_1_234' title='bbox 1800 3590 1866 3663; x_wconf 75' lang='lat' dir='ltr'><strong>quo</strong></span> <span class='ocrx_word' id='word_1_235' title='bbox 1893 3590 1957 3678; x_wconf 76' lang='lat' dir='ltr'><strong>sa-</strong></span> 
     </span>
     <span class='ocr_line' id='line_1_28' title="bbox 584 3682 1957 3783; baseline -0.001 -25"><span class='ocrx_word' id='word_1_236' title='bbox 584 3709 674 3759; x_wconf 91' lang='lat' dir='ltr'><strong>cram</strong></span> <span class='ocrx_word' id='word_1_237' title='bbox 702 3687 768 3758; x_wconf 93' lang='lat' dir='ltr'><strong>illic</strong></span> <span class='ocrx_word' id='word_1_238' title='bbox 794 3687 899 3761; x_wconf 84' lang='lat' dir='ltr'><strong>brisso</strong></span> <span class='ocrx_word' id='word_1_239' title='bbox 927 3688 1014 3783; x_wconf 91' lang='lat' dir='ltr'><strong>apud</strong></span> <span class='ocrx_word' id='word_1_240' title='bbox 1039 3687 1260 3760; x_wconf 87' lang='lat' dir='ltr'><strong>Nestorianos</strong></span> <span class='ocrx_word' id='word_1_241' title='bbox 1281 3685 1456 3781; x_wconf 74' lang='lat' dir='ltr'><strong>Syriacam</strong></span> <span class='ocrx_word' id='word_1_242' title='bbox 1481 3682 1640 3775; x_wconf 90' lang='lat' dir='ltr'><strong>linguam</strong></span> <span class='ocrx_word' id='word_1_243' title='bbox 1656 3685 1842 3762; x_wconf 85' lang='lat' dir='ltr'><strong>certissime</strong></span> <span class='ocrx_word' id='word_1_244' title='bbox 1868 3705 1957 3779; x_wconf 92' lang='lat' dir='ltr'><strong>pro-</strong></span> 
     </span>
     <span class='ocr_line' id='line_1_29' title="bbox 582 3797 1955 3895; baseline 0 -22"><span class='ocrx_word' id='word_1_245' title='bbox 582 3800 689 3874; x_wconf 92' lang='lat' dir='ltr'><strong>batur.</strong></span> <span class='ocrx_word' id='word_1_246' title='bbox 719 3803 801 3888; x_wconf 85' lang='lat' dir='ltr'><strong>Quis</strong></span> <span class='ocrx_word' id='word_1_247' title='bbox 829 3804 1033 3877; x_wconf 82' lang='lat' dir='ltr'><strong>existimabit</strong></span> <span class='ocrx_word' id='word_1_248' title='bbox 1058 3805 1093 3873; x_wconf 91' lang='lat' dir='ltr'><strong>in</strong></span> <span class='ocrx_word' id='word_1_249' title='bbox 1118 3803 1349 3876; x_wconf 91' lang='lat' dir='ltr'><strong>remotissimis</strong></span> <span class='ocrx_word' id='word_1_250' title='bbox 1361 3799 1425 3872; x_wconf 90' lang='lat' dir='ltr'><strong>illis</strong></span> <span class='ocrx_word' id='word_1_251' title='bbox 1451 3802 1634 3895; x_wconf 88' lang='lat' dir='ltr'><strong>provinciis</strong></span> <span class='ocrx_word' id='word_1_252' title='bbox 1654 3798 1829 3890; x_wconf 88' lang='lat' dir='ltr'><strong>vulgarem</strong></span> <span class='ocrx_word' id='word_1_253' title='bbox 1851 3797 1955 3872; x_wconf 84' lang='lat' dir='ltr'><strong>luisse</strong></span> 
     </span>
     <span class='ocr_line' id='line_1_30' title="bbox 580 3912 1955 4013; baseline -0.002 -25"><span class='ocrx_word' id='word_1_254' title='bbox 580 3919 728 4010; x_wconf 88' lang='lat' dir='ltr'><strong>linguam</strong></span> <span class='ocrx_word' id='word_1_255' title='bbox 755 3917 955 4013; x_wconf 74' lang='lat' dir='ltr'><strong>Syriacam?</strong></span> <span class='ocrx_word' id='word_1_256' title='bbox 982 3917 1101 4010; x_wconf 90' lang='lat' dir='ltr'><strong>lgnota</strong></span> <span class='ocrx_word' id='word_1_257' title='bbox 1128 3920 1227 4009; x_wconf 86' lang='lat' dir='ltr'><strong>igitur</strong></span> <span class='ocrx_word' id='word_1_258' title='bbox 1252 3917 1366 4008; x_wconf 89' lang='lat' dir='ltr'><strong>lingua</strong></span> <span class='ocrx_word' id='word_1_259' title='bbox 1386 3918 1456 4006; x_wconf 91' lang='lat' dir='ltr'><strong>jam</strong></span> <span class='ocrx_word' id='word_1_260' title='bbox 1484 3923 1561 3986; x_wconf 88' lang='lat' dir='ltr'><strong>ante</strong></span> <span class='ocrx_word' id='word_1_261' title='bbox 1587 3935 1693 3987; x_wconf 90' lang='lat' dir='ltr'><strong>annos</strong></span> <span class='ocrx_word' id='word_1_262' title='bbox 1720 3912 1808 3985; x_wconf 92' lang='lat' dir='ltr'><strong>mille</strong></span> <span class='ocrx_word' id='word_1_263' title='bbox 1823 3913 1955 3987; x_wconf 89' lang='lat' dir='ltr'><strong>Nesto-</strong></span> 
     </span>
     <span class='ocr_line' id='line_1_31' title="bbox 580 4027 1955 4129; baseline -0.002 -26"><span class='ocrx_word' id='word_1_264' title='bbox 580 4036 680 4121; x_wconf 90' lang='lat' dir='ltr'><strong>riaui,</strong></span> <span class='ocrx_word' id='word_1_265' title='bbox 717 4032 807 4107; x_wconf 90' lang='lat' dir='ltr'><strong>nullo</strong></span> <span class='ocrx_word' id='word_1_266' title='bbox 840 4033 1015 4105; x_wconf 89' lang='lat' dir='ltr'><strong>Romanae</strong></span> <span class='ocrx_word' id='word_1_267' title='bbox 1048 4033 1242 4129; x_wconf 90' lang='lat' dir='ltr'><strong>discipliuae</strong></span> <span class='ocrx_word' id='word_1_268' title='bbox 1282 4033 1438 4122; x_wconf 87' lang='lat' dir='ltr'><strong>contagio</strong></span> <span class='ocrx_word' id='word_1_269' title='bbox 1476 4027 1596 4120; x_wconf 82' lang='lat' dir='ltr'><strong>alllati,</strong></span> <span class='ocrx_word' id='word_1_270' title='bbox 1635 4028 1821 4120; x_wconf 90' lang='lat' dir='ltr'><strong>Liturgiam</strong></span> <span class='ocrx_word' id='word_1_271' title='bbox 1856 4027 1955 4100; x_wconf 92' lang='lat' dir='ltr'><strong>cele-</strong></span> 
     </span>
    </p>
   </div>
   <div class='ocr_carea' id='block_1_3' title="bbox 265 4147 1954 4360">
    <p class='ocr_par' dir='ltr' id='par_1_3' title="bbox 265 4147 1954 4360">
     <span class='ocr_line' id='line_1_32' title="bbox 579 4147 731 4220; baseline -0.013 0"><span class='ocrx_word' id='word_1_272' title='bbox 579 4147 731 4220; x_wconf 91' lang='lat' dir='ltr'><strong>brabant.</strong></span> 
     </span>
     <span class='ocr_line' id='line_1_33' title="bbox 265 4258 1954 4360; baseline -0.002 -26"><span class='ocrx_word' id='word_1_273' title='bbox 265 4263 567 4335; x_wconf 67' lang='lat' dir='ltr'><strong>syrraaarrnguatuaum</strong></span> <span class='ocrx_word' id='word_1_274' title='bbox 684 4263 799 4338; x_wconf 88' lang='lat' dir='ltr'><strong>Serius</strong></span> <span class='ocrx_word' id='word_1_275' title='bbox 812 4265 847 4334; x_wconf 92' lang='lat' dir='ltr'><strong>in</strong></span> <span class='ocrx_word' id='word_1_276' title='bbox 864 4264 965 4360; x_wconf 73' lang='lat' dir='ltr'><strong>Syria</strong></span> <span class='ocrx_word' id='word_1_277' title='bbox 978 4267 1075 4359; x_wconf 90' lang='lat' dir='ltr'><strong>patrii</strong></span> <span class='ocrx_word' id='word_1_278' title='bbox 1099 4264 1261 4338; x_wconf 86' lang='lat' dir='ltr'><strong>sermonis</strong></span> <span class='ocrx_word' id='word_1_279' title='bbox 1280 4282 1361 4334; x_wconf 90' lang='lat' dir='ltr'><strong>usus</strong></span> <span class='ocrx_word' id='word_1_280' title='bbox 1385 4259 1566 4350; x_wconf 89' lang='lat' dir='ltr'><strong>obsolevit,</strong></span> <span class='ocrx_word' id='word_1_281' title='bbox 1593 4281 1668 4331; x_wconf 93' lang='lat' dir='ltr'><strong>cum</strong></span> <span class='ocrx_word' id='word_1_282' title='bbox 1694 4270 1810 4334; x_wconf 88' lang='lat' dir='ltr'><strong>essent</strong></span> <span class='ocrx_word' id='word_1_283' title='bbox 1824 4258 1954 4331; x_wconf 91' lang='lat' dir='ltr'><strong>decimo</strong></span> 
     </span>
    </p>
   </div>
   <div class='ocr_carea' id='block_1_4' title="bbox 256 4352 1954 5050">
    <p class='ocr_par' dir='ltr' id='par_1_4' title="bbox 256 4352 1954 5050">
     <span class='ocr_line' id='line_1_34' title="bbox 256 4352 1954 4474; baseline -0.003 -23"><span class='ocrx_word' id='word_1_284' title='bbox 256 4352 326 4419; x_wconf 49' lang='grc' dir='ltr'><strong>ΡΜ</strong></span> <span class='ocrx_word' id='word_1_285' title='bbox 344 4355 439 4420; x_wconf 67' lang='lat'><strong>⁵⁸³⁰¹⁸&#39;</strong></span> <span class='ocrx_word' id='word_1_286' title='bbox 581 4389 615 4450; x_wconf 92' lang='lat' dir='ltr'><strong>et</strong></span> <span class='ocrx_word' id='word_1_287' title='bbox 629 4378 804 4451; x_wconf 91' lang='lat' dir='ltr'><strong>undecimo</strong></span> <span class='ocrx_word' id='word_1_288' title='bbox 827 4379 976 4469; x_wconf 90' lang='lat' dir='ltr'><strong>saeculo,</strong></span> <span class='ocrx_word' id='word_1_289' title='bbox 998 4383 1052 4474; x_wconf 90' lang='lat' dir='ltr'><strong>qui</strong></span> <span class='ocrx_word' id='word_1_290' title='bbox 1076 4379 1196 4450; x_wconf 89' lang='lat' dir='ltr'><strong>eodem</strong></span> <span class='ocrx_word' id='word_1_291' title='bbox 1216 4376 1320 4447; x_wconf 88' lang='lat' dir='ltr'><strong>adhuc</strong></span> <span class='ocrx_word' id='word_1_292' title='bbox 1341 4384 1512 4448; x_wconf 90' lang='lat' dir='ltr'><strong>uterentur</strong></span> <span class='ocrx_word' id='word_1_293' title='bbox 1531 4384 1565 4447; x_wconf 90' lang='lat' dir='ltr'><strong>ct</strong></span> <span class='ocrx_word' id='word_1_294' title='bbox 1578 4373 1779 4447; x_wconf 89' lang='lat' dir='ltr'><strong>scriberent:</strong></span> <span class='ocrx_word' id='word_1_295' title='bbox 1802 4377 1954 4470; x_wconf 85' lang='lat' dir='ltr'><strong>quamvis</strong></span> 
     </span>
     <span class='ocr_line' id='line_1_35' title="bbox 580 4488 1954 4588; baseline -0.004 -22"><span class='ocrx_word' id='word_1_296' title='bbox 580 4493 626 4566; x_wconf 93' lang='lat' dir='ltr'><strong>illi</strong></span> <span class='ocrx_word' id='word_1_297' title='bbox 654 4516 722 4567; x_wconf 90' lang='lat' dir='ltr'><strong>non</strong></span> <span class='ocrx_word' id='word_1_298' title='bbox 748 4504 815 4567; x_wconf 90' lang='lat' dir='ltr'><strong>tam</strong></span> <span class='ocrx_word' id='word_1_299' title='bbox 841 4494 947 4588; x_wconf 88' lang='lat' dir='ltr'><strong>vulgo</strong></span> <span class='ocrx_word' id='word_1_300' title='bbox 974 4495 1142 4583; x_wconf 92' lang='lat' dir='ltr'><strong>illiterato,</strong></span> <span class='ocrx_word' id='word_1_301' title='bbox 1169 4513 1267 4586; x_wconf 90' lang='lat' dir='ltr'><strong>quam</strong></span> <span class='ocrx_word' id='word_1_302' title='bbox 1294 4490 1401 4564; x_wconf 88' lang='lat' dir='ltr'><strong>doctis</strong></span> <span class='ocrx_word' id='word_1_303' title='bbox 1417 4488 1612 4564; x_wconf 89' lang='lat' dir='ltr'><strong>scriberent.</strong></span> <span class='ocrx_word' id='word_1_304' title='bbox 1641 4489 1738 4562; x_wconf 89' lang='lat' dir='ltr'><strong>Unde</strong></span> <span class='ocrx_word' id='word_1_305' title='bbox 1767 4494 1822 4586; x_wconf 91' lang='lat' dir='ltr'><strong>qui</strong></span> <span class='ocrx_word' id='word_1_306' title='bbox 1849 4511 1954 4586; x_wconf 88' lang='lat' dir='ltr'><strong>opera</strong></span> 
     </span>
     <span class='ocr_line' id='line_1_36' title="bbox 579 4603 1953 4705; baseline -0.001 -24"><span class='ocrx_word' id='word_1_307' title='bbox 579 4609 693 4700; x_wconf 90' lang='lat' dir='ltr'><strong>multa,</strong></span> <span class='ocrx_word' id='word_1_308' title='bbox 720 4606 913 4705; x_wconf 85' lang='lat' dir='ltr'><strong>etquidem</strong></span> <span class='ocrx_word' id='word_1_309' title='bbox 939 4608 1070 4681; x_wconf 93' lang='lat' dir='ltr'><strong>meliori</strong></span> <span class='ocrx_word' id='word_1_310' title='bbox 1104 4605 1240 4680; x_wconf 91' lang='lat' dir='ltr'><strong>saeculo</strong></span> <span class='ocrx_word' id='word_1_311' title='bbox 1274 4606 1395 4698; x_wconf 90' lang='lat' dir='ltr'><strong>digna,</strong></span> <span class='ocrx_word' id='word_1_312' title='bbox 1422 4603 1525 4676; x_wconf 89' lang='lat' dir='ltr'><strong>edidit</strong></span> <span class='ocrx_word' id='word_1_313' title='bbox 1552 4603 1739 4697; x_wconf 86' lang='lat' dir='ltr'><strong>Gregorius</strong></span> <span class='ocrx_word' id='word_1_314' title='bbox 1764 4605 1953 4680; x_wconf 85' lang='lat' dir='ltr'><strong>Abuliora-</strong></span> 
     </span>
     <span class='ocr_line' id='line_1_37' title="bbox 578 4717 1953 4818; baseline -0.001 -22"><span class='ocrx_word' id='word_1_315' title='bbox 578 4728 667 4816; x_wconf 86' lang='lat' dir='ltr'><strong>gius,</strong></span> <span class='ocrx_word' id='word_1_316' title='bbox 693 4724 982 4813; x_wconf 88' lang='lat' dir='ltr'><strong>Nomocanonem,</strong></span> <span class='ocrx_word' id='word_1_317' title='bbox 1003 4721 1271 4812; x_wconf 85' lang='lat' dir='ltr'><strong>Granunaticam,</strong></span> <span class='ocrx_word' id='word_1_318' title='bbox 1290 4730 1324 4794; x_wconf 90' lang='lat' dir='ltr'><strong>et</strong></span> <span class='ocrx_word' id='word_1_319' title='bbox 1349 4720 1414 4792; x_wconf 92' lang='lat' dir='ltr'><strong>alia</strong></span> <span class='ocrx_word' id='word_1_320' title='bbox 1442 4717 1589 4809; x_wconf 90' lang='lat' dir='ltr'><strong>nonulla,</strong></span> <span class='ocrx_word' id='word_1_321' title='bbox 1617 4731 1652 4792; x_wconf 93' lang='lat' dir='ltr'><strong>ut</strong></span> <span class='ocrx_word' id='word_1_322' title='bbox 1669 4719 1816 4815; x_wconf 79' lang='lat' dir='ltr'><strong>pluribus</strong></span> <span class='ocrx_word' id='word_1_323' title='bbox 1843 4722 1953 4818; x_wconf 88' lang='lat' dir='ltr'><strong>prod-</strong></span> 
     </span>
     <span class='ocr_line' id='line_1_38' title="bbox 578 4835 1953 4935; baseline -0.004 -23"><span class='ocrx_word' id='word_1_324' title='bbox 578 4861 657 4913; x_wconf 89' lang='lat' dir='ltr'><strong>esse</strong></span> <span class='ocrx_word' id='word_1_325' title='bbox 688 4850 848 4935; x_wconf 89' lang='lat' dir='ltr'><strong>possent,</strong></span> <span class='ocrx_word' id='word_1_326' title='bbox 883 4861 958 4911; x_wconf 92' lang='lat' dir='ltr'><strong>cum</strong></span> <span class='ocrx_word' id='word_1_327' title='bbox 989 4838 1133 4935; x_wconf 74' lang='lat' dir='ltr'><strong>Syriaco</strong></span> <span class='ocrx_word' id='word_1_328' title='bbox 1164 4839 1306 4933; x_wconf 91' lang='lat' dir='ltr'><strong>primum</strong></span> <span class='ocrx_word' id='word_1_329' title='bbox 1332 4838 1543 4931; x_wconf 83' lang='lat' dir='ltr'><strong>scripsisset,</strong></span> <span class='ocrx_word' id='word_1_330' title='bbox 1576 4835 1727 4910; x_wconf 83' lang='lat' dir='ltr'><strong>Arabiae</strong></span> <span class='ocrx_word' id='word_1_331' title='bbox 1759 4848 1811 4912; x_wconf 90' lang='lat' dir='ltr'><strong>est</strong></span> <span class='ocrx_word' id='word_1_332' title='bbox 1844 4841 1953 4908; x_wconf 89' lang='lat' dir='ltr'><strong>inter-</strong></span> 
     </span>
     <span class='ocr_line' id='line_1_39' title="bbox 577 4953 1954 5050; baseline -0.001 -26"><span class='ocrx_word' id='word_1_333' title='bbox 577 4961 736 5049; x_wconf 91' lang='lat' dir='ltr'><strong>pretatus.</strong></span> <span class='ocrx_word' id='word_1_334' title='bbox 792 4953 877 5027; x_wconf 82' lang='lat' dir='ltr'><strong>Sunt</strong></span> <span class='ocrx_word' id='word_1_335' title='bbox 909 4963 1019 5026; x_wconf 86' lang='lat' dir='ltr'><strong>tamen</strong></span> <span class='ocrx_word' id='word_1_336' title='bbox 1053 4955 1129 5026; x_wconf 90' lang='lat' dir='ltr'><strong>anni</strong></span> <span class='ocrx_word' id='word_1_337' title='bbox 1161 4975 1269 5050; x_wconf 89' lang='lat' dir='ltr'><strong>prope</strong></span> <span class='ocrx_word' id='word_1_338' title='bbox 1301 4955 1474 5044; x_wconf 85' lang='lat' dir='ltr'><strong>sexcenti,</strong></span> <span class='ocrx_word' id='word_1_339' title='bbox 1507 4973 1553 5022; x_wconf 91' lang='lat' dir='ltr'><strong>ex</strong></span> <span class='ocrx_word' id='word_1_340' title='bbox 1578 4972 1644 5047; x_wconf 89' lang='lat' dir='ltr'><strong>quo</strong></span> <span class='ocrx_word' id='word_1_341' title='bbox 1670 4953 1784 5045; x_wconf 91' lang='lat' dir='ltr'><strong>lingua</strong></span> <span class='ocrx_word' id='word_1_342' title='bbox 1810 4953 1954 5050; x_wconf 70' lang='lat' dir='ltr'><strong>Syriaca</strong></span> 
     </span>
    </p>
   </div>
   <div class='ocr_carea' id='block_1_5' title="bbox 0 0 2394 6034">
    <p class='ocr_par' dir='ltr' id='par_1_5' title="bbox 0 0 2394 6034">
     <span class='ocr_line' id='line_1_40' title="bbox 0 0 2394 6034; baseline 0 11"><span class='ocrx_word' id='word_1_343' title='bbox 0 0 2394 6034; x_wconf 95' lang='lat' dir='ltr'><strong> </strong></span> 
     </span>
    </p>
   </div>
  </div>
 </body>
</html>
