4686 6060
752 567 829 681 'aaa
1155 591 1759 692 ournrarnaoun

749 798 896 878 currunt,
922 799 988 860 tam
1015 789 1050 857 in
1076 781 1295 878 Coptitarum,
1323 804 1421 876 quam
1454 784 1487 852 in
1519 779 1796 852 Nestorianorum
1828 775 1975 848 historia.
2029 773 2132 846 Nunc

748 927 835 977 vero
862 914 932 976 toto
960 901 1098 973 Oriente
1124 901 1186 970 vix
1212 897 1308 970 aliter
1334 887 1414 968 liunt
1439 894 1672 967 Patriarchae:
1707 915 1818 988 neque
1843 890 2001 981 libertae,
2029 911 2124 984 quam

750 1017 928 1113 aliquando
955 1015 1134 1089 Christiani
1161 1011 1326 1103 obtinent,
1353 1011 1448 1082 ubter
1481 1011 1599 1084 haberi
1625 1019 1756 1105 potest,
1791 1010 1855 1082 nisi
1889 1006 1984 1103 plura
2018 1027 2122 1100 prae-

750 1133 883 1224 stando,
910 1141 966 1203 aut
991 1128 1193 1228 pollicendo,
1221 1150 1319 1222 quam
1345 1124 1530 1198 nebulones
1557 1125 1644 1219 apud
1671 1126 1792 1196 aerarii
1826 1119 2018 1219 praefectos
2045 1121 2123 1216 pol-

750 1247 831 1321 liciti
857 1253 944 1336 sunt,
972 1254 1029 1318 aut
1054 1250 1406 1340 repraesentaverunt.
1452 1239 1506 1311 Ne
1532 1242 1633 1332 igitur
1660 1238 1790 1310 delectu
1817 1238 2002 1311 autoritatis
2028 1238 2123 1331 prin-

751 1367 860 1458 cipum
887 1361 1065 1436 schismata
1091 1380 1153 1454 per
1179 1357 1332 1430 diversas
1366 1355 1532 1428 factiones
1559 1355 1694 1441 fierent,
1731 1353 1910 1450 prudenter
1945 1353 2123 1422 institutum

750 1477 832 1566 luit,
867 1477 1073 1571 relatumque
1109 1479 1194 1546 inter
1226 1473 1488 1563 constitutiones
1520 1470 1800 1558 Ecclesiasticas,
1838 1477 1874 1540 ut
1905 1489 2027 1556 nemo,
2061 1468 2124 1540 nisi

751 1591 893 1689 probata
920 1601 1012 1665 esset
1037 1612 1099 1686 per
1125 1588 1318 1662 saeculares
1349 1589 1521 1682 Principes
1555 1587 1627 1676 ejus
1662 1585 1801 1673 electio,
1831 1586 1865 1654 in
1900 1580 2124 1654 Patriarcharn

753 1717 1020 1796 consecraretur,
1048 1717 1103 1779 aut
1129 1704 1319 1796 eligeretur.
1363 1700 1414 1774 Ea
1436 1705 1566 1774 ratione
1589 1699 1848 1797 approbantibus
1873 1697 2052 1793 Episcopis
2073 1700 2123 1767 ir-

753 1825 816 1892 rita
849 1821 937 1894 lacta
970 1831 1022 1896 est
1055 1821 1176 1893 electio
1218 1819 1358 1910 Georgii
1390 1817 1533 1889 Diaconi
1565 1815 1743 1890 Ecclesiae
1769 1815 1891 1902 Saea,
1910 1817 1965 1908 qui
2000 1812 2125 1906 absque

712 1963 718 1982 =
752 1941 919 2033 permissu
944 1936 1177 2011 Abdel-Azini
1196 1931 1371 2030 praelecti,
1398 1957 1418 2005 a
1437 1931 1631 2029 quibusdam
1650 1933 1775 2005 electus
1789 1929 1915 2003 luerat:
1943 1928 2124 2002 etlsaacus

463 2413 553 2468 lllodus
580 2412 740 2482 procedendi

427 2483 461 2536 ad
475 2483 635 2536 electionem.

753 2051 841 2124 XLI.
870 2057 942 2146 ejus
969 2052 1046 2126 loco
1074 2054 1280 2125 constitutus.
1306 2047 1350 2120 Et
1375 2059 1452 2145 post
1479 2049 1605 2122 obitmn
1623 2047 1792 2143 Theodori
1819 2045 1923 2118 XLV.
1950 2042 2123 2116 lacobitae

755 2165 810 2240 diu
835 2172 1001 2240 neminem
1027 2169 1201 2260 elegenmt
1227 2169 1259 2236 in
1287 2168 1361 2258 eJus
1387 2163 1510 2256 locum,
1537 2167 1614 2260 quia
1639 2163 1822 2236 Kassemus
1841 2162 1994 2257 Aegypti
2020 2181 2125 2255 prae-

753 2281 861 2356 lectus
888 2281 1056 2355 licentiam
1083 2290 1280 2374 negaverat.
1332 2279 1411 2355 Alia
1438 2278 1602 2371 ejusmodi
1629 2277 1785 2374 exempla
1812 2286 1999 2371 suppetunt.

856 2397 929 2470 XI».
958 2399 1033 2485 Qua
1059 2419 1144 2470 vero
1179 2398 1310 2469 ratione
1343 2394 1518 2467 coneibum
1553 2392 1670 2466 haberi
1705 2392 1747 2465 ad
1783 2393 1980 2464 electionem
2012 2392 2126 2462 Patri-

753 2512 928 2584 archarum
962 2513 1107 2600 soleret,
1144 2511 1242 2584 docet
1275 2515 1346 2584 vita
1389 2510 1515 2585 Cbailis
1548 2509 1667 2582 XLVI.
1720 2509 1758 2582 ln
1791 2529 1832 2580 ea
1866 2513 1954 2580 enim
1986 2507 2127 2580 relcrtur

753 2627 963 2724 Episcopos,
990 2629 1100 2701 statim
1127 2637 1225 2722 atque
1252 2627 1390 2700 blisram
1416 2633 1595 2714 venemnt,
1628 2623 1805 2697 Halethum
1837 2627 1988 2721 Aegypti
2020 2645 2126 2719 prae-

752 2742 876 2816 lectum
904 2744 1068 2831 adivisse,
1095 2741 1328 2838 licentiamque
1360 2740 1506 2834 eligendi
1539 2739 1767 2814 Patriarcharn
1800 2741 2006 2837 postulasse:
2039 2739 2128 2811 illum

752 2859 991 2954 respondisse,
1018 2869 1052 2930 ut
1078 2860 1164 2928 inter
1191 2878 1229 2930 se
1256 2863 1483 2932 consentirent
1510 2859 1599 2929 circa
1627 2879 1704 2928 eum
1730 2878 1828 2952 quem
1854 2855 2035 2926 Theodoro
2062 2853 2126 2924 de-

753 2971 868 3045 functo
900 2974 1052 3046 sufficere
1090 2972 1303 3066 cogitabant,
1339 2985 1458 3069 postea
1491 2971 1655 3063 redirent,
1689 2993 1810 3066 seque,
1846 2971 1935 3066 quod
1970 2973 2128 3065 optimum

755 3088 849 3160 actuf
889 3089 1081 3180 videretur,
1119 3092 1363 3185 imperaturum.
1425 3087 1659 3160 Consederunt
1697 3090 1731 3157 in
1769 3085 1924 3160 Ecclesia
1967 3085 2128 3182 Episcopi

751 3206 848 3295 juxta
881 3203 1031 3276 ordinem
1058 3226 1172 3295 suum,
1198 3204 1263 3278 hoc
1289 3214 1342 3278 est
1368 3206 1592 3300 antiquitatem
1621 3201 1845 3275 Ordinationis
1871 3224 1972 3276 suae:
2008 3222 2127 3274 sacer-

755 3319 852 3396 dotes
879 3342 987 3416 prope
1012 3319 1213 3418 Episcopum
1242 3322 1381 3416 quisque
1409 3342 1520 3394 suum:
1547 3321 1581 3390 in
1607 3317 1717 3390 medio
1739 3318 1936 3392 sacerdotes
1951 3317 2128 3392 Ecclesiae

723 3435 726 3442 '
753 3433 1022 3522 Alexandrinae,
1050 3457 1125 3506 cum
1150 3438 1343 3531 Protopapa
1369 3457 1442 3522 suo,
1471 3437 1526 3530 qui
1541 3433 1846 3508 Alexmdnnorum
1871 3438 2006 3508 nomine
2023 3435 2129 3508 rerba

753 3549 909 3624 iaciebat.
969 3552 1002 3624 ls
1036 3563 1109 3624 erat
1145 3550 1426 3648 Presbyterorum
1457 3555 1602 3645 primus,
1638 3573 1724 3645 quae
1739 3551 1902 3643 dignitas
1934 3572 2003 3622 non
2043 3548 2130 3647 apud

755 3665 928 3739 Jacobitas
953 3664 1073 3757 modo,
1101 3666 1162 3739 sed
1189 3669 1288 3738 ctiam
1316 3666 1404 3762 apud
1429 3664 1604 3738 lllelchitas
1624 3664 1745 3737 Graeci
1762 3668 1843 3738 ritus
1863 3662 2015 3756 vigebat,
2042 3663 2129 3735 unde

660 3841 667 3848 .
756 3784 856 3852 etiam
880 3779 1031 3855 Arabice
1059 3781 1245 3855 scribentes
1271 3804 1392 3854 vocem
1419 3785 1571 3877 Πρῶτος
1597 3790 1837 3855 servaverunt:
1870 3779 1963 3853 Talis
1991 3788 2065 3850 erat
2090 3781 2129 3866 is,

758 3919 858 3992 quem
902 3899 956 3967 vir
986 3896 1197 3970 Clarissimus
1234 3895 1428 3969 Guillelmus
1468 3896 1699 3988 Beveregius,
1739 3905 1890 3969 autorem
1926 3897 2130 3968 existimavit

755 4011 934 4082 versionis·
950 4010 1120 4083 Arabicae
1147 4009 1339 4099 Oanonnm,
1366 4033 1464 4106 quam
1491 4011 1592 4084 edidit
1619 4021 1696 4084 ante
1717 4033 1823 4084 annos
1838 4011 1977 4107 aliquot:
2009 4033 2130 4105 quam-

638 4149 646 4164 *
757 4128 829 4216 viS,
855 4133 890 4196 ut
919 4123 983 4196 alio
1010 4125 1088 4199 loeo
1116 4124 1390 4213 observavimus,
1422 4125 1500 4197 nibil
1533 4125 1621 4197 aliud
1655 4125 1778 4198 verba.
1796 4147 1882 4221 quae
1915 4127 1957 4196 ad
1986 4125 2131 4200 frontem

464 4837 617 4894 Sacerdotes
630 4839 744 4893 Alexan·

433 4922 508 4976 drini.

758 4237 892 4314 Codicis
918 4238 983 4312 bls.
1009 4253 1143 4337 reperta
1171 4252 1265 4330 sunt,
1294 4240 1495 4334 significent,
1523 4243 1587 4316 nisi
1613 4236 1962 4338 quodlosepbns'ille
1983 4264 2130 4338 posses—

758 4379 816 4432 sor
842 4353 918 4428 libri
943 4353 1060 4445 luerit,
1088 4361 1161 4452 qui,
1189 4366 1225 4428 ut
1252 4357 1440 4431 Orientales
1473 4357 1597 4447 solent,
1630 4356 1717 4430 hanc
1751 4361 2014 4450 inaugurationis
2050 4377 2131 4432 suae

756 4483 891 4562 notam,
927 4470 1003 4542 dum
1042 4474 1218 4562 otiaretur,
1244 4473 1457 4567 praelixerat.
1518 4475 1669 4570 Πρῶτος
1700 4476 1801 4566 igitur
1834 4485 1924 4565 erat,
1956 4484 1992 4544 ut
2025 4473 2130 4564 vrdgo

758 4589 961 4676 diceremus,
989 4589 1153 4682 antiquior
1179 4591 1254 4659 sive
1279 4588 1436 4661 Decanus
1464 4588 1675 4662 sacerdotum
1701 4587 1895 4682 Ecclesiae,
1929 4601 1963 4664 et
1988 4593 2023 4662 in
2056 4592 2130 4664 sin-

757 4705 845 4796 gulis
871 4702 1034 4774 Ecclesiis
1062 4726 1142 4776 suus
1170 4714 1242 4776 erat
1268 4708 1428 4802 Πρῶτος.

861 4816 949 4891 XLI.
976 4819 1013 4890 Iu
1039 4818 1103 4892 illis
1130 4821 1230 4912 igitur
1241 4815 1383 4893 comitiis
1396 4815 1662 4910 Ecclesiasticis,
1689 4825 1814 4917 primas
1835 4821 1994 4895 tenebant
2011 4841 2132 4892 sacer-

760 4932 855 5006 dotes
889 4934 1130 5024 Alexandrini,
1174 4938 1250 5030 quia
1287 4937 1463 5030 antiquitus
1500 4935 1575 5008 dum
1611 4935 1676 5011 sibi
1711 4938 1916 5034 Episcopum
1953 4935 2134 5030 eligebant,

758 5047 894 5142 reliquis
931 5050 1095 5125 Ecclesiis
1129 5050 1429 5148 Archiepiscopum
1472 5061 1505 5124 et
1545 5073 1735 5149 supremum
1768 5055 1962 5130 Antistitem
2001 5053 2132 5126 dabant
