4680 6044
656 605 708 679 lo
726 603 932 681 LITURGIAM
953 604 1146 684 coctionis
1170 609 1201 686 S.
1218 610 1363 688 BASlbll.
1619 619 1691 692 itt

403 787 500 851 llulto
529 788 626 869 magis
660 796 787 850 cavetur
816 806 854 850 ne
883 789 998 851 acidum
1028 790 1181 858 offeratur.
1230 794 1311 857 idem
1342 795 1513 879 Episcopus
1541 799 1689 867 lieliobac
1757 823 2014 884 Canonicianus

319 887 426 950 eodem
449 887 518 950 loco
543 895 599 951 art.
625 883 677 948 3¹.
701 887 798 948 Panis
819 886 1050 952 Euebaristicas
1069 892 1162 970 fissus
1184 902 1230 955 est
1249 902 1304 956 ortt
1324 904 1447 975 ruptus:
1475 905 1611 977 potestne
1639 903 1692 983 of·
1704 909 1768 960 vitio
1779 912 1805 962 m
1815 927 1882 978 pane
1891 923 1934 966 aut
1944 919 2016 969 vino.

312 987 394 1065 ferri
415 1006 456 1049 ea
483 989 544 1048 eo?
573 985 608 1047 ll.
639 984 804 1066 Ebpertdus
833 993 881 1048 est
908 987 1015 1048 melior
1044 997 1074 1051 et
1093 992 1227 1070 inteper:
1257 1001 1356 1056 tannen
1386 994 1424 1057 ob
1454 1014 1560 1059 canam
1588 1020 1692 1064 rerum

316 1086 464 1166 defectm
494 1104 572 1166 qaae
601 1086 644 1145 ad
672 1086 778 1146 melius
807 1086 991 1162 conducunt,
1030 1107 1090 1150 aaa
1118 1099 1164 1150 est
1190 1090 1399 1154 abstinendum
1425 1094 1466 1156 ab
1492 1095 1692 1160 Eucharistia

316 1185 508 1250 celebranda.
551 1183 614 1245 Sed
635 1185 756 1264 quanda
778 1185 879 1245 uiuum
901 1186 933 1244 ia
955 1193 1073 1247 acetum
1095 1195 1239 1250 mutatum
1261 1189 1467 1272 est,Liturpia
1483 1212 1550 1255 curn
1572 1214 1609 1257 eo
1630 1217 1691 1259 nou

315 1292 361 1345 est
382 1283 581 1358 celebranda,
612 1283 733 1344 etiamsi
761 1282 847 1344 atiud
871 1301 932 1344 nou
954 1286 1133 1364 reperiatur.
1177 1286 1297 1349 Etenim
1318 1288 1479 1369 Scriptura
1501 1292 1607 1354 divina
1624 1313 1691 1375 pa-

313 1403 381 1444 nem
403 1389 433 1445 et
451 1384 554 1444 vinum
575 1381 715 1443 adhiberi
730 1381 898 1460 praecipit:
926 1384 1018 1462 punis
1045 1391 1144 1445 uatem
1165 1384 1412 1464 Suebos-istisne,
1435 1408 1502 1452 cum
1521 1392 1614 1470 lisura
1635 1403 1689 1469 est,

314 1499 374 1542 nou
396 1481 506 1542 amittit
522 1481 616 1562 panis
642 1489 799 1556 naturam,
822 1498 981 1560 saporem,
1008 1483 1257 1562 appellationem,
1286 1494 1341 1547 aut
1365 1487 1530 1550 utilitatem.
1575 1488 1690 1555 Contra

313 1579 416 1640 viuum
448 1598 535 1641 amm
558 1598 690 1658 morato
715 1587 858 1642 naturam
889 1581 1013 1656 omittit,
1050 1583 1171 1662 quarmo
1201 1584 1233 1644 in
1255 1586 1337 1646 aceti
1357 1604 1510 1665 saporem,
1532 1607 1639 1652 nmero
1662 1599 1692 1653 et

313 1695 400 1739 urum
421 1697 542 1740 aarum
564 1687 628 1740 est:
658 1686 747 1758 almae
775 1680 820 1740 ito
842 1679 917 1740 illud
937 1677 1048 1759 afferre
1078 1683 1198 1743 ansuino
1224 1703 1285 1744 non
1307 1684 1385 1745 licet.
1430 1684 1574 1749 Eamdem
1596 1689 1690 1751 disci-

314 1774 426 1856 plinam
459 1784 549 1856 atque
579 1775 685 1838 iisdem
715 1775 817 1839 verbis
848 1778 988 1857 exprimit
1017 1777 1227 1841 Eehminensis
1256 1781 1286 1842 in
1315 1779 1504 1846 Collectione'
1533 1784 1687 1848 Canopum

317 1891 381 1955 cap.
406 1873 456 1937 ll.
480 1881 510 1949 s.
533 1875 564 1940 l.
611 1873 733 1937 Gabriel
756 1874 929 1938 Patriarcha
953 1875 983 1937 in
1004 1876 1123 1942 Rituali.
1158 1876 1336 1959 Anonymus
1360 1881 1398 1943 de
1421 1883 1528 1946 ritibus
1550 1886 1580 1946 in
1596 1884 1689 1947 Missa

313 1973 472 2036 servandis
496 1975 632 2037 etmulti
657 1974 714 2036 alii.
760 1973 927 2055 Praecipue
949 1993 1024 2037 vero
1049 1977 1146 2038 omnia
1175 1979 1279 2057 paucis
1313 1980 1416 2042 verbis
1440 1981 1617 2063 complexus
1640 1990 1687 2046 est

312 2070 470 2151 Barsalibi‚
493 2081 525 2135 ut
548 2073 639 2136 docet
660 2089 717 2134 nos
740 2071 900 2136 Tractatus
922 2073 1071 2138 Arabicus
1095 2075 1133 2136 de
1155 2077 1191 2138 iis
1215 2094 1292 2157 quae
1315 2077 1353 2140 ad
1368 2077 1523 2164 Liturgiae
1546 2080 1687 2144 celebra-

312 2171 424 2235 tionem
448 2172 606 2236 observsri
629 2172 756 2235 debent:
779 2172 841 2252 ubi,
865 2180 971 2236 eontra
993 2175 1172 2238 sententium
1193 2175 1350 2240 blicbablis
1373 2177 1516 2260 Episcopi
1538 2179 1686 2245 llelicbae

313 2274 453 2354 superius
476 2273 611 2353 relatam,
633 2291 755 2338 succum
779 2275 907 2336 exavis
930 2275 1074 2354 exprimi,
1099 2282 1130 2337 et
1152 2295 1193 2338 ex
1215 2276 1273 2339 illis
1295 2277 1536 2342 Eucharisticum
1559 2281 1686 2344 calicem

312 2373 427 2452 oiierri,
451 2373 544 2436 licere
563 2375 724 2438 existimat.
770 2372 879 2435 Oblata
895 2374 1082 2450 observetur,
1104 2377 1149 2437 ita
1163 2383 1302 2456 utaequa
1312 2379 1389 2456 fissa
1403 2381 1551 2460 sitneque
1563 2381 1686 2457 adusta,

312 2474 368 2536 sed
388 2475 522 2553 intepro:
544 2494 639 2554 neque
656 2480 786 2553 paretur
807 2474 852 2534 ita
872 2481 906 2534 ut
926 2473 976 2535 aet
993 2473 1176 2551 [amentata
1197 2493 1258 2536 aaa
1280 2477 1330 2551 sit,
1351 2476 1589 2556 aelfermentum
1610 2499 1686 2540 aco-

311 2591 374 2634 rem
395 2575 592 2635 eontraaerit.
636 2571 672 2634 iu
693 2572 873 2634 necessitate
897 2590 994 2651 porro
1017 2571 1169 2634 celebrari
1196 2571 1336 2654 Lituryiu
1360 2583 1461 2655 potest
1489 2595 1557 2639 carn
1584 2578 1688 2640 oblato

311 2691 389 2752 quae
412 2674 489 2751 fissa
517 2673 591 2747 erit,
618 2671 707 2732 modo
735 2671 774 2732 de
801 2679 921 2732 caetera
949 2671 1068 2749 intepra
1097 2672 1147 2747 sit,
1174 2671 1214 2732 ab
1243 2689 1351 2754 azymo
1380 2681 1435 2735 cut
1460 2663 1563 2736 acore.
1607 2675 1687 2738 Nam

311 2773 431 2834 adustio
454 2789 532 2852 qaae
550 2771 692 2850 &ruram
712 2771 818 2849 pipnit,
841 2787 908 2830 eam
929 2788 990 2830 non
1011 2778 1109 2831 mutat
1128 2789 1149 2832 a
1171 2778 1284 2833 natura
1296 2773 1398 2850 panis.
1445 2770 1592 2836 Obremet
1607 2793 1686 2856 ᾳιιυ-

310 2889 367 2950 pue
387 2869 541 2932 Sacerdos
563 2869 721 2949 dilipenter
740 2869 853 2943 uiuum,
874 2887 912 2928 ne
933 2870 965 2928 iu
977 2875 1094 2930 acetum
1111 2888 1237 2931 nasum
1248 2869 1352 2949 fuerit,
1375 2878 1579 2951 autsaporem
1600 2892 1687 2935 mum

311 2971 459 3032 amiserit.
503 2967 539 3030 iu
561 2967 742 3030 necessitate
769 2975 870 3029 autem
898 2975 1037 3029 sumatur
1056 2985 1185 3029 aearum
1205 2988 1332 3046 mecca,
1358 2977 1413 3031 aut
1433 2990 1474 3032 ea
1494 2972 1564 3033 uoto
1581 2973 1687 3050 passis

310 3068 408 3149 bquor
428 3086 607 3148 εωριοιειιι,
633 3066 723 3128 modo
750 3084 860 3145 cepero
886 3067 927 3127 sit
952 3067 1033 3146 ipnis
1062 3073 1116 3128 aut
1142 3067 1268 3129 citemus
1288 3067 1460 3147 bajusmadi
1480 3071 1687 3132 excoctionis:

311 3186 378 3230 arm
399 3168 479 3229 enim
505 3168 608 3228 ninum
638 3164 746 3226 bonum
768 3166 867 3241 deest,
897 3183 964 3226 arm
993 3167 1052 3226 isto
1079 3163 1220 3244 Liturpia
1251 3165 1400 3228 celebrari
1422 3175 1532 3246 potest.
1582 3170 1686 3231 Vinum

310 3267 432 3329 acidum
453 3267 483 3327 si
501 3263 606 3344 tacut,
628 3271 684 3326 aut
702 3282 845 3343 saporem
866 3265 997 3326 alienum
1019 3264 1222 3339 emunxerit,
1244 3265 1424 3346 odarermue
1446 3267 1595 3341 ammerit,
1618 3285 1686 3328 arm

310 3385 346 3428 eo
369 3365 559 3428 caesenatia
579 3364 649 3444 fieri
668 3382 728 3425 uon
747 3371 865 3443 potest,
894 3383 930 3425 eo
958 3362 1037 3422 enim
1064 3361 1153 3422 niodo
1182 3363 1267 3424 eruit
1294 3364 1359 3424 aiui
1385 3371 1544 3439 maram,
1567 3372 1686 3426 etcum

309 3465 516 3528 denuntiatae
538 3463 743 3538 emtditioaea,
767 3463 932 3526 amittenda
954 3466 1001 3522 est
1021 3458 1181 3540 Liturpice
1203 3459 1375 3522 celebratio.
1421 3460 1504 3523 llaec
1526 3461 1683 3540 Barsalibi‚

311 3581 388 3645 quae
412 3561 568 3626 conciliari
589 3570 718 3643 possunt
741 3579 808 3624 eum
831 3561 889 3623 alia
912 3557 1080 3634 sententia,
1111 3558 1180 3637 quia
1207 3575 1281 3619 usus
1303 3558 1387 3638 passi
1409 3561 1591 3638 permittitur
1612 3566 1685 3620 tan-

310 3669 371 3726 tum
394 3663 424 3724 in
448 3667 583 3724 extrema
604 3661 795 3723 necessitate.
839 3657 927 3722 Adeo
951 3664 1049 3721 sulem
1065 3673 1125 3718 non
1139 3655 1300 3719 obliterata
1316 3663 1362 3719 est
1384 3656 1545 3720 curahsec
1559 3676 1683 3735 summu,

310 3779 398 3843 quom
421 3758 560 3841 Coptitae
583 3757 724 3821 adhibent
745 3761 775 3820 in
799 3755 1015 3839 praeparandis
1045 3753 1201 3817 elementis
1231 3754 1269 3817 ad
1298 3757 1558 3819 consecrationem
1587 3756 1684 3818 desti-

309 3860 398 3940 natis,
420 3867 465 3939 ut,
489 3857 570 3939 quod
592 3850 786 3922 Wnnslebius
809 3857 938 3932 notavit,
968 3853 1027 3916 huc
1050 3870 1146 3935 usque
1169 3851 1208 3914 ml
1230 3853 1324 3916 altare
1348 3871 1408 3915 non
1432 3853 1560 3916 offerant
1582 3854 1684 3916 vinum

310 3977 350 4022 ex
372 3957 534 4040 oenopolio
557 3957 699 4038 petitum,
733 3963 875 4036 tanquam
904 3952 1035 4017 mistioni
1061 3952 1243 4030 obnoxium,
1269 3959 1320 4014 aut
1347 3967 1408 4013 non
1434 3954 1508 4014 satis
1538 3952 1684 4016 decenter

309 4056 450 4120 habitum.
494 4055 540 4118 De
563 4054 763 4136 Aethiopibus
786 4055 818 4116 in
841 4071 969 4135 quorum
992 4050 1150 4131 disciplina
1179 4051 1275 4132 major
1304 4048 1462 4114 difficultas
1484 4050 1619 4130 videtur,
1644 4069 1683 4114 eo

309 4157 390 4237 quod
408 4174 482 4218 uvas
499 4172 597 4237 prope
608 4155 707 4216 siccas
724 4172 800 4235 aquo
820 4171 977 4216 macerare
995 4151 1146 4229 contenti,
1170 4169 1210 4213 ex
1232 4149 1284 4212 illo
1300 4167 1410 4239 succo,
1435 4149 1485 4231 qui
1500 4151 1568 4231 plus
1585 4167 1683 4230 aquae

309 4254 422 4318 habere
444 4248 580 4332 videtur‚'
612 4253 790 4316 sacrificium
814 4252 960 4327 olierunt;
992 4257 1042 4313 aut
1064 4249 1171 4327 etiam,
1199 4250 1226 4310 si
1248 4266 1308 4328 nou
1330 4247 1424 4310 inlsus
1446 4248 1501 4310 fuit
1522 4247 1682 4311 Abuselali

307 4354 468 4432 Amoenus,
492 4373 532 4416 ea
553 4372 635 4434 omia
656 4354 723 4416 scia
744 4353 870 4415 calicem
891 4354 1026 4426 misceat,
1050 4347 1131 4428 quod
1153 4356 1253 4410 tamen
1275 4365 1292 4408 a
1315 4349 1433 4410 nemine
1456 4354 1579 4427 praeter
1600 4346 1682 4408 illum

307 4453 417 4517 idoneo
440 4458 545 4515 autore
567 4453 730 4515 memoriae
753 4451 904 4534 proditum
927 4455 991 4512 est:
1015 4449 1041 4510 si
1064 4446 1290 4526 necessaium,
1313 4464 1444 4527 peccare
1467 4445 1535 4510 illos
1558 4447 1589 4507 in
1610 4461 1679 4506 mn-

307 4553 383 4614 teria
406 4553 581 4616 necessario
604 4560 718 4614 certum
742 4557 798 4613 est.

395 4651 543 4733 Superest
572 4669 668 4732 aquae
697 4650 811 4727 mistio,
846 4667 935 4728 quam
963 4661 1069 4709 omnes
1098 4643 1331 4706 Ecclesiasticse
1361 4643 1557 4707 Orientalium
1590 4641 1678 4723 leges
1725 4640 1817 4710 Aquae
1834 4641 1927 4694 mistio.

306 4750 536 4828 praescribunt3
566 4768 626 4832 qua
655 4751 744 4812 ctiam
773 4749 891 4809 ratione
920 4747 950 4806 in
973 4743 1128 4822 Liturgiae
1150 4745 1304 4820 oratione,
1331 4761 1498 4825 perquam
1521 4745 1679 4805 invocatur

307 4847 436 4928 Spiritus
459 4857 593 4929 sanctus,
616 4849 696 4930 quod
719 4847 815 4911 calice
839 4847 1025 4921 continetur,
1049 4857 1110 4902 non
1133 4844 1249 4920 vinum,
1278 4841 1334 4906 sed
1356 4845 1475 4906 mistum
1498 4841 1679 4923 appellatur,
1784 4829 1793 4848 ’

307 4945 337 5006 in
359 4946 515 5028 plerisque
538 4947 672 5030 Syriacis
693 4947 896 5011 insolitorum
918 4941 1078 5024 liturgiis,
1108 4942 1191 5002 etin
1214 4961 1250 5004 ea
1272 4941 1416 5004 Oratione
1439 4941 1518 5023 apud
1542 4940 1679 5020 Coptitas

307 5061 385 5124 quae
407 5046 497 5127 paulo
520 5055 589 5128 post
611 5050 641 5111 in
663 5047 798 5128 Litargia
826 5045 970 5124 sequitur.
1013 5039 1154 5103 Armenia
1183 5060 1304 5122 quoque
1333 5042 1408 5104 vitio
1436 5041 1575 5120 vertitur,
1598 5041 1679 5121 quod

1390 5159 1471 5232 38*
