4670 6046
677 587 718 664 ιιι
733 587 939 664 alumenu
955 581 1149 663 coruom
1165 585 1195 662 s.
1213 584 1398 662 coeman.
1650 587 1725 660 aas
1792 555 1795 566 '

353 773 472 838 Gracco
496 771 591 835 textui
615 770 754 854 adjuncta
776 771 855 834 illam
879 778 1020 833 accurate
1042 776 1073 832 et
1091 768 1237 831 verbatim
1260 777 1478 851 repraesentat.
1502 771 1618 851 ltaque,
1642 772 1723 852 quod

353 873 453 936 obiter
475 870 707 948 observandum,
730 879 857 954 rogetur
880 868 1027 947 Christus,
1051 875 1083 930 ut
1114 869 1206 930 mittat
1229 869 1369 948 Spiritum
1399 887 1485 931 suum
1515 875 1666 946 sanctum;
1695 872 1725 932 in

353 970 461 1052 paribus
484 969 587 1032 verbis
610 977 779 1052 agnoscunt
802 968 939 1051 Coptitaa
964 968 1105 1049 Spiritum
1129 973 1264 1028 sanctum
1287 985 1356 1028 esse
1380 967 1520 1047 Spiritum
1544 967 1620 1046 Filii,
1644 977 1674 1031 et
1690 969 1727 1033 ab

353 1069 497 1132 comitti.
542 1068 667 1130 Mittitur
688 1085 764 1130 vero
789 1067 917 1150 Spiritus
940 1075 1062 1130 sanctus
1091 1066 1128 1129 ad
1159 1082 1235 1145 opus
1259 1064 1377 1145 aliquod
1400 1066 1543 1140 divinum,
1567 1075 1598 1128 et
1620 1065 1728 1130 huma-

353 1169 401 1229 nis
424 1167 538 1233 viribus
561 1167 712 1247 superius,
736 1165 817 1247 quod
841 1166 879 1229 de
903 1165 972 1246 alio,
997 1184 1085 1247 quam
1109 1163 1146 1226 de
1160 1165 1408 1228 transmutatione
1431 1165 1577 1228 donorum
1600 1166 1631 1227 in
1655 1182 1728 1229 cor-

351 1283 422 1347 pus,
445 1273 476 1328 et
498 1266 676 1347 sanguinem
700 1265 828 1344 Christi,
860 1265 986 1348 intelligi
1018 1281 1078 1326 non
1101 1271 1212 1343 potest.
1258 1263 1362 1342 ltaque
1392 1263 1465 1325 nihil
1495 1264 1552 1326 hac
1579 1267 1727 1328 sententia

351 1365 449 1448 magis
472 1365 678 1446 perspicuum,
702 1373 752 1427 aut
775 1367 870 1448 magis
893 1364 1033 1446 simplex,
1057 1371 1147 1444 atque
1170 1363 1207 1424 ad
1230 1370 1365 1424 veterem
1388 1361 1545 1426 Ecclesiae
1565 1360 1728 1428 Orientalis

352 1463 520 1526 doctrinam
543 1466 639 1545 magis
669 1464 941 1543 accommodatum,
972 1483 1038 1527 cum
1070 1481 1174 1526 omnes
1202 1462 1358 1546 Liturgiae
1386 1462 1541 1540 Graecae,
1573 1463 1727 1543 Syriacae,

353 1562 499 1644 Copticaa
522 1563 737 1644 cujuscumque
759 1565 835 1626 ritus
858 1571 909 1625 aut
931 1573 1045 1643 sectae,
1069 1562 1175 1625 iisdem
1198 1577 1296 1644 propo
1320 1563 1422 1624 verbis
1446 1569 1617 1624 contextam
1641 1579 1727 1624 cam-

341 1662 420 1724 dem
442 1663 609 1725 orationem
631 1670 872 1742 repraesentent.
917 1663 963 1725 De
986 1680 1115 1726 censura
1139 1679 1227 1743 quarn
1249 1663 1280 1724 in
1304 1679 1379 1740 eam,
1403 1669 1435 1723 ut
1459 1681 1475 1723 a
1499 1660 1624 1723 Graecis
1648 1679 1726 1724 con-

352 1768 502 1840 servatur,
525 1759 658 1822 tulerunt
680 1763 867 1824 recentiores
890 1762 1034 1842 nonnulli,
1058 1761 1124 1823 luse
1147 1761 1176 1822 in
1199 1761 1279 1823 notis
1302 1759 1340 1822 ad
1363 1761 1539 1822 Basilianam
1562 1759 1726 1844 liturgiam

352 1860 492 1939 diximus,
517 1877 595 1940 quac
619 1877 771 1940 reponere
795 1878 924 1924 necesse
953 1878 1014 1923 non
1044 1868 1100 1924 ast.
1146 1858 1179 1920 ld
1202 1858 1300 1922 solum
1332 1859 1519 1942 adjiciemus:
1551 1857 1630 1940 quod
1659 1877 1727 1922 curu

352 1959 401 2020 isti
425 1975 569 2022 censores
593 1957 759 2037 inolllcicsi,
784 1960 865 2020 orari
887 1977 948 2021 non
970 1978 1063 2042 posse
1092 1960 1262 2021 existiment
1292 1975 1348 2038 pro
1371 1958 1457 2020 donis
1478 1958 1538 2038 jam
1561 1975 1729 2021 consecra-

352 2057 401 2136 tis,
424 2066 530 2120 contra
553 2059 645 2120 totius
668 2057 826 2120 Ecclesiae
849 2059 963 2120 veteris
987 2057 1150 2121 Orientalis
1173 2064 1203 2118 et
1216 2055 1419 2118 Occidentalis
1443 2057 1624 2136 exemplum,
1649 2071 1727 2137 quae

351 2157 496 2220 similibus
525 2157 712 2220 orationibus
736 2158 834 2220 deteri
856 2156 1019 2220 verborum
1043 2157 1156 2220 Christi
1178 2154 1339 2216 clllcacianr
1361 2173 1512 2236 nunquam
1535 2155 1726 2231 existimavit,

352 2256 470 2318 exista
500 2256 703 2339 intelligimus,
733 2256 870 2338 Coptltas
901 2275 1014 2338 corpus
1044 2255 1156 2318 Christi
1181 2256 1243 2335 jam
1273 2271 1419 2334 praesens
1451 2271 1633 2335 agnoscere,
1657 2270 1724 2314 curn

351 2352 449 2430 illam,
478 2361 509 2416 et
536 2352 759 2418 invocationem
788 2373 866 2436 quae
897 2358 1048 2437 sequitur,
1078 2357 1288 2436 pronunciant.
1340 2357 1380 2419 At
1411 2356 1487 2419 haec
1517 2355 1727 2418 controversia

351 2453 559 2517 Protestantes
582 2453 654 2517 nihil
672 2455 772 2535 juvat3
796 2472 895 2535 neque
919 2456 1081 2533 autoritati,
1105 2474 1192 2537 quam
1223 2455 1361 2518 Ecclesia
1385 2455 1533 2526 adversus
1562 2472 1616 2518 ecs
1640 2473 1727 2518 com-

352 2559 450 2633 parat,
474 2571 512 2615 ex
536 2554 729 2634 conspirante
751 2554 783 2616 in
805 2551 864 2615 fide
886 2554 977 2616 realis
1005 2556 1198 2636 praesentiae
1230 2553 1426 2617 Orientalium
1450 2553 1636 2631 testimoni0,
1667 2552 1726 2615 de-

352 2652 523 2715 trimentum
545 2651 638 2714 ullum
661 2652 762 2715 alieri:
786 2670 854 2714 cum
876 2654 914 2716 ad
937 2652 1006 2716 lidei
1029 2672 1116 2735 quam
1140 2654 1251 2716 habent
1272 2653 1490 2732 certitudinem,
1514 2651 1586 2714 nihil
1609 2652 1728 2713 intersit

353 2751 484 2833 quando,
508 2759 558 2814 aut
581 2749 689 2833 quibus
712 2752 814 2815 verbis
849 2755 1040 2816 consecratio
1064 2754 1254 2834 perficiatur,
1286 2752 1376 2816 modo
1407 2772 1472 2815 eam
1500 2771 1574 2814 vere
1604 2751 1669 2814 heri
1697 2752 1729 2813 in

352 2849 499 2932 liturgia,
521 2853 562 2915 ita
583 2853 790 2934 profiteantur,
814 2860 847 2914 ut
868 2871 976 2934 panem
999 2863 1030 2916 et
1053 2855 1154 2916 vinum
1183 2853 1213 2914 in
1237 2853 1333 2930 alteri,
1357 2871 1393 2914 ea
1417 2851 1552 2934 perfecta
1576 2869 1646 2913 esse
1669 2867 1728 2912 ne-

353 2957 437 3032 gant,
461 2950 515 3014 sed
539 2969 650 3033 corpus
674 2960 705 3016 et
728 2952 906 3036 sanguinem
937 2951 1056 3016 Christi.
1108 2953 1195 3026 Quod
1224 2969 1317 3034 porro
1348 2952 1379 3013 iu
1409 2951 1466 3014 hac
1494 2950 1560 3032 ipsa
1591 2951 1729 3012 oratione
1842 2963 1845 2970 ·

352 3047 472 3129 dicitur,
497 3049 647 3114 Christum
666 3060 855 3132 mucamitem
877 3071 943 3116 assa
965 3062 995 3116 et
1016 3072 1120 3116 corum
1141 3053 1311 3116 Sacerdote
1329 3053 1478 3132 positum,
1509 3049 1587 3112 idem
1610 3051 1639 3110 in
1662 3047 1729 3110 llo-

351 3149 441 3212 miliis
464 3150 503 3213 da
525 3149 647 3214 Circulo
670 3150 739 3212 anni
763 3150 800 3214 ad
824 3150 1010 3233 Coptitarum
1032 3171 1136 3232 usum,
1165 3155 1196 3216 in
1227 3152 1417 3214 Tractatibus
1449 3149 1554 3212 Severi
1583 3149 1728 3229 Episcopi

352 3248 550 3329 Ascbmonin,
574 3257 604 3313 et
626 3249 657 3312 in
679 3250 779 3314 multis
803 3249 880 3328 aliis,
903 3253 994 3314 toties
1009 3251 1185 3331 inculcatur,
1209 3260 1242 3313 ut
1257 3249 1442 3334 ambiguitati
1465 3249 1551 3311 locus
1564 3266 1635 3312 esse
1657 3246 1728 3310 nul-

352 3347 398 3410 lus
422 3357 523 3430 queat.

440 3447 489 3510 Ex
511 3449 561 3511 illa
582 3456 681 3510 tamen
705 3449 771 3529 ipsa
802 3449 956 3528 oratione,
985 3448 1128 3513 Claudius
1158 3448 1319 3513 Salmasius
1351 3447 1398 3509 vir
1425 3463 1498 3510 sane
1527 3445 1727 3522 doctissimus,
1792 3459 1907 3513 Salmasii
1926 3461 1989 3513 tatia
2008 3463 2052 3513 iu·

352 3545 406 3610 sed
430 3549 481 3628 qui
505 3547 701 3629 Theologiam
724 3549 873 3630 attingere
896 3566 957 3610 non
990 3548 1154 3629 debuisset,
1178 3549 1292 3612 habere
1314 3566 1349 3610 se
1368 3548 1511 3629 jactavit,
1541 3546 1621 3609 unde
1651 3545 2052 3614 llis-terpretaticbuiurora·

352 3647 502 3710 sionarios
525 3645 670 3728 quosdam
694 3664 734 3708 ex
757 3645 882 3710 Oriente
904 3665 1068 3725 reversae,
1092 3651 1143 3728 qui
1165 3647 1335 3711 Orientales
1358 3645 1436 3708 idem
1461 3664 1497 3708 ac
1519 3664 1575 3708 ncs
1598 3635 1823 3708 credere²i⁰¹¹¹b

353 3748 434 3808 circa
456 3746 672 3808 Eucharistiam
696 3744 890 3826 affirmabant,
918 3746 1009 3827 plene
1037 3747 1204 3810 relelleret.
1256 3746 1299 3808 lta
1327 3745 1480 3808 scribebat
1515 3745 1552 3808 ad
1579 3744 1727 3808 loannem

352 3844 517 3922 ballaeum,
540 3852 571 3907 et
594 3862 660 3906 cum
682 3843 817 3926 Epistola
840 3852 911 3927 post
934 3845 1070 3910 Salmasii
1093 3846 1204 3908 obitum
1227 3849 1307 3926 typis
1330 3843 1481 3926 publicata
1504 3843 1605 3922 luerit,
1629 3862 1728 3906 excu-

353 3946 415 4008 sari
436 3950 557 4025 poterat
580 3943 660 4023 quod
683 3945 822 4007 incautus
844 3947 875 4006 iu
897 3946 995 4008 sinum
1024 3947 1110 4008 amici
1141 3953 1255 4008 temere
1286 3943 1463 4022 elludisset,
1493 3961 1570 4023 quae
1600 3943 1727 4024 primum

352 4045 383 4106 in
406 4051 535 4107 mentem
558 4051 715 4123 venerant,
739 4045 797 4107 nisi
819 4043 930 4107 bellum
959 4045 1032 4108 illud
1056 4063 1142 4108 suum
1165 4049 1363 4107 commentum
1394 4042 1471 4105 libro
1501 4041 1539 4104 de
1571 4038 1728 4104 Transub-

354 4145 547 4206 stantiatione
576 4144 763 4205 inseruisset.
822 4143 904 4205 lllam
933 4146 1027 4227 igitur
1057 4162 1144 4225 quom
1174 4143 1328 4205 retulimus
1357 4141 1544 4223 particulam,
1567 4158 1666 4221 quarm
1689 4157 1727 4200 ne

353 4243 425 4325 quid
447 4243 607 4305 testimonii
630 4242 781 4305 autoritati
805 4241 934 4322 deleret,
958 4243 1089 4306 Arabica
1105 4244 1276 4324 descripsit,
1301 4243 1341 4303 ita
1364 4243 1582 4321 interpretatus
1606 4247 1661 4301 est.
1686 4238 1728 4300 Tu

354 4343 499 4422 confirma
520 4345 551 4402 in
573 4341 662 4403 nobis
684 4344 996 4405 commemorationem
1018 4344 1180 4406 ministerii
1201 4344 1245 4405 tui
1266 4343 1381 4403 sancti:
1404 4348 1436 4402 tu
1457 4341 1539 4402 mitte
1561 4355 1651 4416 super
1671 4355 1728 4398 nos
1774 4353 1821 4422 lep.
1840 4353 1883 4405 32.
1897 4371 1926 4424 p.
1946 4354 1989 4404 72.

352 4443 485 4524 φιιιίαιιι
513 4440 645 4520 Spiritus
672 4443 717 4502 toi
744 4444 853 4517 scaea,
882 4449 914 4502 ut
937 4444 1141 4523 purificemur,
1178 4449 1208 4502 et
1239 4448 1451 4502 concertamus
1475 4438 1533 4499 laos
1562 4437 1728 4498 oblationes

352 4541 428 4602 viles
449 4542 480 4599 in
503 4557 613 4618 corpus
635 4547 665 4600 et
685 4540 861 4620 sangumem
883 4541 1058 4604 servatoris
1079 4543 1184 4603 narni.
1232 4539 1265 4602 ln
1288 4540 1353 4619 ipsa
1376 4537 1513 4619 Epistola
1536 4534 1729 4597 vernaculam

354 4637 489 4721 ejusdem
512 4637 657 4700 orationis
680 4641 852 4700 versionem
875 4639 1014 4721 legimus,
1043 4641 1072 4702 in
1097 4658 1155 4720 qua
1178 4639 1358 4701 discriminis
1382 4655 1442 4700 non
1464 4635 1537 4697 nihil
1560 4641 1617 4695 est.
1661 4630 1728 4710 Alia

353 4737 503 4818 prr'estcnt
524 4737 688 4816 sanctifice,
711 4757 788 4799 noos
805 4741 963 4818 puissions
985 4741 1137 4802 concertir
1160 4759 1212 4801 cas
1227 4737 1384 4816 oblatione
1405 4737 1481 4798 viles
1502 4742 1532 4796 et
1553 4734 1729 4805 trudennes,

354 4851 396 4897 cn
418 4853 508 4914 corps
530 4842 560 4895 et
580 4852 622 4896 cu
643 4855 720 4916 sang
753 4837 791 4898 da
812 4845 916 4899 nostre
936 4838 1084 4915 Scuceor,
1107 4857 1147 4900 oc
1169 4839 1331 4900 derosae
1353 4835 1448 4906 Salui,
1499 4829 1738 4913 interpretatio-¹

353 4953 422 4996 nem
446 4935 660 4998 commentario
689 4936 823 5014 munivit,
847 4937 932 5018 cujus
955 4937 1030 4998 haec
1052 4937 1203 4999 sententia
1225 4942 1288 4998 est:
1312 4935 1385 4998 satis
1408 4932 1534 5017 agnosci
1557 4929 1730 4993 luvocatio-

353 5052 422 5096 ncm
444 5051 506 5095 non
529 5032 605 5112 lieri,
628 5041 660 5095 ut
683 5034 781 5117 gratia
804 5036 900 5097 sancti
925 5034 1055 5114 Spiritus
1078 5034 1218 5098 illabatur
1247 5051 1342 5117 super
1372 5051 1480 5113 panem
1511 5037 1541 5093 et
1564 5030 1675 5106 vinum,
1699 5031 1731 5088 ut

1319 5213 1330 5236 ,
1444 5144 1524 5220 52*
