4686 6060
380 909 528 964 Consensus
543 912 655 964 amnium

343 999 495 1065 requisitus:
509 996 654 1065 Episcopo·

344 1089 400 1134 rum
427 1084 535 1135 inanime
559 1100 655 1136 neces-

344 1169 436 1220 sarius.

396 2653 535 2724 Praecepta
556 2658 655 2724 princi-

345 2755 406 2806 pum
418 2739 450 2794 de
461 2741 637 2796 electionibus.

669 489 744 562 372
1056 487 1133 562 DE
1186 484 1660 562 PATRIAROHX

668 650 809 746 aliorum
835 675 1042 760 testimonia,
1068 673 1132 744 nisi
1159 669 1334 744 candidato
1362 670 1437 744 talis
1465 675 1564 743 etiam
1590 669 1679 744 lama
1705 674 1835 745 virtutis
1862 684 1897 746 et
1922 675 2038 772 probi-

668 793 744 866 tatis
772 798 865 862 esset
891 811 977 884 quae
1004 787 1095 858 illam
1123 787 1344 860 confirmaret.

770 904 891 976 XLVI.
920 900 984 972 Ubi
1011 910 1262 990 convenerant,
1289 913 1323 973 et
1355 901 1593 990 Alexandrini,
1627 905 1702 976 sive
1736 898 1939 980 Cabirenses
1976 907 2043 980 ali-

668 1042 766 1115 quem
792 1029 1056 1114 proposuerant,
1084 1017 1163 1088 nibiI
1190 1028 1298 1088 actum
1327 1027 1416 1104 erat,
1443 1019 1505 1088 nisi
1532 1019 1697 1090 communi
1724 1040 1891 1090 consensu
1924 1021 2043 1096 electio

668 1132 926 1232 approbaretur:
954 1143 1053 1227 atque
1080 1132 1114 1204 ld
1146 1143 1218 1203 erat
1252 1131 1498 1228 Episcoporum
1529 1153 1646 1204 munus
1682 1138 1870 1227 proprium,
1906 1157 2043 1230 quornm

665 1254 700 1322 in
736 1248 856 1321 tabbus
890 1251 1030 1320 comitiis
1066 1269 1188 1338 magna
1223 1256 1295 1318 erat
1328 1249 1499 1320 autoritas.
1559 1247 1675 1342 Itaque
1708 1247 1978 1343 frequentissime
2011 1254 2044 1324 in

664 1365 802 1439 historin
830 1363 1047 1451 observatur,
1074 1362 1216 1456 repulsis
1245 1365 1300 1457 qui
1326 1365 1433 1456 primo
1460 1365 1618 1435 nominati
1644 1361 1788 1453 lirerant,
1815 1364 1899 1439 alios
1918 1367 1974 1438 vel
2002 1365 2043 1438 ab

666 1481 864 1577 Episcopis,
892 1479 950 1550 vel
978 1503 997 1550 a
1025 1475 1283 1570 Sacerdotibus,
1309 1476 1368 1551 vel
1393 1476 1527 1549 tandem
1559 1502 1580 1549 a
1613 1477 1874 1574 quibuscumque
1908 1504 2043 1578 propo-

668 1601 751 1670 sitos
784 1595 901 1683 fuisse,
934 1597 1067 1667 omIssis
1094 1597 1150 1687 qui
1175 1596 1267 1688 prius
1301 1591 1468 1685 designati
1499 1591 1642 1665 fuerant
1693 1594 1732 1666 In
1757 1592 1905 1689 repulsa,
1921 1618 2044 1688 magna

666 1722 738 1784 crat
764 1709 1010 1805 Episcoporrun
1036 1711 1207 1796 autoritas
1236 1709 1311 1802 quia
1337 1705 1507 1800 negabant
1532 1729 1650 1780 manus
1678 1730 1717 1782 se
1733 1711 1947 1806 imposituros
1968 1709 2042 1796 illis,

661 1813 722 1922 ¹qui
749 1825 874 1917 indigni
897 1825 1137 1917 judicarentur:
1174 1833 1208 1894 at
1240 1827 1274 1895 in
1308 1819 1551 1918 approbatione
1585 1845 1653 1896 non
1686 1825 1794 1915 major
1821 1833 1894 1894 erat
1929 1846 2044 1896 eorum

666 1950 834 2038 potestas,
862 1961 959 2034 pam
986 1937 1208 2011 sacerdotum
1236 1949 1270 2010 et
1295 1937 1427 2034 populi,
1454 1960 1530 2009 cum
1556 1937 1729 2034 disciplina
1756 1948 1922 2036 perpetuo
1955 1961 2043 2010 con-

668 2067 823 2142 servata,
856 2053 1049 2151 prohiberet
1088 2053 1235 2126 ordinari
1269 2076 1485 2154 quemqnam,
1524 2055 1588 2126 nisi
1621 2076 1806 2128 consensus
1832 2051 2044 2154 Ἀρχόντων,

666 2171 841 2270 plebisque
868 2169 1054 2242 accederet.
1108 2167 1174 2241 Ubi
1200 2167 1310 2264 aliqua
1338 2181 1411 2242 erat
1438 2171 1675 2240 sententiarum
1703 2169 1896 2258 diversitas,
1929 2173 2044 2242 mitte-

667 2287 748 2360 bant
774 2286 817 2359 ad
843 2286 1066 2375 monasteria,
1092 2288 1289 2380 praesertim
1318 2287 1423 2357 sancti
1449 2283 1608 2374 blacarii,
1634 2295 1671 2357 nt
1697 2309 1717 2357 a
1743 2286 1933 2358 senioribus
1959 2285 2044 2358 Illo-

667 2401 783 2473 nachis
812 2400 993 2487 discerent,
1022 2401 1077 2493 qui
1104 2410 1219 2472 essent
1244 2402 1331 2469 inter
1357 2420 1437 2472 suos
1465 2397 1505 2468 ad
1533 2398 1760 2471 Patriarcbale
1786 2422 1904 2474 munus
1937 2405 2045 2475 susti-

665 2517 810 2588 nendum
835 2538 919 2611 prae
946 2517 1090 2586 caeteris
1117 2515 1239 2586 idonei.

771 2630 908 2703 XLVII.
936 2629 975 2701 Si
1001 2633 1074 2725 quis
1102 2628 1390 2702 cormnendatione
1415 2631 1599 2727 prinprum
1632 2630 1825 2723 dignitatem
1862 2629 2043 2718 allectaret,

670 2747 870 2841 allerretqne
896 2753 1112 2841 praeceptum
1139 2743 1181 2816 de
1208 2743 1424 2820 Ordinatione
1451 2767 1528 2834 sua,
1562 2748 1638 2841 quia
1663 2744 1717 2818 hic
1753 2744 1893 2818 ambitus
1929 2760 2044 2820 contra

671 2861 830 2938 canones
859 2870 952 2949 erat,
979 2858 1135 2933 solebant
1158 2858 1337 2956 Episcopi,
1364 2862 1595 2956 primoresque
1621 2859 1847 2935 Jacobitarum
1867 2861 1909 2932 ad
1937 2863 2045 2934 aulam

667 2979 851 3077 proficisci,
879 2976 1122 3073 privilegiaque
1149 2999 1210 3049 sua
1237 2998 1424 3070 exponere,
1452 2974 1570 3071 quibus
1598 2973 1662 3049 sIbi
1682 2977 1859 3050 secundum
1888 3001 2043 3050 commu-

666 3118 743 3166 nem
771 3093 975 3189 disciplinam
1006 3091 1254 3180 Ecclesiarum,
1288 3095 1419 3200 integra
1444 3093 1619 3164 AntIstites
1647 3113 1727 3166 suos
1756 3091 1901 3185 eligendi
1934 3091 2044 3165 liber-

667 3223 718 3284 tas
747 3209 1012 3297 concedebatur,
1039 3230 1186 3302 raroque
1212 3206 1422 3298 cogebantur
1449 3206 1490 3278 ad
1518 3229 1594 3279 etnn
1620 3207 1858 3304 acceptandum
1893 3211 1947 3303 qui
1974 3212 2043 3281 mi-

665 3347 727 3396 nus
754 3323 913 3422 placeret.
966 3324 1015 3396 Ita
1042 3333 1120 3420 post
1147 3322 1271 3395 Gbailis
1297 3321 1418 3395 XLVI.
1451 3333 1610 3415 mortem,
1646 3345 1721 3394 cum
1756 3325 1876 3414 Petrus
1911 3324 2043 3420 quidam
2166 3315 2170 3328 '

665 3435 835 3512 Diacom'rs
863 3439 929 3511 tale
956 3437 998 3511 ab
1025 3438 1228 3512 Almansore
1254 3451 1470 3535 praeceptum
1497 3437 1712 3527 obtinuisset,
1738 3440 1828 3511 nulla
1845 3440 1930 3512 ibius
1956 3441 2042 3512 ratio

665 3554 778 3627 habita
814 3567 884 3628 est:
919 3558 1004 3628 sicut
1037 3557 1071 3626 in
1103 3557 1282 3626 vacatione
1317 3553 1408 3626 sedis
1441 3575 1503 3649 per
1535 3575 1642 3626 annos
1674 3575 1781 3651 prope
1813 3559 1932 3648 viginti
1965 3563 2044 3652 post

666 3671 791 3744 obitum
818 3670 958 3742 Ioannis
986 3669 1200 3740 Patriarcbae
1225 3669 1379 3741 LXXIV.
1407 3692 1481 3740 cum
1517 3668 1628 3741 David
1648 3669 1837 3764 sacerdos,
1871 3674 1926 3766 qui
1962 3669 2042 3766 Cy-

665 3783 818 3882 riltusgin
844 3784 1073 3857 Patriarchatu
1108 3796 1250 3858 vocatus
1285 3795 1356 3872 est,
1397 3783 1475 3857 talia
1509 3805 1613 3882 saepe
1639 3785 1792 3858 mandata
1829 3785 2043 3860 Stdtanorum

666 3897 926 3996 adsllpiscopos
954 3899 1104 3996 aliosque
1131 3899 1173 3971 ad
1206 3899 1402 3971 electionem
1438 3911 1649 3972 convocatos
1685 3898 1874 3988 detulisset,
1907 3922 2042 3996 semper

665 4009 880 4112 eatreseissa
908 4025 1001 4104 sunt,
1039 4015 1146 4088 donec
1173 4014 1440 4087 contentionibus
1472 4037 1533 4110 per
1569 4013 1781 4088 concordiam
1818 4015 1860 4087 de
1895 4038 1937 4087 eo
1972 4017 2040 4088 eli-

665 4129 776 4224 gendo
803 4131 878 4205 linis
905 4133 1078 4227 impositus
1105 4127 1233 4202 luisset.
1266 4129 1348 4202 Post
1373 4127 1535 4202 Philotbei
1561 4129 1680 4202 LXIII.
1696 4130 1841 4221 obitum,
1870 4129 2041 4202 Abraham

666 4249 721 4341 qui
747 4267 870 4339 magna
897 4245 983 4342 apud
1009 4243 1196 4316 Hakemnm
1225 4242 1367 4317 Califam
1395 4266 1441 4316 ex
1457 4243 1627 4318 Fatimidis
1647 4247 1777 4317 tertium
1795 4247 1903 4338 gratia
1925 4247 2041 4341 pobe-

664 4360 743 4454 bat,
771 4365 833 4436 etsi
859 4365 933 4460 pari
960 4363 1137 4434 autoritate
1163 4364 1328 4448 munitus,
1363 4369 1473 4432 tamen
1501 4357 1669 4458 repulsam
1701 4382 1823 4456 passus
1858 4372 1927 4448 est,
1962 4361 2041 4434 ele-

666 4486 805 4573 ctusque
831 4477 1024 4549 Zacharias.
1080 4475 1200 4572 Neque
1226 4474 1503 4571 praetereundum
1531 4483 1594 4566 est,
1622 4475 1709 4570 quod
1729 4479 1846 4548 nrirmn
1873 4498 1956 4550 sane
1981 4481 2043 4549 vi-

665 4592 819 4665 deturin
852 4602 900 4666 tot
932 4589 1127 4665 turbulentis
1160 4588 1379 4664 electionibus
1413 4589 1698 4682 Patriarcharum,
1732 4614 1871 4686 quorum
1902 4592 2044 4666 historia

667 4718 841 4802 superest,
867 4731 974 4804 nsque
1004 4707 1047 4779 ad
1062 4707 1175 4780 ultima
1188 4705 1393 4780 Yubidarum
1405 4704 1618 4778 Salaheddini
1633 4728 1867 4780 successorum
1880 4715 2043 4801 tempora,

665 4821 729 4895 hoc
755 4833 807 4898 est
831 4847 894 4920 per
921 4845 1028 4898 annos
1055 4824 1193 4919 amplius
1221 4831 1423 4912 sexcentos,
1448 4823 1616 4894 nemiuem
1636 4845 1657 4894 a
1675 4821 1838 4896 tacebitis
1865 4823 2043 4894 autoritate
