<?xml version="1.0" encoding="UTF-8"?>
<!DOCTYPE html PUBLIC "-//W3C//DTD XHTML 1.0 Transitional//EN"
    "http://www.w3.org/TR/xhtml1/DTD/xhtml1-transitional.dtd">
<html xmlns="http://www.w3.org/1999/xhtml" xml:lang="en" lang="en">
 <head>
  <title>
</title>
<meta http-equiv="Content-Type" content="text/html;charset=utf-8" />
  <meta name='ocr-system' content='tesseract 3.04.00' />
  <meta name='ocr-capabilities' content='ocr_page ocr_carea ocr_par ocr_line ocrx_word'/>
</head>
<body>
  <div class='ocr_page' id='page_1' title='image "./liturgiarumorie03renagoog_0621.png"; bbox 0 0 4736 6064; ppageno 0'>
   <div class='ocr_carea' id='block_1_1' title="bbox 691 531 1681 652">
    <p class='ocr_par' dir='ltr' id='par_1_1' title="bbox 691 531 1681 652">
     <span class='ocr_line' id='line_1_1' title="bbox 691 531 1681 652; baseline 0.004 -4"><span class='ocrx_word' id='word_1_1' title='bbox 691 572 769 648; x_wconf 78' lang='lat' dir='ltr'>uss</span> <span class='ocrx_word' id='word_1_2' title='bbox 1080 572 1240 650; x_wconf 82' lang='lat' dir='ltr'>nurus</span> <span class='ocrx_word' id='word_1_3' title='bbox 1274 531 1681 652; x_wconf 77' lang='lat' dir='ltr'>oiuruluronrs</span> 
     </span>
    </p>
   </div>
   <div class='ocr_carea' id='block_1_2' title="bbox 796 859 1965 968">
    <p class='ocr_par' dir='ltr' id='par_1_2' title="bbox 796 859 1965 968">
     <span class='ocr_line' id='line_1_2' title="bbox 796 859 1965 968; baseline 0.002 -38"><span class='ocrx_word' id='word_1_4' title='bbox 796 859 1013 930; x_wconf 80' lang='lat' dir='ltr'>Potriareito</span> <span class='ocrx_word' id='word_1_5' title='bbox 1039 861 1201 930; x_wconf 80' lang='lat' dir='ltr'>ecteodet</span> <span class='ocrx_word' id='word_1_6' title='bbox 1226 883 1344 931; x_wconf 83' lang='lat' dir='ltr'>manas</span> <span class='ocrx_word' id='word_1_7' title='bbox 1362 884 1443 932; x_wconf 82' lang='lat' dir='ltr'>snas</span> <span class='ocrx_word' id='word_1_8' title='bbox 1462 861 1619 968; x_wconf 77' lang='lat' dir='ltr'>dicetqpe</span> <span class='ocrx_word' id='word_1_9' title='bbox 1645 859 1735 930; x_wconf 80' lang='lat' dir='ltr'>lane</span> <span class='ocrx_word' id='word_1_10' title='bbox 1757 859 1965 932; x_wconf 75' lang='lat' dir='ltr'><strong><em>Orationem.</em></strong></span> 
     </span>
    </p>
   </div>
   <div class='ocr_carea' id='block_1_3' title="bbox 692 1045 2075 2754">
    <p class='ocr_par' dir='ltr' id='par_1_3' title="bbox 692 1045 2075 2171">
     <span class='ocr_line' id='line_1_3' title="bbox 795 1045 2070 1144; baseline 0.004 -27"><span class='ocrx_word' id='word_1_11' title='bbox 795 1046 940 1117; x_wconf 89' lang='lat' dir='ltr'>Domine</span> <span class='ocrx_word' id='word_1_12' title='bbox 965 1045 1059 1118; x_wconf 88' lang='lat' dir='ltr'>Deus</span> <span class='ocrx_word' id='word_1_13' title='bbox 1086 1051 1308 1144; x_wconf 89' lang='lat' dir='ltr'>omnipotens,</span> <span class='ocrx_word' id='word_1_14' title='bbox 1335 1049 1435 1120; x_wconf 84' lang='lat' dir='ltr'>Pater</span> <span class='ocrx_word' id='word_1_15' title='bbox 1450 1048 1583 1119; x_wconf 85' lang='lat' dir='ltr'><strong>Domini</strong></span> <span class='ocrx_word' id='word_1_16' title='bbox 1602 1048 1669 1119; x_wconf 90' lang='lat' dir='ltr'>Dei</span> <span class='ocrx_word' id='word_1_17' title='bbox 1696 1057 1731 1118; x_wconf 89' lang='lat' dir='ltr'>et</span> <span class='ocrx_word' id='word_1_18' title='bbox 1756 1046 1937 1121; x_wconf 80' lang='lat' dir='ltr'>salvatoris</span> <span class='ocrx_word' id='word_1_19' title='bbox 1963 1054 2070 1122; x_wconf 79' lang='lat' dir='ltr'>nostri</span> 
     </span>
     <span class='ocr_line' id='line_1_4' title="bbox 692 1160 2075 1254; baseline 0.004 -23"><span class='ocrx_word' id='word_1_20' title='bbox 692 1161 774 1234; x_wconf 88' lang='lat' dir='ltr'>Jesu</span> <span class='ocrx_word' id='word_1_21' title='bbox 802 1160 943 1251; x_wconf 77' lang='lat' dir='ltr'>Christi,</span> <span class='ocrx_word' id='word_1_22' title='bbox 976 1183 1135 1254; x_wconf 80' lang='lat' dir='ltr'><strong>rogamus</strong></span> <span class='ocrx_word' id='word_1_23' title='bbox 1162 1171 1196 1234; x_wconf 89' lang='lat' dir='ltr'>et</span> <span class='ocrx_word' id='word_1_24' title='bbox 1222 1162 1439 1235; x_wconf 86' lang='lat' dir='ltr'>obsecramus</span> <span class='ocrx_word' id='word_1_25' title='bbox 1472 1174 1561 1234; x_wconf 83' lang='lat' dir='ltr'>tuem</span> <span class='ocrx_word' id='word_1_26' title='bbox 1596 1184 1681 1254; x_wconf 83' lang='lat' dir='ltr'>erga</span> <span class='ocrx_word' id='word_1_27' title='bbox 1713 1160 1863 1235; x_wconf 87' lang='lat' dir='ltr'>homines</span> <span class='ocrx_word' id='word_1_28' title='bbox 1897 1167 2075 1248; x_wconf 60' lang='lat' dir='ltr'>canutam,</span> 
     </span>
     <span class='ocr_line' id='line_1_5' title="bbox 692 1275 2069 1372; baseline 0.002 -24"><span class='ocrx_word' id='word_1_29' title='bbox 692 1278 857 1364; x_wconf 87' lang='lat' dir='ltr'>Dominc;</span> <span class='ocrx_word' id='word_1_30' title='bbox 889 1285 1033 1368; x_wconf 86' lang='lat' dir='ltr'>protege</span> <span class='ocrx_word' id='word_1_31' title='bbox 1058 1275 1144 1348; x_wconf 81' lang='lat' dir='ltr'>hanc</span> <span class='ocrx_word' id='word_1_32' title='bbox 1171 1277 1289 1350; x_wconf 89' lang='lat' dir='ltr'>urbem</span> <span class='ocrx_word' id='word_1_33' title='bbox 1321 1287 1355 1350; x_wconf 88' lang='lat' dir='ltr'>et</span> <span class='ocrx_word' id='word_1_34' title='bbox 1386 1300 1503 1350; x_wconf 89' lang='lat' dir='ltr'>omnes</span> <span class='ocrx_word' id='word_1_35' title='bbox 1532 1279 1646 1372; x_wconf 90' lang='lat' dir='ltr'>quiin</span> <span class='ocrx_word' id='word_1_36' title='bbox 1673 1299 1714 1348; x_wconf 84' lang='lat' dir='ltr'>es</span> <span class='ocrx_word' id='word_1_37' title='bbox 1742 1280 1878 1350; x_wconf 91' lang='lat' dir='ltr'>suntin</span> <span class='ocrx_word' id='word_1_38' title='bbox 1904 1278 1970 1350; x_wconf 90' lang='lat' dir='ltr'>fide</span> <span class='ocrx_word' id='word_1_39' title='bbox 1998 1280 2069 1351; x_wconf 89' lang='lat' dir='ltr'>Or-</span> 
     </span>
     <span class='ocr_line' id='line_1_6' title="bbox 692 1389 2069 1482; baseline 0.002 -20"><span class='ocrx_word' id='word_1_40' title='bbox 692 1391 859 1464; x_wconf 83' lang='lat' dir='ltr'>thodoxe:</span> <span class='ocrx_word' id='word_1_41' title='bbox 887 1389 994 1462; x_wconf 81' lang='lat' dir='ltr'>libera</span> <span class='ocrx_word' id='word_1_42' title='bbox 1021 1413 1082 1465; x_wconf 88' lang='lat' dir='ltr'>cos</span> <span class='ocrx_word' id='word_1_43' title='bbox 1111 1416 1129 1465; x_wconf 81' lang='lat' dir='ltr'><strong>a</strong></span> <span class='ocrx_word' id='word_1_44' title='bbox 1156 1391 1265 1482; x_wconf 82' lang='lat' dir='ltr'>fame,</span> <span class='ocrx_word' id='word_1_45' title='bbox 1301 1402 1425 1482; x_wconf 86' lang='lat' dir='ltr'>morte,</span> <span class='ocrx_word' id='word_1_46' title='bbox 1463 1393 1581 1480; x_wconf 78' lang='lat' dir='ltr'>exilio,</span> <span class='ocrx_word' id='word_1_47' title='bbox 1623 1402 1735 1464; x_wconf 85' lang='lat' dir='ltr'>terrae</span> <span class='ocrx_word' id='word_1_48' title='bbox 1766 1401 1876 1480; x_wconf 90' lang='lat' dir='ltr'>motu,</span> <span class='ocrx_word' id='word_1_49' title='bbox 1909 1393 2069 1465; x_wconf 88' lang='lat' dir='ltr'>submer-</span> 
     </span>
     <span class='ocr_line' id='line_1_7' title="bbox 693 1506 2069 1602; baseline -0.001 -23"><span class='ocrx_word' id='word_1_50' title='bbox 693 1507 790 1579; x_wconf 85' lang='lat' dir='ltr'>sione</span> <span class='ocrx_word' id='word_1_51' title='bbox 817 1515 851 1577; x_wconf 92' lang='lat' dir='ltr'>et</span> <span class='ocrx_word' id='word_1_52' title='bbox 877 1509 1010 1578; x_wconf 89' lang='lat' dir='ltr'>incursu</span> <span class='ocrx_word' id='word_1_53' title='bbox 1036 1506 1199 1596; x_wconf 89' lang='lat' dir='ltr'>hostium,</span> <span class='ocrx_word' id='word_1_54' title='bbox 1237 1515 1336 1602; x_wconf 83' lang='lat' dir='ltr'>atque</span> <span class='ocrx_word' id='word_1_55' title='bbox 1370 1533 1390 1578; x_wconf 81' lang='lat' dir='ltr'>a</span> <span class='ocrx_word' id='word_1_56' title='bbox 1422 1506 1536 1599; x_wconf 81' lang='lat' dir='ltr'>gladio</span> <span class='ocrx_word' id='word_1_57' title='bbox 1572 1517 1819 1578; x_wconf 85' lang='lat' dir='ltr'>extraneorum.</span> <span class='ocrx_word' id='word_1_58' title='bbox 1873 1506 1981 1580; x_wconf 77' lang='lat' dir='ltr'>Visite</span> <span class='ocrx_word' id='word_1_59' title='bbox 2008 1527 2069 1581; x_wconf 90' lang='lat' dir='ltr'>eos</span> 
     </span>
     <span class='ocr_line' id='line_1_8' title="bbox 692 1619 2068 1714; baseline 0.004 -23"><span class='ocrx_word' id='word_1_60' title='bbox 692 1619 837 1691; x_wconf 86' lang='lat' dir='ltr'>Domine</span> <span class='ocrx_word' id='word_1_61' title='bbox 863 1642 925 1714; x_wconf 91' lang='lat' dir='ltr'>per</span> <span class='ocrx_word' id='word_1_62' title='bbox 951 1620 1132 1694; x_wconf 85' lang='lat' dir='ltr'>honitatem</span> <span class='ocrx_word' id='word_1_63' title='bbox 1158 1633 1261 1695; x_wconf 84' lang='lat' dir='ltr'>tunm:</span> <span class='ocrx_word' id='word_1_64' title='bbox 1288 1621 1435 1694; x_wconf 84' lang='lat' dir='ltr'>Discidis</span> <span class='ocrx_word' id='word_1_65' title='bbox 1463 1632 1497 1693; x_wconf 89' lang='lat' dir='ltr'>et</span> <span class='ocrx_word' id='word_1_66' title='bbox 1521 1622 1661 1695; x_wconf 90' lang='lat' dir='ltr'>insultus</span> <span class='ocrx_word' id='word_1_67' title='bbox 1679 1619 1924 1694; x_wconf 85' lang='lat' dir='ltr'>haereticorum</span> <span class='ocrx_word' id='word_1_68' title='bbox 1942 1624 2068 1697; x_wconf 84' lang='lat' dir='ltr'>otheo-</span> 
     </span>
     <span class='ocr_line' id='line_1_9' title="bbox 692 1735 2068 1830; baseline 0.003 -24"><span class='ocrx_word' id='word_1_69' title='bbox 692 1757 765 1806; x_wconf 92' lang='lat' dir='ltr'>rum</span> <span class='ocrx_word' id='word_1_70' title='bbox 793 1735 958 1808; x_wconf 84' lang='lat' dir='ltr'>dissolve:</span> <span class='ocrx_word' id='word_1_71' title='bbox 987 1735 1111 1808; x_wconf 87' lang='lat' dir='ltr'>exhibe</span> <span class='ocrx_word' id='word_1_72' title='bbox 1135 1736 1211 1809; x_wconf 90' lang='lat' dir='ltr'>illos</span> <span class='ocrx_word' id='word_1_73' title='bbox 1237 1737 1323 1809; x_wconf 91' lang='lat' dir='ltr'>filios</span> <span class='ocrx_word' id='word_1_74' title='bbox 1350 1737 1448 1810; x_wconf 89' lang='lat' dir='ltr'>lucis:</span> <span class='ocrx_word' id='word_1_75' title='bbox 1475 1735 1598 1830; x_wconf 81' lang='lat' dir='ltr'>facque</span> <span class='ocrx_word' id='word_1_76' title='bbox 1615 1735 1690 1807; x_wconf 92' lang='lat' dir='ltr'>illos</span> <span class='ocrx_word' id='word_1_77' title='bbox 1709 1735 1830 1828; x_wconf 84' lang='lat' dir='ltr'>dignos</span> <span class='ocrx_word' id='word_1_78' title='bbox 1851 1758 1958 1828; x_wconf 80' lang='lat' dir='ltr'>regno</span> <span class='ocrx_word' id='word_1_79' title='bbox 1980 1760 2068 1810; x_wconf 89' lang='lat' dir='ltr'>coe-</span> 
     </span>
     <span class='ocr_line' id='line_1_10' title="bbox 692 1849 2069 1946; baseline 0.002 -24"><span class='ocrx_word' id='word_1_80' title='bbox 692 1849 817 1939; x_wconf 82' lang='lat' dir='ltr'>lorum3</span> <span class='ocrx_word' id='word_1_81' title='bbox 844 1872 906 1946; x_wconf 89' lang='lat' dir='ltr'>per</span> <span class='ocrx_word' id='word_1_82' title='bbox 932 1855 1087 1943; x_wconf 83' lang='lat' dir='ltr'>gratiam,</span> <span class='ocrx_word' id='word_1_83' title='bbox 1104 1852 1367 1924; x_wconf 85' lang='lat' dir='ltr'>misericordiam</span> <span class='ocrx_word' id='word_1_84' title='bbox 1388 1863 1422 1924; x_wconf 92' lang='lat' dir='ltr'>et</span> <span class='ocrx_word' id='word_1_85' title='bbox 1444 1855 1616 1924; x_wconf 80' lang='lat' dir='ltr'>cantutem</span> <span class='ocrx_word' id='word_1_86' title='bbox 1637 1872 1720 1943; x_wconf 83' lang='lat' dir='ltr'>erga</span> <span class='ocrx_word' id='word_1_87' title='bbox 1741 1850 1892 1925; x_wconf 88' lang='lat' dir='ltr'>homines</span> <span class='ocrx_word' id='word_1_88' title='bbox 1909 1856 2069 1946; x_wconf 87' lang='lat' dir='ltr'>unigeniti</span> 
     </span>
     <span class='ocr_line' id='line_1_11' title="bbox 693 1963 2068 2063; baseline 0.002 -27"><span class='ocrx_word' id='word_1_89' title='bbox 693 1963 769 2036; x_wconf 87' lang='lat' dir='ltr'>Filii</span> <span class='ocrx_word' id='word_1_90' title='bbox 796 1970 841 2036; x_wconf 93' lang='lat' dir='ltr'>tui</span> <span class='ocrx_word' id='word_1_91' title='bbox 867 1968 1001 2039; x_wconf 89' lang='lat' dir='ltr'>Domini</span> <span class='ocrx_word' id='word_1_92' title='bbox 1025 1970 1133 2040; x_wconf 89' lang='lat' dir='ltr'>nostri</span> <span class='ocrx_word' id='word_1_93' title='bbox 1157 1967 1241 2040; x_wconf 88' lang='lat' dir='ltr'>Jcsu</span> <span class='ocrx_word' id='word_1_94' title='bbox 1268 1965 1405 2040; x_wconf 79' lang='lat' dir='ltr'>Christi:</span> <span class='ocrx_word' id='word_1_95' title='bbox 1433 1965 1542 2058; x_wconf 84' lang='lat' dir='ltr'>gloria</span> <span class='ocrx_word' id='word_1_96' title='bbox 1569 1970 1612 2038; x_wconf 90' lang='lat' dir='ltr'>sit</span> <span class='ocrx_word' id='word_1_97' title='bbox 1638 1965 1698 2038; x_wconf 88' lang='lat' dir='ltr'>tihi</span> <span class='ocrx_word' id='word_1_98' title='bbox 1725 1989 1800 2038; x_wconf 94' lang='lat' dir='ltr'>cum</span> <span class='ocrx_word' id='word_1_99' title='bbox 1827 1989 1889 2059; x_wconf 91' lang='lat' dir='ltr'>eo,</span> <span class='ocrx_word' id='word_1_100' title='bbox 1923 1977 1957 2040; x_wconf 89' lang='lat' dir='ltr'>et</span> <span class='ocrx_word' id='word_1_101' title='bbox 1983 1967 2068 2063; x_wconf 88' lang='lat' dir='ltr'>Spi-</span> 
     </span>
     <span class='ocr_line' id='line_1_12' title="bbox 693 2084 1166 2171; baseline 0.004 -20"><span class='ocrx_word' id='word_1_102' title='bbox 693 2084 758 2152; x_wconf 87' lang='lat' dir='ltr'>ritu</span> <span class='ocrx_word' id='word_1_103' title='bbox 787 2090 904 2153; x_wconf 80' lang='lat' dir='ltr'>sancto</span> <span class='ocrx_word' id='word_1_104' title='bbox 930 2103 1038 2171; x_wconf 90' lang='lat' dir='ltr'>nunc,</span> <span class='ocrx_word' id='word_1_105' title='bbox 1070 2092 1133 2154; x_wconf 88' lang='lat' dir='ltr'>etc.</span> <span class='ocrx_word' id='word_1_106' title='bbox 1165 2121 1166 2128; x_wconf 21' lang='grc' dir='ltr'><strong>κ</strong></span> 
     </span>
    </p>

    <p class='ocr_par' dir='ltr' id='par_1_4' title="bbox 798 2197 1063 2271">
     <span class='ocr_line' id='line_1_13' title="bbox 798 2197 1063 2271; baseline -0.011 -1"><span class='ocrx_word' id='word_1_107' title='bbox 798 2199 874 2270; x_wconf 85' lang='lat' dir='ltr'>Pax</span> <span class='ocrx_word' id='word_1_108' title='bbox 901 2197 1063 2271; x_wconf 91' lang='lat' dir='ltr'>omnibus.</span> 
     </span>
    </p>

    <p class='ocr_par' dir='ltr' id='par_1_5' title="bbox 802 2312 1222 2384">
     <span class='ocr_line' id='line_1_14' title="bbox 802 2312 1222 2384; baseline -0.002 -1"><span class='ocrx_word' id='word_1_109' title='bbox 802 2312 883 2383; x_wconf 86' lang='lat' dir='ltr'>Tam</span> <span class='ocrx_word' id='word_1_110' title='bbox 910 2314 1002 2384; x_wconf 85' lang='lat' dir='ltr'>dicet</span> <span class='ocrx_word' id='word_1_111' title='bbox 1028 2313 1101 2382; x_wconf 87' lang='lat' dir='ltr'>alto</span> <span class='ocrx_word' id='word_1_112' title='bbox 1126 2334 1222 2383; x_wconf 82' lang='lat' dir='ltr'>noce.</span> 
     </span>
    </p>

    <p class='ocr_par' dir='ltr' id='par_1_6' title="bbox 695 2423 2067 2645">
     <span class='ocr_line' id='line_1_15' title="bbox 797 2423 2066 2524; baseline -0.003 -24"><span class='ocrx_word' id='word_1_113' title='bbox 797 2428 1041 2516; x_wconf 81' lang='lat' dir='ltr'>Praeveninnt,</span> <span class='ocrx_word' id='word_1_114' title='bbox 1069 2439 1103 2500; x_wconf 88' lang='lat' dir='ltr'>et</span> <span class='ocrx_word' id='word_1_115' title='bbox 1128 2431 1195 2501; x_wconf 87' lang='lat' dir='ltr'>cito</span> <span class='ocrx_word' id='word_1_116' title='bbox 1223 2429 1402 2524; x_wconf 72' lang='lat' dir='ltr'>anticipent</span> <span class='ocrx_word' id='word_1_117' title='bbox 1427 2449 1491 2499; x_wconf 92' lang='lat' dir='ltr'>nos</span> <span class='ocrx_word' id='word_1_118' title='bbox 1523 2425 1772 2504; x_wconf 82' lang='lat' dir='ltr'>misericordiae</span> <span class='ocrx_word' id='word_1_119' title='bbox 1807 2434 1885 2498; x_wconf 83' lang='lat' dir='ltr'>tuse</span> <span class='ocrx_word' id='word_1_120' title='bbox 1910 2423 2066 2512; x_wconf 88' lang='lat' dir='ltr'>Domine,</span> 
     </span>
     <span class='ocr_line' id='line_1_16' title="bbox 695 2539 2067 2645; baseline -0.003 -33"><span class='ocrx_word' id='word_1_121' title='bbox 695 2545 771 2634; x_wconf 85' lang='lat' dir='ltr'>quia</span> <span class='ocrx_word' id='word_1_122' title='bbox 798 2565 964 2637; x_wconf 80' lang='lat' dir='ltr'>pauperes</span> <span class='ocrx_word' id='word_1_123' title='bbox 989 2542 1071 2615; x_wconf 83' lang='lat' dir='ltr'>iacti</span> <span class='ocrx_word' id='word_1_124' title='bbox 1097 2565 1210 2617; x_wconf 89' lang='lat' dir='ltr'>sumus</span> <span class='ocrx_word' id='word_1_125' title='bbox 1237 2545 1352 2645; x_wconf 82' lang='lat' dir='ltr'>nimis:</span> <span class='ocrx_word' id='word_1_126' title='bbox 1385 2542 1507 2634; x_wconf 82' lang='lat' dir='ltr'>adjuva</span> <span class='ocrx_word' id='word_1_127' title='bbox 1542 2564 1605 2614; x_wconf 92' lang='lat' dir='ltr'>nos</span> <span class='ocrx_word' id='word_1_128' title='bbox 1632 2543 1726 2613; x_wconf 87' lang='lat' dir='ltr'>Deus</span> <span class='ocrx_word' id='word_1_129' title='bbox 1761 2539 1911 2612; x_wconf 83' lang='lat' dir='ltr'>salvator</span> <span class='ocrx_word' id='word_1_130' title='bbox 1943 2549 2067 2613; x_wconf 91' lang='lat' dir='ltr'>noster.</span> 
     </span>
    </p>

    <p class='ocr_par' dir='ltr' id='par_1_7' title="bbox 798 2657 1287 2754">
     <span class='ocr_line' id='line_1_17' title="bbox 798 2657 1287 2754; baseline 0.002 -27"><span class='ocrx_word' id='word_1_131' title='bbox 798 2657 959 2750; x_wconf 77' lang='lat' dir='ltr'>Populos.</span> <span class='ocrx_word' id='word_1_132' title='bbox 1012 2659 1119 2754; x_wconf 78' lang='lat' dir='ltr'>llyrie</span> <span class='ocrx_word' id='word_1_133' title='bbox 1149 2657 1287 2730; x_wconf 87' lang='lat' dir='ltr'>eleison.</span> 
     </span>
    </p>
   </div>
   <div class='ocr_carea' id='block_1_4' title="bbox 647 2787 2070 3000">
    <p class='ocr_par' dir='ltr' id='par_1_8' title="bbox 647 2787 2070 3000">
     <span class='ocr_line' id='line_1_18' title="bbox 798 2787 2070 2877; baseline -0.002 -18"><span class='ocrx_word' id='word_1_134' title='bbox 798 2789 1014 2860; x_wconf 81' lang='lat' dir='ltr'>Patriorclra</span> <span class='ocrx_word' id='word_1_135' title='bbox 1039 2791 1133 2862; x_wconf 81' lang='lat' dir='ltr'>dicit.</span> <span class='ocrx_word' id='word_1_136' title='bbox 1187 2789 1302 2862; x_wconf 85' lang='lat' dir='ltr'>Gloria</span> <span class='ocrx_word' id='word_1_137' title='bbox 1330 2799 1364 2860; x_wconf 92' lang='lat' dir='ltr'>et</span> <span class='ocrx_word' id='word_1_138' title='bbox 1395 2787 1504 2860; x_wconf 93' lang='lat' dir='ltr'>honor</span> <span class='ocrx_word' id='word_1_139' title='bbox 1537 2789 1663 2859; x_wconf 92' lang='lat' dir='ltr'>nomini</span> <span class='ocrx_word' id='word_1_140' title='bbox 1697 2795 1754 2857; x_wconf 90' lang='lat' dir='ltr'>tuo</span> <span class='ocrx_word' id='word_1_141' title='bbox 1787 2796 1921 2875; x_wconf 82' lang='lat' dir='ltr'>sancto,</span> <span class='ocrx_word' id='word_1_142' title='bbox 1957 2787 2070 2877; x_wconf 82' lang='lat' dir='ltr'>Pater,</span> 
     </span>
     <span class='ocr_line' id='line_1_19' title="bbox 647 2901 2067 3000; baseline -0.002 -26"><span class='ocrx_word' id='word_1_143' title='bbox 647 2929 649 2941; x_wconf 68' lang='lat'><strong><em>¹</em></strong></span> <span class='ocrx_word' id='word_1_144' title='bbox 693 2903 757 2974; x_wconf 86' lang='lat' dir='ltr'>Fili</span> <span class='ocrx_word' id='word_1_145' title='bbox 785 2914 819 2976; x_wconf 92' lang='lat' dir='ltr'>et</span> <span class='ocrx_word' id='word_1_146' title='bbox 844 2904 987 3000; x_wconf 84' lang='lat' dir='ltr'>Spiritus</span> <span class='ocrx_word' id='word_1_147' title='bbox 1014 2914 1149 2994; x_wconf 84' lang='lat' dir='ltr'>sancte;</span> <span class='ocrx_word' id='word_1_148' title='bbox 1183 2915 1272 2976; x_wconf 88' lang='lat' dir='ltr'>nunc</span> <span class='ocrx_word' id='word_1_149' title='bbox 1299 2915 1332 2976; x_wconf 93' lang='lat' dir='ltr'>et</span> <span class='ocrx_word' id='word_1_150' title='bbox 1359 2924 1512 2998; x_wconf 85' lang='lat' dir='ltr'>semper,</span> <span class='ocrx_word' id='word_1_151' title='bbox 1545 2912 1579 2974; x_wconf 89' lang='lat' dir='ltr'>et</span> <span class='ocrx_word' id='word_1_152' title='bbox 1610 2905 1646 2973; x_wconf 90' lang='lat' dir='ltr'>iu</span> <span class='ocrx_word' id='word_1_153' title='bbox 1677 2902 1813 2975; x_wconf 82' lang='lat' dir='ltr'>saecula</span> <span class='ocrx_word' id='word_1_154' title='bbox 1848 2901 2067 2978; x_wconf 81' lang='lat' dir='ltr'>saeculorum.</span> 
     </span>
    </p>
   </div>
   <div class='ocr_carea' id='block_1_5' title="bbox 693 3022 2068 3227">
    <p class='ocr_par' dir='ltr' id='par_1_9' title="bbox 693 3022 2068 3227">
     <span class='ocr_line' id='line_1_20' title="bbox 693 3022 813 3093; baseline -0.042 0"><span class='ocrx_word' id='word_1_155' title='bbox 693 3022 813 3093; x_wconf 89' lang='lat' dir='ltr'>Amen.</span> 
     </span>
     <span class='ocr_line' id='line_1_21' title="bbox 788 3132 2068 3227; baseline -0.004 -22"><span class='ocrx_word' id='word_1_156' title='bbox 788 3134 929 3206; x_wconf 78' lang='lat' dir='ltr'>‘Postea</span> <span class='ocrx_word' id='word_1_157' title='bbox 952 3134 1101 3227; x_wconf 85' lang='lat' dir='ltr'>psallent</span> <span class='ocrx_word' id='word_1_158' title='bbox 1127 3157 1245 3205; x_wconf 86' lang='lat' dir='ltr'>coram</span> <span class='ocrx_word' id='word_1_159' title='bbox 1271 3156 1324 3221; x_wconf 89' lang='lat' dir='ltr'>eo,</span> <span class='ocrx_word' id='word_1_160' title='bbox 1350 3155 1455 3226; x_wconf 78' lang='lat' dir='ltr'>aspre</span> <span class='ocrx_word' id='word_1_161' title='bbox 1482 3133 1558 3204; x_wconf 75' lang='lat' dir='ltr'>elom</span> <span class='ocrx_word' id='word_1_162' title='bbox 1584 3133 1804 3203; x_wconf 76' lang='lat' dir='ltr'>measderiat</span> <span class='ocrx_word' id='word_1_163' title='bbox 1829 3134 1877 3202; x_wconf 84' lang='lat' dir='ltr'>ari</span> <span class='ocrx_word' id='word_1_164' title='bbox 1894 3132 2068 3203; x_wconf 76' lang='lat' dir='ltr'>Patriae-</span> 
     </span>
    </p>
   </div>
   <div class='ocr_carea' id='block_1_6' title="bbox 692 3246 2068 4266">
    <p class='ocr_par' dir='ltr' id='par_1_10' title="bbox 692 3246 2068 4266">
     <span class='ocr_line' id='line_1_22' title="bbox 694 3246 2068 3336; baseline -0.002 -17"><span class='ocrx_word' id='word_1_165' title='bbox 694 3249 820 3320; x_wconf 76' lang='lat' dir='ltr'>ciium:</span> <span class='ocrx_word' id='word_1_166' title='bbox 846 3257 880 3321; x_wconf 90' lang='lat' dir='ltr'>et</span> <span class='ocrx_word' id='word_1_167' title='bbox 906 3249 1124 3321; x_wconf 85' lang='lat' dir='ltr'>collocabunt</span> <span class='ocrx_word' id='word_1_168' title='bbox 1149 3272 1223 3321; x_wconf 84' lang='lat' dir='ltr'>eam</span> <span class='ocrx_word' id='word_1_169' title='bbox 1248 3253 1284 3319; x_wconf 85' lang='lat' dir='ltr'>in</span> <span class='ocrx_word' id='word_1_170' title='bbox 1310 3247 1411 3318; x_wconf 82' lang='lat' dir='ltr'>sedili</span> <span class='ocrx_word' id='word_1_171' title='bbox 1436 3269 1509 3336; x_wconf 90' lang='lat' dir='ltr'>sao,</span> <span class='ocrx_word' id='word_1_172' title='bbox 1535 3247 1731 3318; x_wconf 84' lang='lat' dir='ltr'>recitabant</span> <span class='ocrx_word' id='word_1_173' title='bbox 1758 3269 1876 3318; x_wconf 88' lang='lat' dir='ltr'>coram</span> <span class='ocrx_word' id='word_1_174' title='bbox 1911 3269 1953 3319; x_wconf 95' lang='lat' dir='ltr'>eo</span> <span class='ocrx_word' id='word_1_175' title='bbox 1986 3246 2068 3316; x_wconf 83' lang='lat' dir='ltr'>laa-</span> 
     </span>
     <span class='ocr_line' id='line_1_23' title="bbox 694 3361 2066 3461; baseline -0.001 -28"><span class='ocrx_word' id='word_1_176' title='bbox 694 3363 747 3434; x_wconf 79' lang='lat' dir='ltr'>ais</span> <span class='ocrx_word' id='word_1_177' title='bbox 776 3369 895 3457; x_wconf 79' lang='lat' dir='ltr'>pratia</span> <span class='ocrx_word' id='word_1_178' title='bbox 929 3369 1083 3436; x_wconf 84' lang='lat' dir='ltr'>earmina</span> <span class='ocrx_word' id='word_1_179' title='bbox 1118 3371 1153 3435; x_wconf 92' lang='lat' dir='ltr'>et</span> <span class='ocrx_word' id='word_1_180' title='bbox 1185 3367 1363 3461; x_wconf 86' lang='lat' dir='ltr'>encomia,·</span> <span class='ocrx_word' id='word_1_181' title='bbox 1403 3361 1560 3456; x_wconf 83' lang='lat' dir='ltr'>illamque</span> <span class='ocrx_word' id='word_1_182' title='bbox 1593 3366 1766 3455; x_wconf 82' lang='lat' dir='ltr'>prostrati</span> <span class='ocrx_word' id='word_1_183' title='bbox 1803 3362 2066 3434; x_wconf 77' lang='lat' dir='ltr'>venerabantur.</span> 
     </span>
     <span class='ocr_line' id='line_1_24' title="bbox 694 3478 2068 3574; baseline -0.001 -26"><span class='ocrx_word' id='word_1_184' title='bbox 694 3478 933 3550; x_wconf 83' lang='lat' dir='ltr'>Celebrobitar</span> <span class='ocrx_word' id='word_1_185' title='bbox 971 3501 1104 3574; x_wconf 81' lang='lat' dir='ltr'>qaoque</span> <span class='ocrx_word' id='word_1_186' title='bbox 1138 3501 1204 3573; x_wconf 91' lang='lat' dir='ltr'>per</span> <span class='ocrx_word' id='word_1_187' title='bbox 1236 3485 1308 3550; x_wconf 87' lang='lat' dir='ltr'>tres</span> <span class='ocrx_word' id='word_1_188' title='bbox 1347 3478 1421 3548; x_wconf 86' lang='lat' dir='ltr'>dies</span> <span class='ocrx_word' id='word_1_189' title='bbox 1455 3482 1595 3570; x_wconf 79' lang='lat' dir='ltr'>festam,</span> <span class='ocrx_word' id='word_1_190' title='bbox 1636 3478 1682 3548; x_wconf 81' lang='lat' dir='ltr'>aa</span> <span class='ocrx_word' id='word_1_191' title='bbox 1715 3481 2068 3570; x_wconf 78' lang='lat' dir='ltr'>repraesentationem</span> 
     </span>
     <span class='ocr_line' id='line_1_25' title="bbox 692 3592 2067 3689; baseline -0.001 -27"><span class='ocrx_word' id='word_1_192' title='bbox 692 3598 861 3686; x_wconf 73' lang='lat' dir='ltr'>mysterii,</span> <span class='ocrx_word' id='word_1_193' title='bbox 889 3600 962 3686; x_wconf 83' lang='lat' dir='ltr'>ejus</span> <span class='ocrx_word' id='word_1_194' title='bbox 988 3598 1047 3689; x_wconf 81' lang='lat' dir='ltr'>qui</span> <span class='ocrx_word' id='word_1_195' title='bbox 1072 3618 1097 3664; x_wconf 90' lang='lat' dir='ltr'>a</span> <span class='ocrx_word' id='word_1_196' title='bbox 1122 3597 1263 3665; x_wconf 83' lang='lat' dir='ltr'>mortuis</span> <span class='ocrx_word' id='word_1_197' title='bbox 1288 3597 1483 3664; x_wconf 73' lang='lat' dir='ltr'>resurrexit</span> <span class='ocrx_word' id='word_1_198' title='bbox 1509 3596 1614 3664; x_wconf 82' lang='lat' dir='ltr'>tertio</span> <span class='ocrx_word' id='word_1_199' title='bbox 1642 3592 1708 3663; x_wconf 82' lang='lat' dir='ltr'>die.</span> <span class='ocrx_word' id='word_1_200' title='bbox 1762 3593 1883 3663; x_wconf 88' lang='lat' dir='ltr'>Prima</span> <span class='ocrx_word' id='word_1_201' title='bbox 1915 3594 1973 3664; x_wconf 83' lang='lat' dir='ltr'>die</span> <span class='ocrx_word' id='word_1_202' title='bbox 2006 3596 2067 3661; x_wconf 86' lang='lat' dir='ltr'>ia-</span> 
     </span>
     <span class='ocr_line' id='line_1_26' title="bbox 694 3697 2067 3804; baseline -0.001 -27"><span class='ocrx_word' id='word_1_203' title='bbox 694 3709 932 3781; x_wconf 78' lang='lat' dir='ltr'>tlrronisalrant</span> <span class='ocrx_word' id='word_1_204' title='bbox 957 3732 1031 3780; x_wconf 84' lang='lat' dir='ltr'>eam</span> <span class='ocrx_word' id='word_1_205' title='bbox 1056 3697 1092 3780; x_wconf 77' lang='lat' dir='ltr'>in</span> <span class='ocrx_word' id='word_1_206' title='bbox 1118 3709 1280 3780; x_wconf 82' lang='lat' dir='ltr'>Ecclesia</span> <span class='ocrx_word' id='word_1_207' title='bbox 1305 3708 1477 3804; x_wconf 77' lang='lat' dir='ltr'>Ampeliou</span> <span class='ocrx_word' id='word_1_208' title='bbox 1508 3709 1620 3779; x_wconf 82' lang='lat' dir='ltr'>dicta:</span> <span class='ocrx_word' id='word_1_209' title='bbox 1651 3708 1707 3779; x_wconf 83' lang='lat' dir='ltr'>die</span> <span class='ocrx_word' id='word_1_210' title='bbox 1738 3708 1888 3778; x_wconf 82' lang='lat' dir='ltr'>secanda</span> <span class='ocrx_word' id='word_1_211' title='bbox 1919 3712 1957 3778; x_wconf 84' lang='lat' dir='ltr'>ir</span> <span class='ocrx_word' id='word_1_212' title='bbox 1989 3707 2067 3776; x_wconf 88' lang='lat' dir='ltr'>Ec-</span> 
     </span>
     <span class='ocr_line' id='line_1_27' title="bbox 694 3820 2067 3918; baseline -0.003 -24"><span class='ocrx_word' id='word_1_213' title='bbox 694 3824 801 3896; x_wconf 88' lang='lat' dir='ltr'>clesia</span> <span class='ocrx_word' id='word_1_214' title='bbox 826 3829 940 3897; x_wconf 87' lang='lat' dir='ltr'>sancti</span> <span class='ocrx_word' id='word_1_215' title='bbox 965 3825 1147 3897; x_wconf 76' lang='lat' dir='ltr'>Michaelis</span> <span class='ocrx_word' id='word_1_216' title='bbox 1173 3824 1388 3918; x_wconf 80' lang='lat' dir='ltr'>Arelanpeli</span> <span class='ocrx_word' id='word_1_217' title='bbox 1411 3827 1672 3897; x_wconf 83' lang='lat' dir='ltr'>Acamiiaram:</span> <span class='ocrx_word' id='word_1_218' title='bbox 1704 3823 1762 3894; x_wconf 85' lang='lat' dir='ltr'>die</span> <span class='ocrx_word' id='word_1_219' title='bbox 1795 3824 1901 3893; x_wconf 85' lang='lat' dir='ltr'>tertio</span> <span class='ocrx_word' id='word_1_220' title='bbox 1926 3824 1963 3892; x_wconf 87' lang='lat' dir='ltr'>in</span> <span class='ocrx_word' id='word_1_221' title='bbox 1988 3820 2067 3890; x_wconf 85' lang='lat' dir='ltr'>Ec-</span> 
     </span>
     <span class='ocr_line' id='line_1_28' title="bbox 694 3938 2068 4033; baseline -0.004 -22"><span class='ocrx_word' id='word_1_222' title='bbox 694 3941 802 4011; x_wconf 89' lang='lat' dir='ltr'>clesia</span> <span class='ocrx_word' id='word_1_223' title='bbox 820 3946 934 4011; x_wconf 88' lang='lat' dir='ltr'>saneti</span> <span class='ocrx_word' id='word_1_224' title='bbox 946 3943 1063 4014; x_wconf 89' lang='lat' dir='ltr'>Marci</span> <span class='ocrx_word' id='word_1_225' title='bbox 1077 3945 1112 4011; x_wconf 87' lang='lat' dir='ltr'>in</span> <span class='ocrx_word' id='word_1_226' title='bbox 1133 3943 1348 4012; x_wconf 87' lang='lat' dir='ltr'>coemeterio.</span> <span class='ocrx_word' id='word_1_227' title='bbox 1388 3938 1455 4010; x_wconf 86' lang='lat' dir='ltr'>Ubi</span> <span class='ocrx_word' id='word_1_228' title='bbox 1472 3939 1691 4032; x_wconf 84' lang='lat' dir='ltr'>cmnpiecerit</span> <span class='ocrx_word' id='word_1_229' title='bbox 1704 3939 1896 4033; x_wconf 76' lang='lat' dir='ltr'>Litarpiam</span> <span class='ocrx_word' id='word_1_230' title='bbox 1913 3942 2068 4006; x_wconf 85' lang='lat' dir='ltr'>sanctam</span> 
     </span>
     <span class='ocr_line' id='line_1_29' title="bbox 694 4051 2068 4149; baseline -0.004 -24"><span class='ocrx_word' id='word_1_231' title='bbox 694 4056 751 4126; x_wconf 81' lang='lat' dir='ltr'>die</span> <span class='ocrx_word' id='word_1_232' title='bbox 777 4061 904 4145; x_wconf 84' lang='lat' dir='ltr'>tertia,</span> <span class='ocrx_word' id='word_1_233' title='bbox 931 4057 1064 4129; x_wconf 76' lang='lat' dir='ltr'>sedebit</span> <span class='ocrx_word' id='word_1_234' title='bbox 1089 4063 1124 4127; x_wconf 92' lang='lat' dir='ltr'>et</span> <span class='ocrx_word' id='word_1_235' title='bbox 1149 4060 1300 4149; x_wconf 84' lang='lat' dir='ltr'>accipiet</span> <span class='ocrx_word' id='word_1_236' title='bbox 1325 4061 1429 4148; x_wconf 84' lang='lat' dir='ltr'>capot</span> <span class='ocrx_word' id='word_1_237' title='bbox 1454 4061 1607 4126; x_wconf 74' lang='lat' dir='ltr'>saccom</span> <span class='ocrx_word' id='word_1_238' title='bbox 1626 4055 1670 4127; x_wconf 89' lang='lat' dir='ltr'>D.</span> <span class='ocrx_word' id='word_1_239' title='bbox 1689 4055 1804 4126; x_wconf 87' lang='lat' dir='ltr'>Marci</span> <span class='ocrx_word' id='word_1_240' title='bbox 1823 4051 2068 4147; x_wconf 80' lang='lat' dir='ltr'>Evanpeiistae</span> 
     </span>
     <span class='ocr_line' id='line_1_30' title="bbox 693 4175 1689 4266; baseline -0.003 -24"><span class='ocrx_word' id='word_1_241' title='bbox 693 4176 729 4242; x_wconf 84' lang='lat' dir='ltr'>in</span> <span class='ocrx_word' id='word_1_242' title='bbox 755 4177 831 4244; x_wconf 85' lang='lat' dir='ltr'>sina</span> <span class='ocrx_word' id='word_1_243' title='bbox 856 4193 934 4261; x_wconf 81' lang='lat' dir='ltr'>sao,</span> <span class='ocrx_word' id='word_1_244' title='bbox 960 4178 1079 4265; x_wconf 84' lang='lat' dir='ltr'>utpote</span> <span class='ocrx_word' id='word_1_245' title='bbox 1105 4175 1163 4266; x_wconf 84' lang='lat' dir='ltr'>qai</span> <span class='ocrx_word' id='word_1_246' title='bbox 1188 4191 1366 4244; x_wconf 85' lang='lat' dir='ltr'>successor</span> <span class='ocrx_word' id='word_1_247' title='bbox 1392 4175 1464 4261; x_wconf 81' lang='lat' dir='ltr'>ejas</span> <span class='ocrx_word' id='word_1_248' title='bbox 1487 4175 1603 4263; x_wconf 79' lang='lat' dir='ltr'>factas</span> <span class='ocrx_word' id='word_1_249' title='bbox 1630 4176 1689 4241; x_wconf 87' lang='lat' dir='ltr'>est.</span> 
     </span>
    </p>
   </div>
   <div class='ocr_carea' id='block_1_7' title="bbox 796 4303 1519 4398">
    <p class='ocr_par' dir='ltr' id='par_1_11' title="bbox 796 4303 1519 4398">
     <span class='ocr_line' id='line_1_31' title="bbox 796 4303 1519 4398; baseline 0 -20"><span class='ocrx_word' id='word_1_250' title='bbox 796 4305 841 4377; x_wconf 83' lang='lat' dir='ltr'>Et</span> <span class='ocrx_word' id='word_1_251' title='bbox 866 4305 941 4378; x_wconf 86' lang='lat' dir='ltr'>Deo</span> <span class='ocrx_word' id='word_1_252' title='bbox 969 4306 1079 4398; x_wconf 85' lang='lat' dir='ltr'>glorie</span> <span class='ocrx_word' id='word_1_253' title='bbox 1104 4306 1137 4375; x_wconf 92' lang='lat' dir='ltr'>in</span> <span class='ocrx_word' id='word_1_254' title='bbox 1165 4314 1346 4376; x_wconf 85' lang='lat' dir='ltr'>aeteruum.</span> <span class='ocrx_word' id='word_1_255' title='bbox 1397 4303 1519 4378; x_wconf 88' lang='lat' dir='ltr'>Amen.</span> 
     </span>
    </p>
   </div>
   <div class='ocr_carea' id='block_1_8' title="bbox 860 4589 1901 4691">
    <p class='ocr_par' dir='ltr' id='par_1_12' title="bbox 860 4589 1901 4691">
     <span class='ocr_line' id='line_1_32' title="bbox 860 4589 1901 4691; baseline -0.012 -22"><span class='ocrx_word' id='word_1_256' title='bbox 860 4597 1062 4691; x_wconf 68' lang='lat' dir='ltr'>Exemplum</span> <span class='ocrx_word' id='word_1_257' title='bbox 1087 4596 1334 4689; x_wconf 82' lang='lat' dir='ltr'>Pseplrismoiis</span> <span class='ocrx_word' id='word_1_258' title='bbox 1360 4595 1407 4664; x_wconf 80' lang='lat' dir='ltr'>ad</span> <span class='ocrx_word' id='word_1_259' title='bbox 1432 4592 1631 4663; x_wconf 85' lang='lat' dir='ltr'>electionem</span> <span class='ocrx_word' id='word_1_260' title='bbox 1656 4589 1901 4661; x_wconf 77' lang='lat' dir='ltr'>Patriarclrae.</span> 
     </span>
    </p>
   </div>
   <div class='ocr_carea' id='block_1_9' title="bbox 693 4791 2066 5126">
    <p class='ocr_par' dir='ltr' id='par_1_13' title="bbox 693 4791 2066 5126">
     <span class='ocr_line' id='line_1_33' title="bbox 797 4791 2066 4892; baseline -0.009 -19"><span class='ocrx_word' id='word_1_261' title='bbox 797 4801 836 4872; x_wconf 95' lang='lat' dir='ltr'>In</span> <span class='ocrx_word' id='word_1_262' title='bbox 861 4801 1005 4873; x_wconf 92' lang='lat' dir='ltr'>Nomine</span> <span class='ocrx_word' id='word_1_263' title='bbox 1031 4801 1160 4889; x_wconf 84' lang='lat' dir='ltr'>Patris,</span> <span class='ocrx_word' id='word_1_264' title='bbox 1193 4808 1228 4871; x_wconf 88' lang='lat' dir='ltr'>et</span> <span class='ocrx_word' id='word_1_265' title='bbox 1252 4797 1328 4868; x_wconf 87' lang='lat' dir='ltr'>Filii</span> <span class='ocrx_word' id='word_1_266' title='bbox 1354 4805 1389 4868; x_wconf 89' lang='lat' dir='ltr'>et</span> <span class='ocrx_word' id='word_1_267' title='bbox 1415 4795 1558 4892; x_wconf 86' lang='lat' dir='ltr'>Spiritus</span> <span class='ocrx_word' id='word_1_268' title='bbox 1572 4795 1697 4867; x_wconf 83' lang='lat' dir='ltr'>suncti:</span> <span class='ocrx_word' id='word_1_269' title='bbox 1731 4791 1902 4863; x_wconf 82' lang='lat' dir='ltr'>Trinitatis</span> <span class='ocrx_word' id='word_1_270' title='bbox 1931 4799 2066 4862; x_wconf 84' lang='lat' dir='ltr'>sanctus</span> 
     </span>
     <span class='ocr_line' id='line_1_34' title="bbox 694 4903 2065 4995; baseline -0.007 -10"><span class='ocrx_word' id='word_1_271' title='bbox 694 4924 727 4984; x_wconf 91' lang='lat' dir='ltr'>et</span> <span class='ocrx_word' id='word_1_272' title='bbox 753 4915 919 4986; x_wconf 83' lang='lat' dir='ltr'>indivisae</span> <span class='ocrx_word' id='word_1_273' title='bbox 944 4919 977 4987; x_wconf 92' lang='lat' dir='ltr'>in</span> <span class='ocrx_word' id='word_1_274' title='bbox 1004 4938 1068 4987; x_wconf 84' lang='lat' dir='ltr'>uns</span> <span class='ocrx_word' id='word_1_275' title='bbox 1096 4915 1227 4986; x_wconf 81' lang='lat' dir='ltr'>deitate.</span> <span class='ocrx_word' id='word_1_276' title='bbox 1280 4913 1313 4984; x_wconf 93' lang='lat' dir='ltr'>ls</span> <span class='ocrx_word' id='word_1_277' title='bbox 1340 4921 1393 4984; x_wconf 87' lang='lat' dir='ltr'>cst</span> <span class='ocrx_word' id='word_1_278' title='bbox 1418 4911 1511 4982; x_wconf 91' lang='lat' dir='ltr'>Deus</span> <span class='ocrx_word' id='word_1_279' title='bbox 1537 4919 1669 4995; x_wconf 89' lang='lat' dir='ltr'>noster,</span> <span class='ocrx_word' id='word_1_280' title='bbox 1704 4903 1968 4979; x_wconf 77' lang='lat' dir='ltr'>Christianorum</span> <span class='ocrx_word' id='word_1_281' title='bbox 1995 4904 2065 4976; x_wconf 90' lang='lat' dir='ltr'>Or-</span> 
     </span>
     <span class='ocr_line' id='line_1_35' title="bbox 693 5023 2065 5126; baseline -0.007 -27"><span class='ocrx_word' id='word_1_282' title='bbox 693 5027 933 5102; x_wconf 88' lang='lat' dir='ltr'>thodoxorum:</span> <span class='ocrx_word' id='word_1_283' title='bbox 968 5033 1024 5124; x_wconf 88' lang='lat' dir='ltr'>qui</span> <span class='ocrx_word' id='word_1_284' title='bbox 1055 5039 1108 5104; x_wconf 89' lang='lat' dir='ltr'>est</span> <span class='ocrx_word' id='word_1_285' title='bbox 1142 5049 1221 5126; x_wconf 86' lang='lat' dir='ltr'>spes</span> <span class='ocrx_word' id='word_1_286' title='bbox 1253 5037 1369 5100; x_wconf 83' lang='lat' dir='ltr'>nostra</span> <span class='ocrx_word' id='word_1_287' title='bbox 1403 5025 1446 5098; x_wconf 86' lang='lat' dir='ltr'>ud</span> <span class='ocrx_word' id='word_1_288' title='bbox 1476 5025 1625 5108; x_wconf 84' lang='lat' dir='ltr'>ultimum</span> <span class='ocrx_word' id='word_1_289' title='bbox 1649 5045 1754 5118; x_wconf 85' lang='lat' dir='ltr'>usque</span> <span class='ocrx_word' id='word_1_290' title='bbox 1786 5023 1878 5092; x_wconf 78' lang='lat' dir='ltr'>vitre</span> <span class='ocrx_word' id='word_1_291' title='bbox 1905 5023 2065 5116; x_wconf 89' lang='lat' dir='ltr'>spiritum,</span> 
     </span>
    </p>
   </div>
   <div class='ocr_carea' id='block_1_10' title="bbox 0 0 2372 6064">
    <p class='ocr_par' dir='ltr' id='par_1_14' title="bbox 0 0 2372 6064">
     <span class='ocr_line' id='line_1_36' title="bbox 0 0 2372 6064; baseline 0 0"><span class='ocrx_word' id='word_1_292' title='bbox 0 0 2372 6064; x_wconf 95' lang='lat' dir='ltr'> </span> 
     </span>
    </p>
   </div>
  </div>
 </body>
</html>
