4686 6060
701 517 1233 598 austroualdo
1562 512 1636 585 383

270 718 360 789 mitia
386 708 622 785 Patriurchalia
647 709 805 798 solerent,
822 707 950 804 absque
970 710 1155 804 principum
1175 709 1288 796 venia,
1316 713 1538 799 statutumque
1560 703 1635 798 ipso

268 835 345 925 jure
376 827 616 902 Ecclesiastico
648 823 785 914 inisset,
819 847 862 896 ne
894 846 1009 897 eorum
1042 826 1169 916 injussu
1202 822 1424 911 Sacerdotes,
1459 819 1639 891 Latcorum

272 952 450 1046 primores,
476 953 532 1014 aut
556 941 716 1039 Episcopi
743 951 1030 1034 congregarentur
1056 940 1097 1011 ad
1126 939 1314 1030 eligendum
1342 937 1496 1010 debrncto
1522 935 1639 1008 Patri-

274 1062 397 1136 archae
423 1081 668 1148 successorem,
694 1056 750 1130 ubi
776 1057 860 1130 haec
884 1056 1016 1128 licentia
1036 1078 1200 1128 concessa
1226 1065 1310 1144 erat,
1337 1058 1443 1125 rarius
1461 1061 1641 1147 praecepta

139 1258 142 1264 ,
275 1178 317 1252 ab
346 1177 529 1250 ambitiosis
556 1174 738 1248 candidatis
766 1173 1008 1260 obtinebantur,
1035 1175 1101 1243 imo
1129 1181 1163 1243 et
1188 1192 1352 1244 concessa
1379 1170 1478 1242 facile
1504 1172 1640 1242 rescin-

276 1295 448 1382 debantur,
474 1291 530 1364 ubi
555 1293 694 1387 principi
721 1289 938 1381 significatum
965 1287 1084 1376 iuerat,
1110 1287 1231 1360 violari
1256 1288 1353 1380 leges
1371 1286 1640 1375 Ecclesiasticus

276 1434 362 1507 quae
390 1409 465 1482 olim
492 1429 512 1478 a
538 1411 653 1502 primis
680 1403 995 1478 Muhamedanorum
1028 1402 1181 1496 ducibus,
1216 1400 1395 1498 Callhsqua
1427 1401 1641 1475 confirmatae

275 1525 426 1600 inissent.
480 1523 577 1595 Unde
603 1522 771 1619 plerisque
797 1519 974 1592 infeliciter
994 1523 1096 1592 cessit
1122 1542 1182 1593 sua
1209 1519 1361 1607 ambiti03
1389 1541 1465 1591 nam
1492 1529 1548 1589 aut
1573 1520 1641 1588 mi-

277 1665 358 1715 sere
380 1645 550 1738 perierunt
579 1643 695 1711 vexati
731 1648 831 1732 atque
864 1640 896 1708 in
931 1659 1103 1709 carcerom
1138 1638 1300 1727 conjecti,
1334 1635 1422 1730 quod
1457 1642 1641 1732 promissas

277 1762 436 1855 pecunias
461 1765 718 1853 repraesentare
751 1775 818 1826 nou
852 1761 1010 1850 possent,
1043 1762 1099 1824 aut
1132 1755 1229 1826 exosi
1257 1753 1392 1847 reliquis
1419 1775 1500 1826 suae
1526 1765 1642 1826 sectae
1736 1763 1739 1770 “

278 1874 495 1964 Christianis,
528 1872 625 1944 fidem
659 1869 849 1962 abnegasse
878 1871 1096 1966 reperiuntur.
1149 1867 1267 1964 Neque
1300 1877 1409 1941 tamen
1436 1881 1486 1943 tot
1511 1870 1643 1945 funesta

279 1989 441 2086 exempla
461 1989 610 2083 reliquos
638 1985 913 2058 emendaverunt:
941 2007 1105 2080 nuncque,
1131 1995 1168 2056 ut
1194 2007 1214 2055 a
1241 1985 1348 2056 multis
1375 1991 1581 2084 accepimus,
1607 1994 1644 2057 ut

279 2104 569 2200 Constantinopoli
597 2102 684 2200 apud
709 2102 859 2186 Viziros‚
895 2106 939 2174 ita
967 2099 1111 2174 Cabirae
1139 2100 1225 2197 apud
1251 2101 1463 2196 Praefectos,
1489 2101 1643 2201 publicae

281 2221 524 2318 quodammodo
551 2220 630 2292 fiunt
655 2217 901 2291 Patriarchatus
926 2219 1134 2290 licitationes.
1445 2305 1450 2318 ,
1554 2207 1562 2230 '

383 2337 502 2410 LXlV.
529 2335 667 2407 Decima
694 2338 790 2406 tertia
818 2334 962 2406 conditio
994 2343 1064 2421 est,
1091 2343 1127 2404 ut
1154 2336 1196 2406 sit
1223 2331 1456 2408 Orthodoxus:
1488 2337 1643 2432 nullaque

281 2457 323 2526 de
349 2453 425 2525 bdei
452 2456 524 2545 ejus
557 2451 751 2525 rectitudine
788 2453 934 2548 suspicio
966 2449 1073 2522 luerit.
1134 2448 1207 2522 Etsi
1239 2472 1324 2522 vero
1358 2461 1489 2524 constet
1522 2463 1643 2549 quanta

280 2571 380 2643 buerit
404 2574 498 2652 istius
525 2570 722 2642 conditionis
747 2570 948 2654 necessitas,
975 2589 1061 2662 quae
1087 2590 1134 2639 ex
1165 2571 1328 2638 communi
1359 2571 1436 2659 jure
1470 2574 1550 2642 satis
1585 2575 1643 2642 in-

280 2687 383 2780 telligi
408 2686 557 2776 videtur,
584 2685 699 2758 subest
723 2693 831 2756 tamen
860 2683 945 2781 apud
965 2683 1170 2757 Christianos
1187 2682 1337 2779 Coptitas
1358 2683 1518 2757 occultior
1533 2709 1644 2782 quae-

168 2833 176 2854 ‚
282 2803 356 2876 dam
384 2805 487 2889 ratio,
514 2811 548 2874 et
573 2800 615 2873 ad
642 2821 753 2872 mores
781 2822 896 2872 eorum
923 2801 1059 2896 proprie
1085 2809 1248 2896 spectans.
1299 2797 1436 2892 Eaest,
1464 2802 1644 2898 quodcum

282 2943 328 2991 ex
353 2915 524 2990 Monaohis
552 2925 608 2988 aut
634 2919 733 2988 etiam
758 2915 979 2990 Anachoretis
1006 2914 1048 2986 ab
1076 2919 1165 2987 omni
1190 2915 1358 2988 bominum
1384 2923 1554 2992 consortio
1581 2943 1644 2994 re-

282 3037 395 3122 motis,
432 3033 530 3104 electi
565 3043 600 3104 ut
633 3032 806 3127 plurimum
841 3031 961 3103 facerint
992 3030 1212 3104 Alexandrini
1253 3033 1479 3124 Patriarcbae,
1514 3034 1645 3108 illorum

281 3150 363 3222 fides
390 3155 568 3246 perspecta
595 3147 787 3219 multitudini
814 3170 892 3220 esse
917 3169 984 3219 non
1009 3156 1157 3243 poterat,
1193 3150 1255 3220 uisi
1287 3148 1427 3241 diligens
1459 3173 1520 3245 per
1555 3149 1645 3247 Epi-

284 3287 425 3361 scopos,
452 3272 509 3334 aut
535 3286 614 3352 eos,
642 3265 714 3358 qui,
742 3263 817 3334 dnm
845 3262 987 3336 Comitia
1013 3261 1230 3352 haberentur,
1257 3262 1299 3334 ad
1317 3261 1520 3336 Monasteria
1547 3266 1645 3338 sole-

282 3381 363 3454 bant
388 3383 488 3467 milti,
515 3382 680 3474 inquisitio
705 3379 817 3468 lieret,
844 3401 889 3450 ex
916 3403 979 3474 qua
1007 3401 1069 3475 per
1094 3379 1235 3452 idoneos
1262 3389 1364 3454 testes
1392 3391 1575 3471 constaret,
1604 3371 1650 3455 an

284 3502 371 3571 omni
398 3499 523 3569 erroris
550 3497 739 3591 suspicione
765 3504 925 3566 carerent.
978 3495 1037 3566 llla
1063 3518 1148 3567 vero
1183 3498 1364 3592 praecipue
1395 3501 1586 3570 necessaria
1613 3501 1647 3570 in

283 3617 443 3710 Aegypto
471 3634 550 3684 cura
578 3609 763 3684 adhibenda
790 3621 862 3683 erat
889 3633 971 3704 erga
1006 3610 1190 3683 Monachus
1222 3621 1256 3682 et
1286 3611 1535 3705 Anachoretas,
1570 3619 1647 3710 quia

283 3738 318 3801 ut
344 3753 391 3802 ex
415 3731 492 3800 vitis
518 3726 651 3800 Patrum
679 3735 711 3798 et
737 3729 840 3798 variis
867 3724 1128 3800 cnuectionibus
1155 3731 1389 3800 sententiarum
1423 3741 1457 3802 et
1487 3731 1645 3804 historia-

283 3868 374 3932 rum,
402 3865 489 3938 qnue
516 3841 558 3914 ad
583 3841 795 3914 Eremiticam
820 3841 989 3918 historiam
1016 3847 1197 3937 pertinent,
1224 3854 1336 3916 uotum
1364 3847 1427 3938 est,
1454 3847 1574 3920 multos
1601 3871 1647 3921 ex

283 3959 412 4032 illorum
439 3980 577 4030 numero
602 3961 706 4029 variis
732 3957 924 4049 haeresibus
951 3958 1091 4030 inlectos
1118 3957 1221 4031 fuisse
1241 3970 1390 4049 constat,
1417 3966 1588 4059 variisque
1614 3964 1648 4035 id

285 4073 448 4171 exemplis
488 4097 533 4146 ex
567 4073 731 4161 Palladio,
769 4084 802 4147 et
837 4073 1044 4147 Collectione
1080 4067 1310 4164 coteleriana,
1343 4077 1550 4151 manufestum
1586 4089 1647 4152 est.

284 4188 390 4261 Erant
416 4200 525 4262 autem
552 4193 694 4286 antiquis
721 4191 925 4286 temporibus
951 4189 1051 4263 multo
1084 4191 1196 4287 plures
1229 4175 1414 4265 Orthodoxi
1449 4196 1534 4265 inter
1563 4194 1647 4267 Mo-

284 4305 426 4392 nachos‚
454 4329 550 4401 quam
576 4306 734 4380 haeretici
760 4307 991 4396 Dioscoriani;
1017 4331 1126 4404 neque
1153 4311 1238 4380 enim
1272 4319 1348 4381 ante
1381 4307 1647 4382 lllubamedano-

285 4445 358 4494 rum
383 4422 611 4520 tyrannidem,
637 4422 842 4496 Monasteria
869 4424 992 4505 deserti
1019 4423 1127 4497 Sectis
1156 4435 1189 4496 et
1215 4423 1360 4513 Nitriae,
1387 4424 1561 4520 aliaqueiu
1581 4424 1648 4497 de-

286 4541 385 4612 sertis
411 4537 447 4609 S.
474 4535 612 4610 Mucarii
640 4537 857 4612 obtinuerant.
912 4537 1087 4612 Cavebunt
1111 4543 1212 4632 igitur
1237 4538 1411 4613 Jacobitac
1436 4542 1551 4636 primis
1583 4539 1648 4612 illis

286 4653 447 4753 saeculis,
474 4675 517 4724 ne
545 4652 758 4728 Orthodoxus
785 4653 902 4749 aliquis
930 4658 963 4726 iu
989 4654 1245 4728 Patriarchalem
1281 4656 1394 4729 sedem
1427 4653 1647 4727 induceretur.

287 4769 355 4843 Sed
382 4753 565 4865 praeterea'
583 4771 618 4842 in
643 4773 718 4867 ipsa
745 4769 1055 4868 Menophqsitarum
1088 4782 1179 4843 secta
1213 4782 1308 4844 orant
1342 4770 1515 4844 Gaianitae
1548 4793 1648 4843 com-

286 4885 413 4983 plures:
439 4884 602 4982 Acephuli
627 4890 763 4984 proprie
799 4887 892 4974 dicti,
928 4888 983 4983 qui
1017 4887 1094 4959 olim
1131 4888 1172 4961 ab
1208 4890 1289 4985 ipsis
1323 4889 1553 4962 Dioscorianis
1585 4909 1648 4960 se-

213 4991 215 4996 ’
287 5013 474 5076 cesserant:
523 5000 755 5075 Semidalitae:
797 5002 1101 5090 Quartadecimani:
1148 5003 1417 5099 Phantasiaslae,
1459 5027 1519 5079 seu
1565 5007 1650 5076 meri

1690 2346 1766 2402 Fidei
1783 2348 1925 2418 integritas.
