<?xml version="1.0" encoding="UTF-8"?>
<!DOCTYPE html PUBLIC "-//W3C//DTD XHTML 1.0 Transitional//EN"
    "http://www.w3.org/TR/xhtml1/DTD/xhtml1-transitional.dtd">
<html xmlns="http://www.w3.org/1999/xhtml" xml:lang="en" lang="en">
 <head>
  <title>
</title>
<meta http-equiv="Content-Type" content="text/html;charset=utf-8" />
  <meta name='ocr-system' content='tesseract 3.04.00' />
  <meta name='ocr-capabilities' content='ocr_page ocr_carea ocr_par ocr_line ocrx_word'/>
</head>
<body>
  <div class='ocr_page' id='page_1' title='image "./liturgiarumorie03renagoog_0354.png"; bbox 0 0 4680 6044; ppageno 0'>
   <div class='ocr_carea' id='block_1_1' title="bbox 656 555 1698 682">
    <p class='ocr_par' dir='ltr' id='par_1_1' title="bbox 656 555 1698 682">
     <span class='ocr_line' id='line_1_1' title="bbox 656 555 1698 682; baseline 0.006 -6"><span class='ocrx_word' id='word_1_1' title='bbox 656 601 709 676; x_wconf 80' lang='lat' dir='ltr'><strong>nn</strong></span> <span class='ocrx_word' id='word_1_2' title='bbox 731 555 939 677; x_wconf 78' lang='lat' dir='ltr'><strong>annncnn</strong></span> <span class='ocrx_word' id='word_1_3' title='bbox 960 599 1154 678; x_wconf 80' lang='lat' dir='ltr'><strong>coruram</strong></span> <span class='ocrx_word' id='word_1_4' title='bbox 1174 602 1205 680; x_wconf 80' lang='lat' dir='ltr'><strong>c.</strong></span> <span class='ocrx_word' id='word_1_5' title='bbox 1224 603 1369 681; x_wconf 81' lang='lat' dir='ltr'><strong>nnsnn.</strong></span> <span class='ocrx_word' id='word_1_6' title='bbox 1627 608 1698 682; x_wconf 86' lang='lat'><strong>191</strong></span> 
     </span>
    </p>
   </div>
   <div class='ocr_carea' id='block_1_2' title="bbox 312 783 2137 5118">
    <p class='ocr_par' dir='ltr' id='par_1_2' title="bbox 322 783 1701 1559">
     <span class='ocr_line' id='line_1_2' title="bbox 326 783 1699 874; baseline 0.006 -26"><span class='ocrx_word' id='word_1_7' title='bbox 326 803 429 848; x_wconf 90' lang='lat' dir='ltr'><strong>coram</strong></span> <span class='ocrx_word' id='word_1_8' title='bbox 452 784 555 847; x_wconf 88' lang='lat' dir='ltr'><strong>altari:</strong></span> <span class='ocrx_word' id='word_1_9' title='bbox 580 784 607 846; x_wconf 93' lang='lat' dir='ltr'><strong>si</strong></span> <span class='ocrx_word' id='word_1_10' title='bbox 629 783 758 846; x_wconf 88' lang='lat' dir='ltr'><strong>adiuerit</strong></span> <span class='ocrx_word' id='word_1_11' title='bbox 780 783 967 865; x_wconf 85' lang='lat' dir='ltr'>Episcopus,</span> <span class='ocrx_word' id='word_1_12' title='bbox 990 784 1073 848; x_wconf 90' lang='lat' dir='ltr'><strong>solus</strong></span> <span class='ocrx_word' id='word_1_13' title='bbox 1096 784 1177 848; x_wconf 92' lang='lat' dir='ltr'><strong>illum</strong></span> <span class='ocrx_word' id='word_1_14' title='bbox 1209 787 1410 851; x_wconf 76' lang='lat' dir='ltr'><strong>osculabitur:</strong></span> <span class='ocrx_word' id='word_1_15' title='bbox 1434 789 1460 850; x_wconf 92' lang='lat' dir='ltr'><strong>si</strong></span> <span class='ocrx_word' id='word_1_16' title='bbox 1484 789 1583 854; x_wconf 91' lang='lat' dir='ltr'><strong>nullus</strong></span> <span class='ocrx_word' id='word_1_17' title='bbox 1612 792 1699 874; x_wconf 89' lang='lat' dir='ltr'><strong>adsit,</strong></span> 
     </span>
     <span class='ocr_line' id='line_1_3' title="bbox 326 883 1701 967; baseline 0.003 -19"><span class='ocrx_word' id='word_1_18' title='bbox 326 885 518 948; x_wconf 78' lang='lat' dir='ltr'><strong>Sacerdotes.</strong></span> <span class='ocrx_word' id='word_1_19' title='bbox 564 883 639 945; x_wconf 85' lang='lat' dir='ltr'><strong>&#39;lum</strong></span> <span class='ocrx_word' id='word_1_20' title='bbox 661 884 769 946; x_wconf 91' lang='lat' dir='ltr'><strong>iterum</strong></span> <span class='ocrx_word' id='word_1_21' title='bbox 792 883 930 946; x_wconf 89' lang='lat' dir='ltr'><strong>adoletur</strong></span> <span class='ocrx_word' id='word_1_22' title='bbox 951 885 1126 963; x_wconf 89' lang='lat' dir='ltr'><strong>incensum,</strong></span> <span class='ocrx_word' id='word_1_23' title='bbox 1149 892 1180 948; x_wconf 90' lang='lat' dir='ltr'><strong>et</strong></span> <span class='ocrx_word' id='word_1_24' title='bbox 1205 886 1337 949; x_wconf 88' lang='lat' dir='ltr'><strong>Diacono</strong></span> <span class='ocrx_word' id='word_1_25' title='bbox 1361 887 1495 967; x_wconf 90' lang='lat' dir='ltr'><strong>dicente,</strong></span> <span class='ocrx_word' id='word_1_26' title='bbox 1524 890 1610 952; x_wconf 86' lang='lat' dir='ltr'><strong>State</strong></span> <span class='ocrx_word' id='word_1_27' title='bbox 1632 911 1701 954; x_wconf 86' lang='lat' dir='ltr'><strong>cnm</strong></span> 
     </span>
     <span class='ocr_line' id='line_1_4' title="bbox 325 981 1701 1064; baseline 0.004 -18"><span class='ocrx_word' id='word_1_28' title='bbox 325 986 447 1060; x_wconf 90' lang='lat' dir='ltr'><strong>timore,</strong></span> <span class='ocrx_word' id='word_1_29' title='bbox 471 981 626 1064; x_wconf 87' lang='lat' dir='ltr'><strong>subjungit</strong></span> <span class='ocrx_word' id='word_1_30' title='bbox 655 981 821 1061; x_wconf 84' lang='lat' dir='ltr'><strong>Sacerdos,</strong></span> <span class='ocrx_word' id='word_1_31' title='bbox 851 982 887 1044; x_wconf 88' lang='lat' dir='ltr'><strong>ln</strong></span> <span class='ocrx_word' id='word_1_32' title='bbox 908 985 1028 1045; x_wconf 89' lang='lat' dir='ltr'><strong>nomine</strong></span> <span class='ocrx_word' id='word_1_33' title='bbox 1048 983 1115 1048; x_wconf 85' lang='lat' dir='ltr'><strong>Dei.</strong></span> <span class='ocrx_word' id='word_1_34' title='bbox 1160 984 1270 1047; x_wconf 86' lang='lat' dir='ltr'><strong>lterum</strong></span> <span class='ocrx_word' id='word_1_35' title='bbox 1298 986 1436 1048; x_wconf 91' lang='lat' dir='ltr'><strong>incensat</strong></span> <span class='ocrx_word' id='word_1_36' title='bbox 1469 989 1620 1053; x_wconf 82' lang='lat' dir='ltr'><strong>Sacerdos</strong></span> <span class='ocrx_word' id='word_1_37' title='bbox 1651 989 1701 1052; x_wconf 92' lang='lat' dir='ltr'><strong>di-</strong></span> 
     </span>
     <span class='ocr_line' id='line_1_5' title="bbox 324 1067 1700 1166; baseline 0.005 -23"><span class='ocrx_word' id='word_1_38' title='bbox 324 1089 411 1144; x_wconf 90' lang='lat' dir='ltr'><strong>cente</strong></span> <span class='ocrx_word' id='word_1_39' title='bbox 434 1082 584 1158; x_wconf 89' lang='lat' dir='ltr'><strong>Diacono,</strong></span> <span class='ocrx_word' id='word_1_40' title='bbox 619 1067 823 1164; x_wconf 76' lang='lat' dir='ltr'><strong>Eo&#39;do&#39;ypaov,</strong></span> <span class='ocrx_word' id='word_1_41' title='bbox 846 1079 997 1143; x_wconf 81' lang='lat' dir='ltr'><strong>Remedio:</strong></span> <span class='ocrx_word' id='word_1_42' title='bbox 1025 1088 1056 1143; x_wconf 91' lang='lat' dir='ltr'><strong>et</strong></span> <span class='ocrx_word' id='word_1_43' title='bbox 1086 1082 1176 1158; x_wconf 89' lang='lat' dir='ltr'><strong>dicit,</strong></span> <span class='ocrx_word' id='word_1_44' title='bbox 1203 1084 1324 1146; x_wconf 84' lang='lat' dir='ltr'><strong>Initium</strong></span> <span class='ocrx_word' id='word_1_45' title='bbox 1351 1084 1513 1166; x_wconf 80' lang='lat' dir='ltr'><strong>Evangelii</strong></span> <span class='ocrx_word' id='word_1_46' title='bbox 1537 1089 1700 1150; x_wconf 73' lang='lat' dir='ltr'><strong>:emendam</strong></span> 
     </span>
     <span class='ocr_line' id='line_1_6' title="bbox 323 1178 1700 1262; baseline 0.006 -22"><span class='ocrx_word' id='word_1_47' title='bbox 323 1178 522 1255; x_wconf 85' lang='lat' dir='ltr'><strong>dlattbaeam,</strong></span> <span class='ocrx_word' id='word_1_48' title='bbox 545 1181 699 1256; x_wconf 85' lang='lat' dir='ltr'><strong>Marcum,</strong></span> <span class='ocrx_word' id='word_1_49' title='bbox 722 1188 779 1242; x_wconf 89' lang='lat' dir='ltr'><strong>etc.</strong></span> <span class='ocrx_word' id='word_1_50' title='bbox 822 1179 928 1242; x_wconf 82' lang='lat' dir='ltr'><strong>Lectio</strong></span> <span class='ocrx_word' id='word_1_51' title='bbox 949 1182 1051 1242; x_wconf 83' lang='lat' dir='ltr'><strong>sancti</strong></span> <span class='ocrx_word' id='word_1_52' title='bbox 1070 1180 1245 1262; x_wconf 79' lang='lat' dir='ltr'><strong>Evangelii,</strong></span> <span class='ocrx_word' id='word_1_53' title='bbox 1280 1199 1357 1261; x_wconf 87' lang='lat' dir='ltr'><strong>quae</strong></span> <span class='ocrx_word' id='word_1_54' title='bbox 1385 1185 1479 1246; x_wconf 87' lang='lat' dir='ltr'><strong>verba</strong></span> <span class='ocrx_word' id='word_1_55' title='bbox 1503 1182 1620 1248; x_wconf 89' lang='lat' dir='ltr'><strong>Graece</strong></span> <span class='ocrx_word' id='word_1_56' title='bbox 1651 1187 1700 1248; x_wconf 91' lang='lat' dir='ltr'><strong>di-</strong></span> 
     </span>
     <span class='ocr_line' id='line_1_7' title="bbox 326 1267 1700 1364; baseline 0.005 -25"><span class='ocrx_word' id='word_1_57' title='bbox 326 1287 451 1356; x_wconf 90' lang='lat' dir='ltr'><strong>cuntur,</strong></span> <span class='ocrx_word' id='word_1_58' title='bbox 474 1287 507 1340; x_wconf 92' lang='lat' dir='ltr'><strong>ut</strong></span> <span class='ocrx_word' id='word_1_59' title='bbox 529 1286 689 1340; x_wconf 91' lang='lat' dir='ltr'><strong>annotatur</strong></span> <span class='ocrx_word' id='word_1_60' title='bbox 711 1279 741 1340; x_wconf 92' lang='lat' dir='ltr'><strong>in</strong></span> <span class='ocrx_word' id='word_1_61' title='bbox 764 1278 900 1341; x_wconf 91' lang='lat' dir='ltr'><strong>omnibus</strong></span> <span class='ocrx_word' id='word_1_62' title='bbox 931 1277 1094 1341; x_wconf 85' lang='lat' dir='ltr'><strong>codicibus.</strong></span> <span class='ocrx_word' id='word_1_63' title='bbox 1136 1267 1236 1364; x_wconf 76' lang='grc' dir='ltr'><strong>Ἀρχῆ</strong></span> <span class='ocrx_word' id='word_1_64' title='bbox 1263 1269 1455 1364; x_wconf 72' lang='grc' dir='ltr'><em>εὐαγγελίου</em></span> <span class='ocrx_word' id='word_1_65' title='bbox 1485 1271 1582 1362; x_wconf 54' lang='grc' dir='ltr'><strong>υυυυὶΧ</strong></span> <span class='ocrx_word' id='word_1_66' title='bbox 1596 1283 1700 1345; x_wconf 83' lang='lat' dir='ltr'><strong>Mora-</strong></span> 
     </span>
     <span class='ocr_line' id='line_1_8' title="bbox 323 1365 1699 1464; baseline 0.004 -24"><span class='ocrx_word' id='word_1_67' title='bbox 323 1377 434 1454; x_wconf 78' lang='lat' dir='ltr'><strong>Oaiov,</strong></span> <span class='ocrx_word' id='word_1_68' title='bbox 457 1366 674 1462; x_wconf 76' lang='grc' dir='ltr'><em>καὶΜαρκόν,</em></span> <span class='ocrx_word' id='word_1_69' title='bbox 696 1367 780 1441; x_wconf 73' lang='grc' dir='ltr'><strong>κατά</strong></span> <span class='ocrx_word' id='word_1_70' title='bbox 800 1373 943 1454; x_wconf 81' lang='grc' dir='ltr'><strong>Λουκᾶν,</strong></span> <span class='ocrx_word' id='word_1_71' title='bbox 965 1367 1050 1440; x_wconf 77' lang='lat' dir='ltr'><strong>rard</strong></span> <span class='ocrx_word' id='word_1_72' title='bbox 1068 1365 1227 1461; x_wconf 77' lang='grc' dir='ltr'><em>Ἰωάννην.</em></span> <span class='ocrx_word' id='word_1_73' title='bbox 1270 1367 1376 1462; x_wconf 82' lang='lat' dir='ltr'><strong>‘Aytoo</strong></span> <span class='ocrx_word' id='word_1_74' title='bbox 1399 1369 1589 1464; x_wconf 75' lang='grc' dir='ltr'><em>εὐαγγελίου</em></span> <span class='ocrx_word' id='word_1_75' title='bbox 1612 1369 1699 1444; x_wconf 75' lang='grc' dir='ltr'><strong>ἄνᾶ-</strong></span> 
     </span>
     <span class='ocr_line' id='line_1_9' title="bbox 322 1475 1387 1559; baseline 0.006 -22"><span class='ocrx_word' id='word_1_76' title='bbox 322 1491 463 1559; x_wconf 83' lang='grc' dir='ltr'><strong>γνωσμα.</strong></span> <span class='ocrx_word' id='word_1_77' title='bbox 508 1477 568 1541; x_wconf 90' lang='lat' dir='ltr'><strong>Sed</strong></span> <span class='ocrx_word' id='word_1_78' title='bbox 590 1477 685 1538; x_wconf 90' lang='lat' dir='ltr'><strong>verba</strong></span> <span class='ocrx_word' id='word_1_79' title='bbox 707 1479 782 1540; x_wconf 91' lang='lat' dir='ltr'><strong>mire</strong></span> <span class='ocrx_word' id='word_1_80' title='bbox 805 1482 948 1557; x_wconf 91' lang='lat' dir='ltr'><strong>corrupta</strong></span> <span class='ocrx_word' id='word_1_81' title='bbox 975 1484 1059 1556; x_wconf 90' lang='lat' dir='ltr'><strong>sunt,</strong></span> <span class='ocrx_word' id='word_1_82' title='bbox 1083 1484 1116 1539; x_wconf 90' lang='lat' dir='ltr'><strong>ut</strong></span> <span class='ocrx_word' id='word_1_83' title='bbox 1139 1475 1256 1540; x_wconf 89' lang='lat' dir='ltr'><strong>Graeca</strong></span> <span class='ocrx_word' id='word_1_84' title='bbox 1278 1479 1387 1543; x_wconf 91' lang='lat' dir='ltr'><strong>omnia.</strong></span> 
     </span>
    </p>

    <p class='ocr_par' dir='ltr' id='par_1_3' title="bbox 413 1575 1698 1658">
     <span class='ocr_line' id='line_1_10' title="bbox 413 1575 1698 1658; baseline 0.005 -21"><span class='ocrx_word' id='word_1_85' title='bbox 413 1575 488 1638; x_wconf 84' lang='lat' dir='ltr'><strong>&#39;lum</strong></span> <span class='ocrx_word' id='word_1_86' title='bbox 512 1576 609 1638; x_wconf 91' lang='lat' dir='ltr'><strong>adbuc</strong></span> <span class='ocrx_word' id='word_1_87' title='bbox 631 1577 785 1654; x_wconf 90' lang='lat' dir='ltr'><strong>incensat,</strong></span> <span class='ocrx_word' id='word_1_88' title='bbox 809 1582 840 1638; x_wconf 93' lang='lat' dir='ltr'><strong>et</strong></span> <span class='ocrx_word' id='word_1_89' title='bbox 862 1575 972 1638; x_wconf 92' lang='lat' dir='ltr'><strong>dicitur</strong></span> <span class='ocrx_word' id='word_1_90' title='bbox 994 1575 1131 1656; x_wconf 76' lang='lat' dir='ltr'><strong>Coptica,</strong></span> <span class='ocrx_word' id='word_1_91' title='bbox 1160 1576 1287 1638; x_wconf 84' lang='lat' dir='ltr'><strong>Verbum</strong></span> <span class='ocrx_word' id='word_1_92' title='bbox 1308 1577 1468 1658; x_wconf 72' lang='lat' dir='ltr'><strong>Evangelii</strong></span> <span class='ocrx_word' id='word_1_93' title='bbox 1488 1579 1526 1642; x_wconf 89' lang='lat' dir='ltr'><strong>D.</strong></span> <span class='ocrx_word' id='word_1_94' title='bbox 1550 1577 1587 1642; x_wconf 90' lang='lat' dir='ltr'><strong>N.</strong></span> <span class='ocrx_word' id='word_1_95' title='bbox 1610 1578 1640 1642; x_wconf 85' lang='lat' dir='ltr'><strong>J.</strong></span> <span class='ocrx_word' id='word_1_96' title='bbox 1665 1579 1698 1644; x_wconf 83' lang='grc' dir='ltr'><strong>Ο.</strong></span> 
     </span>
    </p>

    <p class='ocr_par' dir='ltr' id='par_1_4' title="bbox 312 1675 1725 3434">
     <span class='ocr_line' id='line_1_11' title="bbox 321 1675 1699 1756; baseline 0.004 -20"><span class='ocrx_word' id='word_1_97' title='bbox 321 1675 378 1754; x_wconf 78' lang='lat' dir='ltr'><strong>filii</strong></span> <span class='ocrx_word' id='word_1_98' title='bbox 397 1675 457 1736; x_wconf 85' lang='lat' dir='ltr'><strong>Dei</strong></span> <span class='ocrx_word' id='word_1_99' title='bbox 483 1677 703 1756; x_wconf 82' lang='lat' dir='ltr'><strong>oioi,puiest</strong></span> <span class='ocrx_word' id='word_1_100' title='bbox 729 1677 880 1755; x_wconf 83' lang='lat' dir='ltr'><strong>usquein</strong></span> <span class='ocrx_word' id='word_1_101' title='bbox 909 1680 1063 1736; x_wconf 85' lang='lat' dir='ltr'><strong>aeternnm</strong></span> <span class='ocrx_word' id='word_1_102' title='bbox 1089 1675 1238 1736; x_wconf 78' lang='lat' dir='ltr'><strong>Dammae</strong></span> <span class='ocrx_word' id='word_1_103' title='bbox 1266 1683 1378 1738; x_wconf 84' lang='lat' dir='ltr'><strong>noster.</strong></span> <span class='ocrx_word' id='word_1_104' title='bbox 1421 1676 1560 1739; x_wconf 89' lang='lat' dir='ltr'><strong>lncensat</strong></span> <span class='ocrx_word' id='word_1_105' title='bbox 1590 1677 1699 1742; x_wconf 90' lang='lat' dir='ltr'><strong>deinde</strong></span> 
     </span>
     <span class='ocr_line' id='line_1_12' title="bbox 324 1774 1700 1857; baseline 0.002 -21"><span class='ocrx_word' id='word_1_106' title='bbox 324 1774 506 1837; x_wconf 81' lang='lat' dir='ltr'><strong>Sacerdotes</strong></span> <span class='ocrx_word' id='word_1_107' title='bbox 535 1783 566 1838; x_wconf 87' lang='lat' dir='ltr'><strong>et</strong></span> <span class='ocrx_word' id='word_1_108' title='bbox 595 1776 683 1851; x_wconf 92' lang='lat' dir='ltr'><strong>dicit,</strong></span> <span class='ocrx_word' id='word_1_109' title='bbox 711 1774 803 1837; x_wconf 80' lang='lat' dir='ltr'><strong>Beati</strong></span> <span class='ocrx_word' id='word_1_110' title='bbox 830 1775 911 1836; x_wconf 78' lang='lat' dir='ltr'><strong>occdi</strong></span> <span class='ocrx_word' id='word_1_111' title='bbox 937 1776 1032 1836; x_wconf 82' lang='lat' dir='ltr'><strong>nestri</strong></span> <span class='ocrx_word' id='word_1_112' title='bbox 1057 1776 1130 1855; x_wconf 81' lang='lat' dir='ltr'><strong>qaia</strong></span> <span class='ocrx_word' id='word_1_113' title='bbox 1156 1776 1273 1850; x_wconf 84' lang='lat' dir='ltr'><strong>vident,</strong></span> <span class='ocrx_word' id='word_1_114' title='bbox 1302 1783 1333 1837; x_wconf 89' lang='lat' dir='ltr'><strong>et</strong></span> <span class='ocrx_word' id='word_1_115' title='bbox 1361 1794 1454 1837; x_wconf 84' lang='lat' dir='ltr'><strong>aures</strong></span> <span class='ocrx_word' id='word_1_116' title='bbox 1480 1783 1601 1838; x_wconf 76' lang='lat' dir='ltr'><strong>vernae</strong></span> <span class='ocrx_word' id='word_1_117' title='bbox 1627 1780 1700 1857; x_wconf 83' lang='lat' dir='ltr'><strong>qaia</strong></span> 
     </span>
     <span class='ocr_line' id='line_1_13' title="bbox 324 1873 1699 1955; baseline 0.001 -20"><span class='ocrx_word' id='word_1_118' title='bbox 324 1875 459 1935; x_wconf 85' lang='lat' dir='ltr'><strong>audiant.</strong></span> <span class='ocrx_word' id='word_1_119' title='bbox 503 1873 597 1954; x_wconf 78' lang='lat' dir='ltr'><strong>Digni</strong></span> <span class='ocrx_word' id='word_1_120' title='bbox 618 1873 787 1955; x_wconf 73' lang='lat' dir='ltr'><strong>efficiamur</strong></span> <span class='ocrx_word' id='word_1_121' title='bbox 808 1874 935 1947; x_wconf 85' lang='lat' dir='ltr'><strong>andire,</strong></span> <span class='ocrx_word' id='word_1_122' title='bbox 958 1880 988 1933; x_wconf 89' lang='lat' dir='ltr'><strong>et</strong></span> <span class='ocrx_word' id='word_1_123' title='bbox 1009 1873 1133 1935; x_wconf 88' lang='lat' dir='ltr'><strong>obedire</strong></span> <span class='ocrx_word' id='word_1_124' title='bbox 1151 1873 1296 1952; x_wconf 78' lang='lat' dir='ltr'><strong>faciendo</strong></span> <span class='ocrx_word' id='word_1_125' title='bbox 1309 1873 1507 1953; x_wconf 81' lang='lat' dir='ltr'><strong>Evangeliam</strong></span> <span class='ocrx_word' id='word_1_126' title='bbox 1524 1881 1606 1937; x_wconf 81' lang='lat' dir='ltr'><strong>tunm</strong></span> <span class='ocrx_word' id='word_1_127' title='bbox 1625 1895 1699 1938; x_wconf 82' lang='lat' dir='ltr'><strong>aan-</strong></span> 
     </span>
     <span class='ocr_line' id='line_1_14' title="bbox 312 1971 1699 2052; baseline 0.001 -18"><span class='ocrx_word' id='word_1_128' title='bbox 312 1980 403 2034; x_wconf 64' lang='lat' dir='ltr'><strong>*ctnm</strong></span> <span class='ocrx_word' id='word_1_129' title='bbox 428 1991 488 2051; x_wconf 85' lang='lat' dir='ltr'><strong>per</strong></span> <span class='ocrx_word' id='word_1_130' title='bbox 510 1991 622 2052; x_wconf 83' lang='lat' dir='ltr'><strong>preces</strong></span> <span class='ocrx_word' id='word_1_131' title='bbox 650 1974 781 2034; x_wconf 86' lang='lat' dir='ltr'><strong>omnium</strong></span> <span class='ocrx_word' id='word_1_132' title='bbox 810 1979 984 2034; x_wconf 84' lang='lat' dir='ltr'><strong>sanctorum</strong></span> <span class='ocrx_word' id='word_1_133' title='bbox 1014 1979 1142 2034; x_wconf 84' lang='lat' dir='ltr'><strong>tuorum</strong></span> <span class='ocrx_word' id='word_1_134' title='bbox 1196 1971 1270 2034; x_wconf 91' lang='lat' dir='ltr'><strong>&#39;lum</strong></span> <span class='ocrx_word' id='word_1_135' title='bbox 1303 1971 1342 2033; x_wconf 90' lang='lat' dir='ltr'><strong>ad</strong></span> <span class='ocrx_word' id='word_1_136' title='bbox 1370 1971 1470 2035; x_wconf 88' lang='lat' dir='ltr'><strong>locum</strong></span> <span class='ocrx_word' id='word_1_137' title='bbox 1496 1972 1699 2038; x_wconf 89' lang='lat' dir='ltr'><strong>Diaconorum</strong></span> 
     </span>
     <span class='ocr_line' id='line_1_15' title="bbox 325 2069 1700 2150; baseline 0.001 -16"><span class='ocrx_word' id='word_1_138' title='bbox 325 2087 494 2134; x_wconf 89' lang='lat' dir='ltr'><strong>conversus</strong></span> <span class='ocrx_word' id='word_1_139' title='bbox 529 2080 560 2134; x_wconf 89' lang='lat' dir='ltr'><strong>et</strong></span> <span class='ocrx_word' id='word_1_140' title='bbox 593 2071 681 2133; x_wconf 86' lang='lat' dir='ltr'><strong>thure</strong></span> <span class='ocrx_word' id='word_1_141' title='bbox 718 2070 788 2132; x_wconf 91' lang='lat' dir='ltr'><strong>dato</strong></span> <span class='ocrx_word' id='word_1_142' title='bbox 823 2069 911 2147; x_wconf 91' lang='lat' dir='ltr'><strong>dicit,</strong></span> <span class='ocrx_word' id='word_1_143' title='bbox 948 2069 1086 2131; x_wconf 82' lang='lat' dir='ltr'><strong>Adorate</strong></span> <span class='ocrx_word' id='word_1_144' title='bbox 1121 2069 1319 2150; x_wconf 80' lang='lat' dir='ltr'><strong>Euangetiam</strong></span> <span class='ocrx_word' id='word_1_145' title='bbox 1346 2070 1470 2132; x_wconf 85' lang='lat' dir='ltr'><strong>Dornini</strong></span> <span class='ocrx_word' id='word_1_146' title='bbox 1500 2075 1600 2134; x_wconf 80' lang='lat' dir='ltr'><strong>nostri</strong></span> <span class='ocrx_word' id='word_1_147' title='bbox 1626 2079 1700 2135; x_wconf 78' lang='lat' dir='ltr'><strong>desit</strong></span> 
     </span>
     <span class='ocr_line' id='line_1_16' title="bbox 325 2153 1699 2253; baseline 0.001 -21"><span class='ocrx_word' id='word_1_148' title='bbox 325 2168 447 2232; x_wconf 72' lang='lat' dir='ltr'><strong>Christi.</strong></span> <span class='ocrx_word' id='word_1_149' title='bbox 483 2171 592 2233; x_wconf 85' lang='lat' dir='ltr'><strong>Postea</strong></span> <span class='ocrx_word' id='word_1_150' title='bbox 615 2177 674 2232; x_wconf 91' lang='lat' dir='ltr'><strong>stat</strong></span> <span class='ocrx_word' id='word_1_151' title='bbox 696 2170 733 2231; x_wconf 93' lang='lat' dir='ltr'><strong>ad</strong></span> <span class='ocrx_word' id='word_1_152' title='bbox 757 2169 834 2231; x_wconf 90' lang='lat' dir='ltr'><strong>latus</strong></span> <span class='ocrx_word' id='word_1_153' title='bbox 858 2168 979 2246; x_wconf 87' lang='lat' dir='ltr'><strong>altaris,</strong></span> <span class='ocrx_word' id='word_1_154' title='bbox 1002 2185 1100 2249; x_wconf 88' lang='lat' dir='ltr'><strong>usque</strong></span> <span class='ocrx_word' id='word_1_155' title='bbox 1123 2169 1192 2232; x_wconf 90' lang='lat' dir='ltr'><strong>dum</strong></span> <span class='ocrx_word' id='word_1_156' title='bbox 1215 2153 1296 2231; x_wconf 80' lang='lat' dir='ltr'><strong>linita</strong></span> <span class='ocrx_word' id='word_1_157' title='bbox 1317 2168 1409 2231; x_wconf 87' lang='lat' dir='ltr'><strong>tuerit</strong></span> <span class='ocrx_word' id='word_1_158' title='bbox 1431 2169 1521 2232; x_wconf 89' lang='lat' dir='ltr'><strong>lectio</strong></span> <span class='ocrx_word' id='word_1_159' title='bbox 1538 2171 1699 2253; x_wconf 77' lang='lat' dir='ltr'><strong>Evangelii</strong></span> 
     </span>
     <span class='ocr_line' id='line_1_17' title="bbox 325 2267 1700 2350; baseline -0.001 -18"><span class='ocrx_word' id='word_1_160' title='bbox 325 2268 468 2349; x_wconf 86' lang='lat' dir='ltr'><strong>Coptice:</strong></span> <span class='ocrx_word' id='word_1_161' title='bbox 497 2275 629 2350; x_wconf 90' lang='lat' dir='ltr'><strong>tuncque</strong></span> <span class='ocrx_word' id='word_1_162' title='bbox 659 2269 826 2331; x_wconf 88' lang='lat' dir='ltr'><strong>incensabit</strong></span> <span class='ocrx_word' id='word_1_163' title='bbox 855 2269 934 2330; x_wconf 88' lang='lat' dir='ltr'><strong>sicut</strong></span> <span class='ocrx_word' id='word_1_164' title='bbox 960 2269 1060 2348; x_wconf 91' lang='lat' dir='ltr'><strong>prius:</strong></span> <span class='ocrx_word' id='word_1_165' title='bbox 1089 2268 1257 2349; x_wconf 87' lang='lat' dir='ltr'><strong>iterumque</strong></span> <span class='ocrx_word' id='word_1_166' title='bbox 1288 2267 1383 2330; x_wconf 90' lang='lat' dir='ltr'><strong>altare</strong></span> <span class='ocrx_word' id='word_1_167' title='bbox 1412 2269 1597 2350; x_wconf 90' lang='lat' dir='ltr'><strong>incensabit,</strong></span> <span class='ocrx_word' id='word_1_168' title='bbox 1631 2287 1700 2331; x_wconf 90' lang='lat' dir='ltr'><strong>curn</strong></span> 
     </span>
     <span class='ocr_line' id='line_1_18' title="bbox 323 2365 1725 2454; baseline 0.001 -25"><span class='ocrx_word' id='word_1_169' title='bbox 323 2369 474 2448; x_wconf 89' lang='lat' dir='ltr'><strong>interpres</strong></span> <span class='ocrx_word' id='word_1_170' title='bbox 507 2367 603 2430; x_wconf 89' lang='lat' dir='ltr'><strong>dicet:</strong></span> <span class='ocrx_word' id='word_1_171' title='bbox 638 2368 761 2429; x_wconf 81' lang='lat' dir='ltr'><strong>Domini</strong></span> <span class='ocrx_word' id='word_1_172' title='bbox 793 2374 823 2428; x_wconf 88' lang='lat' dir='ltr'><strong>et</strong></span> <span class='ocrx_word' id='word_1_173' title='bbox 853 2366 913 2428; x_wconf 86' lang='lat' dir='ltr'><strong>Dei</strong></span> <span class='ocrx_word' id='word_1_174' title='bbox 943 2369 1057 2429; x_wconf 79' lang='lat' dir='ltr'><strong>nostri:</strong></span> <span class='ocrx_word' id='word_1_175' title='bbox 1090 2365 1211 2428; x_wconf 91' lang='lat' dir='ltr'><strong>tandem</strong></span> <span class='ocrx_word' id='word_1_176' title='bbox 1244 2366 1473 2430; x_wconf 85' lang='lat' dir='ltr'><strong>circumferetur</strong></span> <span class='ocrx_word' id='word_1_177' title='bbox 1499 2367 1725 2454; x_wconf 81' lang='lat' dir='ltr'><strong>Evangelinm¹</strong></span> 
     </span>
     <span class='ocr_line' id='line_1_19' title="bbox 325 2464 1699 2548; baseline 0 -19"><span class='ocrx_word' id='word_1_178' title='bbox 325 2468 401 2529; x_wconf 89' lang='lat' dir='ltr'><strong>sicut</strong></span> <span class='ocrx_word' id='word_1_179' title='bbox 422 2468 520 2546; x_wconf 90' lang='lat' dir='ltr'><strong>prius,</strong></span> <span class='ocrx_word' id='word_1_180' title='bbox 544 2473 573 2528; x_wconf 90' lang='lat' dir='ltr'><strong>ct</strong></span> <span class='ocrx_word' id='word_1_181' title='bbox 595 2464 734 2528; x_wconf 90' lang='lat' dir='ltr'><strong>dicentur</strong></span> <span class='ocrx_word' id='word_1_182' title='bbox 754 2466 918 2530; x_wconf 91' lang='lat' dir='ltr'><strong>orationes.</strong></span> <span class='ocrx_word' id='word_1_183' title='bbox 964 2466 1078 2529; x_wconf 89' lang='lat' dir='ltr'><strong>Eadem</strong></span> <span class='ocrx_word' id='word_1_184' title='bbox 1105 2465 1200 2528; x_wconf 87' lang='lat' dir='ltr'><strong>lerrne</strong></span> <span class='ocrx_word' id='word_1_185' title='bbox 1230 2467 1373 2548; x_wconf 87' lang='lat' dir='ltr'><strong>leguntur</strong></span> <span class='ocrx_word' id='word_1_186' title='bbox 1400 2465 1480 2548; x_wconf 88' lang='lat' dir='ltr'><strong>apud</strong></span> <span class='ocrx_word' id='word_1_187' title='bbox 1510 2467 1699 2547; x_wconf 84' lang='lat' dir='ltr'><strong>Abulbiroat‚</strong></span> 
     </span>
     <span class='ocr_line' id='line_1_20' title="bbox 325 2563 1700 2646; baseline 0.001 -19"><span class='ocrx_word' id='word_1_188' title='bbox 325 2584 402 2646; x_wconf 86' lang='lat' dir='ltr'><strong>quae</strong></span> <span class='ocrx_word' id='word_1_189' title='bbox 425 2567 533 2628; x_wconf 91' lang='lat' dir='ltr'><strong>iterum</strong></span> <span class='ocrx_word' id='word_1_190' title='bbox 557 2566 622 2646; x_wconf 92' lang='lat' dir='ltr'><strong>ejus</strong></span> <span class='ocrx_word' id='word_1_191' title='bbox 645 2563 748 2626; x_wconf 87' lang='lat' dir='ltr'><strong>verbis</strong></span> <span class='ocrx_word' id='word_1_192' title='bbox 770 2581 923 2644; x_wconf 88' lang='lat' dir='ltr'><strong>reponere</strong></span> <span class='ocrx_word' id='word_1_193' title='bbox 946 2582 1076 2626; x_wconf 89' lang='lat' dir='ltr'><strong>necesse</strong></span> <span class='ocrx_word' id='word_1_194' title='bbox 1099 2583 1159 2627; x_wconf 91' lang='lat' dir='ltr'><strong>non</strong></span> <span class='ocrx_word' id='word_1_195' title='bbox 1183 2573 1246 2628; x_wconf 88' lang='lat' dir='ltr'><strong>est:</strong></span> <span class='ocrx_word' id='word_1_196' title='bbox 1270 2565 1413 2629; x_wconf 88' lang='lat' dir='ltr'><strong>observat</strong></span> <span class='ocrx_word' id='word_1_197' title='bbox 1436 2572 1560 2645; x_wconf 87' lang='lat' dir='ltr'><strong>tanturn,</strong></span> <span class='ocrx_word' id='word_1_198' title='bbox 1583 2566 1700 2630; x_wconf 89' lang='lat' dir='ltr'><strong>Diaco-</strong></span> 
     </span>
     <span class='ocr_line' id='line_1_21' title="bbox 326 2661 1699 2747; baseline 0.003 -23"><span class='ocrx_word' id='word_1_199' title='bbox 326 2683 396 2726; x_wconf 86' lang='lat' dir='ltr'><strong>num</strong></span> <span class='ocrx_word' id='word_1_200' title='bbox 415 2664 534 2746; x_wconf 88' lang='lat' dir='ltr'><strong>quando</strong></span> <span class='ocrx_word' id='word_1_201' title='bbox 557 2663 649 2747; x_wconf 88' lang='lat' dir='ltr'><strong>legit,</strong></span> <span class='ocrx_word' id='word_1_202' title='bbox 684 2670 806 2726; x_wconf 89' lang='lat' dir='ltr'><strong>vertere</strong></span> <span class='ocrx_word' id='word_1_203' title='bbox 829 2681 863 2726; x_wconf 91' lang='lat' dir='ltr'><strong>se</strong></span> <span class='ocrx_word' id='word_1_204' title='bbox 886 2662 924 2725; x_wconf 93' lang='lat' dir='ltr'><strong>ad</strong></span> <span class='ocrx_word' id='word_1_205' title='bbox 946 2661 1117 2726; x_wconf 88' lang='lat' dir='ltr'><strong>Orientem:</strong></span> <span class='ocrx_word' id='word_1_206' title='bbox 1140 2663 1335 2728; x_wconf 84' lang='lat' dir='ltr'><strong>Sacerdotem</strong></span> <span class='ocrx_word' id='word_1_207' title='bbox 1358 2665 1409 2746; x_wconf 90' lang='lat' dir='ltr'><strong>qui</strong></span> <span class='ocrx_word' id='word_1_208' title='bbox 1431 2664 1470 2727; x_wconf 92' lang='lat' dir='ltr'><strong>ad</strong></span> <span class='ocrx_word' id='word_1_209' title='bbox 1499 2664 1594 2728; x_wconf 90' lang='lat' dir='ltr'><strong>altare</strong></span> <span class='ocrx_word' id='word_1_210' title='bbox 1624 2675 1699 2746; x_wconf 89' lang='lat' dir='ltr'><strong>stat,</strong></span> 
     </span>
     <span class='ocr_line' id='line_1_22' title="bbox 323 2760 1698 2844; baseline 0.001 -20"><span class='ocrx_word' id='word_1_211' title='bbox 323 2765 401 2826; x_wconf 90' lang='lat' dir='ltr'><strong>verti</strong></span> <span class='ocrx_word' id='word_1_212' title='bbox 424 2763 462 2826; x_wconf 92' lang='lat' dir='ltr'><strong>ad</strong></span> <span class='ocrx_word' id='word_1_213' title='bbox 484 2761 689 2825; x_wconf 88' lang='lat' dir='ltr'><strong>Occidentem.</strong></span> <span class='ocrx_word' id='word_1_214' title='bbox 734 2762 767 2841; x_wconf 86' lang='lat' dir='ltr'><strong>ln</strong></span> <span class='ocrx_word' id='word_1_215' title='bbox 796 2762 916 2841; x_wconf 91' lang='lat' dir='ltr'><strong>antiqua</strong></span> <span class='ocrx_word' id='word_1_216' title='bbox 946 2760 1101 2824; x_wconf 88' lang='lat' dir='ltr'><strong>Canonum</strong></span> <span class='ocrx_word' id='word_1_217' title='bbox 1131 2763 1320 2826; x_wconf 86' lang='lat' dir='ltr'><strong>diversorum</strong></span> <span class='ocrx_word' id='word_1_218' title='bbox 1349 2762 1539 2827; x_wconf 78' lang='lat' dir='ltr'><strong>collectione</strong></span> <span class='ocrx_word' id='word_1_219' title='bbox 1567 2771 1698 2844; x_wconf 88' lang='lat' dir='ltr'><strong>notatur,</strong></span> 
     </span>
     <span class='ocr_line' id='line_1_23' title="bbox 325 2858 1698 2944; baseline 0.001 -20"><span class='ocrx_word' id='word_1_220' title='bbox 325 2861 439 2943; x_wconf 89' lang='lat' dir='ltr'><strong>pulsari</strong></span> <span class='ocrx_word' id='word_1_221' title='bbox 461 2879 642 2942; x_wconf 86' lang='lat' dir='ltr'><strong>campanas,</strong></span> <span class='ocrx_word' id='word_1_222' title='bbox 671 2860 789 2944; x_wconf 83' lang='lat' dir='ltr'><strong>ligneas</strong></span> <span class='ocrx_word' id='word_1_223' title='bbox 819 2877 927 2940; x_wconf 86' lang='lat' dir='ltr'><strong>nempe</strong></span> <span class='ocrx_word' id='word_1_224' title='bbox 950 2858 1016 2922; x_wconf 90' lang='lat' dir='ltr'><strong>illas</strong></span> <span class='ocrx_word' id='word_1_225' title='bbox 1038 2879 1164 2940; x_wconf 88' lang='lat' dir='ltr'><strong>quarum</strong></span> <span class='ocrx_word' id='word_1_226' title='bbox 1187 2863 1216 2923; x_wconf 93' lang='lat' dir='ltr'><strong>in</strong></span> <span class='ocrx_word' id='word_1_227' title='bbox 1246 2861 1370 2926; x_wconf 88' lang='lat' dir='ltr'><strong>Oriente</strong></span> <span class='ocrx_word' id='word_1_228' title='bbox 1401 2863 1480 2943; x_wconf 90' lang='lat' dir='ltr'><strong>apud</strong></span> <span class='ocrx_word' id='word_1_229' title='bbox 1512 2861 1698 2927; x_wconf 87' lang='lat' dir='ltr'><strong>Christianos</strong></span> 
     </span>
     <span class='ocr_line' id='line_1_24' title="bbox 324 2958 1700 3042; baseline 0.001 -20"><span class='ocrx_word' id='word_1_230' title='bbox 324 2977 397 3024; x_wconf 92' lang='lat' dir='ltr'><strong>usus</strong></span> <span class='ocrx_word' id='word_1_231' title='bbox 421 2968 478 3025; x_wconf 88' lang='lat' dir='ltr'><strong>est.</strong></span> <span class='ocrx_word' id='word_1_232' title='bbox 522 2960 568 3022; x_wconf 88' lang='lat' dir='ltr'><strong>De</strong></span> <span class='ocrx_word' id='word_1_233' title='bbox 592 2959 722 3022; x_wconf 86' lang='lat' dir='ltr'><strong>lectione</strong></span> <span class='ocrx_word' id='word_1_234' title='bbox 750 2976 808 3040; x_wconf 88' lang='lat' dir='ltr'><strong>per</strong></span> <span class='ocrx_word' id='word_1_235' title='bbox 834 2958 1000 3022; x_wconf 88' lang='lat' dir='ltr'><strong>Diaconum</strong></span> <span class='ocrx_word' id='word_1_236' title='bbox 1030 2961 1071 3021; x_wconf 91' lang='lat' dir='ltr'><strong>ita</strong></span> <span class='ocrx_word' id='word_1_237' title='bbox 1093 2959 1199 3023; x_wconf 88' lang='lat' dir='ltr'><strong>scribit</strong></span> <span class='ocrx_word' id='word_1_238' title='bbox 1222 2958 1342 3024; x_wconf 88' lang='lat' dir='ltr'><strong>Gabriel</strong></span> <span class='ocrx_word' id='word_1_239' title='bbox 1364 2961 1547 3024; x_wconf 87' lang='lat' dir='ltr'><strong>Patriarcba.</strong></span> <span class='ocrx_word' id='word_1_240' title='bbox 1588 2961 1700 3042; x_wconf 76' lang='lat' dir='ltr'><strong>Legem</strong></span> 
     </span>
     <span class='ocr_line' id='line_1_25' title="bbox 324 3045 1701 3140; baseline -0.001 -18"><span class='ocrx_word' id='word_1_241' title='bbox 324 3079 411 3122; x_wconf 90' lang='lat' dir='ltr'><strong>nemo</strong></span> <span class='ocrx_word' id='word_1_242' title='bbox 433 3059 551 3140; x_wconf 79' lang='lat' dir='ltr'><strong>legebat</strong></span> <span class='ocrx_word' id='word_1_243' title='bbox 570 3061 632 3120; x_wconf 82' lang='lat' dir='ltr'><strong>nisi</strong></span> <span class='ocrx_word' id='word_1_244' title='bbox 652 3059 823 3136; x_wconf 83' lang='lat' dir='ltr'><strong>Sacerdos,</strong></span> <span class='ocrx_word' id='word_1_245' title='bbox 855 3067 910 3120; x_wconf 87' lang='lat' dir='ltr'><strong>ant</strong></span> <span class='ocrx_word' id='word_1_246' title='bbox 935 3058 1109 3138; x_wconf 86' lang='lat' dir='ltr'><strong>Propbeta:</strong></span> <span class='ocrx_word' id='word_1_247' title='bbox 1138 3067 1228 3140; x_wconf 79' lang='lat' dir='ltr'><strong>atque</strong></span> <span class='ocrx_word' id='word_1_248' title='bbox 1255 3067 1419 3140; x_wconf 84' lang='lat' dir='ltr'><strong>eapropter</strong></span> <span class='ocrx_word' id='word_1_249' title='bbox 1443 3045 1556 3124; x_wconf 80' lang='lat' dir='ltr'><strong>Patres</strong></span> <span class='ocrx_word' id='word_1_250' title='bbox 1583 3064 1701 3124; x_wconf 78' lang='lat' dir='ltr'><strong>corrati-</strong></span> 
     </span>
     <span class='ocr_line' id='line_1_26' title="bbox 324 3157 1702 3239; baseline 0 -19"><span class='ocrx_word' id='word_1_251' title='bbox 324 3167 460 3234; x_wconf 80' lang='lat' dir='ltr'><strong>inemnr,</strong></span> <span class='ocrx_word' id='word_1_252' title='bbox 489 3165 523 3220; x_wconf 84' lang='lat' dir='ltr'><strong>nt</strong></span> <span class='ocrx_word' id='word_1_253' title='bbox 547 3157 745 3238; x_wconf 79' lang='lat' dir='ltr'><strong>Evangelinm</strong></span> <span class='ocrx_word' id='word_1_254' title='bbox 777 3176 839 3219; x_wconf 88' lang='lat' dir='ltr'><strong>non</strong></span> <span class='ocrx_word' id='word_1_255' title='bbox 866 3159 1015 3237; x_wconf 76' lang='lat' dir='ltr'><strong>legeretur</strong></span> <span class='ocrx_word' id='word_1_256' title='bbox 1043 3161 1104 3220; x_wconf 82' lang='lat' dir='ltr'><strong>niri</strong></span> <span class='ocrx_word' id='word_1_257' title='bbox 1125 3178 1147 3220; x_wconf 90' lang='lat' dir='ltr'><strong>a</strong></span> <span class='ocrx_word' id='word_1_258' title='bbox 1174 3158 1359 3235; x_wconf 84' lang='lat' dir='ltr'><strong>Sacerdote,</strong></span> <span class='ocrx_word' id='word_1_259' title='bbox 1392 3161 1475 3239; x_wconf 82' lang='lat' dir='ltr'><strong>qaod</strong></span> <span class='ocrx_word' id='word_1_260' title='bbox 1501 3162 1592 3222; x_wconf 84' lang='lat' dir='ltr'><strong>etiam</strong></span> <span class='ocrx_word' id='word_1_261' title='bbox 1619 3160 1702 3238; x_wconf 82' lang='lat' dir='ltr'><strong>apud</strong></span> 
     </span>
     <span class='ocr_line' id='line_1_27' title="bbox 325 3256 1704 3338; baseline 0 -19"><span class='ocrx_word' id='word_1_262' title='bbox 325 3277 428 3320; x_wconf 87' lang='lat' dir='ltr'><strong>omnes</strong></span> <span class='ocrx_word' id='word_1_263' title='bbox 448 3259 590 3319; x_wconf 82' lang='lat' dir='ltr'><strong>nationes</strong></span> <span class='ocrx_word' id='word_1_264' title='bbox 607 3256 669 3335; x_wconf 81' lang='lat' dir='ltr'><strong>fnit</strong></span> <span class='ocrx_word' id='word_1_265' title='bbox 690 3256 892 3320; x_wconf 80' lang='lat' dir='ltr'><strong>observatum.</strong></span> <span class='ocrx_word' id='word_1_266' title='bbox 935 3256 1007 3318; x_wconf 80' lang='lat' dir='ltr'><strong>dam</strong></span> <span class='ocrx_word' id='word_1_267' title='bbox 1028 3277 1103 3320; x_wconf 88' lang='lat' dir='ltr'><strong>cero</strong></span> <span class='ocrx_word' id='word_1_268' title='bbox 1124 3277 1182 3319; x_wconf 78' lang='lat' dir='ltr'><strong>aaa</strong></span> <span class='ocrx_word' id='word_1_269' title='bbox 1207 3267 1360 3338; x_wconf 84' lang='lat' dir='ltr'><strong>receptum</strong></span> <span class='ocrx_word' id='word_1_270' title='bbox 1388 3265 1434 3320; x_wconf 84' lang='lat' dir='ltr'><strong>ert</strong></span> <span class='ocrx_word' id='word_1_271' title='bbox 1459 3267 1493 3320; x_wconf 88' lang='lat' dir='ltr'><strong>nt</strong></span> <span class='ocrx_word' id='word_1_272' title='bbox 1520 3259 1594 3320; x_wconf 85' lang='lat' dir='ltr'><strong>a‘llnd</strong></span> <span class='ocrx_word' id='word_1_273' title='bbox 1623 3259 1704 3338; x_wconf 74' lang='lat' dir='ltr'><strong>legat</strong></span> 
     </span>
     <span class='ocr_line' id='line_1_28' title="bbox 323 3355 1586 3434; baseline 0.001 -15"><span class='ocrx_word' id='word_1_274' title='bbox 323 3357 497 3430; x_wconf 83' lang='lat' dir='ltr'><strong>Diaconos,</strong></span> <span class='ocrx_word' id='word_1_275' title='bbox 519 3364 608 3434; x_wconf 86' lang='lat' dir='ltr'><strong>atque</strong></span> <span class='ocrx_word' id='word_1_276' title='bbox 630 3357 748 3417; x_wconf 84' lang='lat' dir='ltr'><strong>interea</strong></span> <span class='ocrx_word' id='word_1_277' title='bbox 768 3363 831 3417; x_wconf 84' lang='lat' dir='ltr'><strong>atat</strong></span> <span class='ocrx_word' id='word_1_278' title='bbox 850 3355 1022 3429; x_wconf 80' lang='lat' dir='ltr'><strong>Sacerdos,</strong></span> <span class='ocrx_word' id='word_1_279' title='bbox 1043 3355 1126 3434; x_wconf 76' lang='lat' dir='ltr'><strong>socie</strong></span> <span class='ocrx_word' id='word_1_280' title='bbox 1148 3357 1191 3418; x_wconf 90' lang='lat' dir='ltr'><strong>ad</strong></span> <span class='ocrx_word' id='word_1_281' title='bbox 1213 3355 1405 3419; x_wconf 78' lang='lat' dir='ltr'><strong>Occidentem</strong></span> <span class='ocrx_word' id='word_1_282' title='bbox 1427 3377 1586 3420; x_wconf 68' lang='lat' dir='ltr'><strong>conamen.</strong></span> 
     </span>
    </p>

    <p class='ocr_par' dir='ltr' id='par_1_5' title="bbox 323 3453 2026 4119">
     <span class='ocr_line' id='line_1_29' title="bbox 411 3453 2025 3541; baseline -0.002 -24"><span class='ocrx_word' id='word_1_283' title='bbox 411 3456 507 3518; x_wconf 88' lang='lat' dir='ltr'><strong>Porro</strong></span> <span class='ocrx_word' id='word_1_284' title='bbox 531 3473 570 3517; x_wconf 86' lang='lat' dir='ltr'><strong>cx</strong></span> <span class='ocrx_word' id='word_1_285' title='bbox 593 3453 651 3516; x_wconf 90' lang='lat' dir='ltr'><strong>illis</strong></span> <span class='ocrx_word' id='word_1_286' title='bbox 675 3471 753 3535; x_wconf 87' lang='lat' dir='ltr'><strong>quae</strong></span> <span class='ocrx_word' id='word_1_287' title='bbox 775 3455 834 3516; x_wconf 91' lang='lat' dir='ltr'><strong>huo</strong></span> <span class='ocrx_word' id='word_1_288' title='bbox 860 3471 957 3534; x_wconf 86' lang='lat' dir='ltr'><strong>usque</strong></span> <span class='ocrx_word' id='word_1_289' title='bbox 989 3461 1127 3516; x_wconf 88' lang='lat' dir='ltr'><strong>autorum</strong></span> <span class='ocrx_word' id='word_1_290' title='bbox 1156 3457 1291 3535; x_wconf 91' lang='lat' dir='ltr'><strong>ipsorum</strong></span> <span class='ocrx_word' id='word_1_291' title='bbox 1323 3457 1423 3519; x_wconf 90' lang='lat' dir='ltr'><strong>verbis</strong></span> <span class='ocrx_word' id='word_1_292' title='bbox 1452 3458 1591 3536; x_wconf 86' lang='lat' dir='ltr'><strong>exposita</strong></span> <span class='ocrx_word' id='word_1_293' title='bbox 1620 3460 1700 3532; x_wconf 89' lang='lat' dir='ltr'><strong>sunt,</strong></span> <span class='ocrx_word' id='word_1_294' title='bbox 1748 3473 1820 3527; x_wconf 79' lang='lat' dir='ltr'><strong>nitus</strong></span> <span class='ocrx_word' id='word_1_295' title='bbox 1844 3473 1888 3526; x_wconf 84' lang='lat' dir='ltr'><strong>itte</strong></span> <span class='ocrx_word' id='word_1_296' title='bbox 1915 3488 2025 3541; x_wconf 68' lang='lat' dir='ltr'><strong>respon.</strong></span> 
     </span>
     <span class='ocr_line' id='line_1_30' title="bbox 324 3543 2026 3640; baseline -0.007 -22"><span class='ocrx_word' id='word_1_297' title='bbox 324 3556 424 3618; x_wconf 88' lang='lat' dir='ltr'><strong>statim</strong></span> <span class='ocrx_word' id='word_1_298' title='bbox 454 3555 629 3636; x_wconf 80' lang='lat' dir='ltr'><strong>agnoscitur</strong></span> <span class='ocrx_word' id='word_1_299' title='bbox 651 3555 726 3614; x_wconf 89' lang='lat' dir='ltr'><strong>ritus</strong></span> <span class='ocrx_word' id='word_1_300' title='bbox 749 3553 800 3616; x_wconf 92' lang='lat' dir='ltr'><strong>illc</strong></span> <span class='ocrx_word' id='word_1_301' title='bbox 830 3571 919 3634; x_wconf 89' lang='lat' dir='ltr'><strong>quem</strong></span> <span class='ocrx_word' id='word_1_302' title='bbox 941 3552 1050 3616; x_wconf 88' lang='lat' dir='ltr'><strong>Graeci</strong></span> <span class='ocrx_word' id='word_1_303' title='bbox 1073 3555 1227 3635; x_wconf 90' lang='lat' dir='ltr'><strong>appellant</strong></span> <span class='ocrx_word' id='word_1_304' title='bbox 1257 3544 1391 3640; x_wconf 78' lang='grc' dir='ltr'><em>Μικρᾰν</em></span> <span class='ocrx_word' id='word_1_305' title='bbox 1418 3543 1551 3628; x_wconf 69' lang='lat' dir='ltr'><strong>sicodor.</strong></span> <span class='ocrx_word' id='word_1_306' title='bbox 1595 3555 1625 3616; x_wconf 90' lang='lat' dir='ltr'><strong>ls</strong></span> <span class='ocrx_word' id='word_1_307' title='bbox 1654 3561 1700 3616; x_wconf 88' lang='lat' dir='ltr'><strong>est</strong></span> <span class='ocrx_word' id='word_1_308' title='bbox 1714 3560 1758 3612; x_wconf 79' lang='lat' dir='ltr'><strong>det</strong></span> <span class='ocrx_word' id='word_1_309' title='bbox 1776 3557 1932 3636; x_wconf 59' lang='lat' dir='ltr'><strong>umerorum</strong></span> <span class='ocrx_word' id='word_1_310' title='bbox 1943 3559 2026 3628; x_wconf 62' lang='grc' dir='ltr'><strong>μαργ</strong></span> 
     </span>
     <span class='ocr_line' id='line_1_31' title="bbox 325 3643 1812 3734; baseline -0.004 -17"><span class='ocrx_word' id='word_1_311' title='bbox 325 3662 424 3717; x_wconf 90' lang='lat' dir='ltr'><strong>autem</strong></span> <span class='ocrx_word' id='word_1_312' title='bbox 454 3653 639 3714; x_wconf 90' lang='lat' dir='ltr'><strong>circumlatio</strong></span> <span class='ocrx_word' id='word_1_313' title='bbox 664 3650 783 3714; x_wconf 90' lang='lat' dir='ltr'><strong>Codicis</strong></span> <span class='ocrx_word' id='word_1_314' title='bbox 806 3651 982 3734; x_wconf 82' lang='lat' dir='ltr'><strong>Evangelici</strong></span> <span class='ocrx_word' id='word_1_315' title='bbox 1006 3669 1074 3715; x_wconf 87' lang='lat' dir='ltr'><strong>curn</strong></span> <span class='ocrx_word' id='word_1_316' title='bbox 1104 3671 1232 3734; x_wconf 92' lang='lat' dir='ltr'><strong>pompa,</strong></span> <span class='ocrx_word' id='word_1_317' title='bbox 1256 3655 1355 3717; x_wconf 89' lang='lat' dir='ltr'><strong>cereis</strong></span> <span class='ocrx_word' id='word_1_318' title='bbox 1379 3660 1410 3715; x_wconf 89' lang='lat' dir='ltr'><strong>et</strong></span> <span class='ocrx_word' id='word_1_319' title='bbox 1432 3653 1531 3730; x_wconf 90' lang='lat' dir='ltr'><strong>tbure,</strong></span> <span class='ocrx_word' id='word_1_320' title='bbox 1555 3669 1699 3732; x_wconf 85' lang='lat' dir='ltr'><strong>procum·</strong></span> <span class='ocrx_word' id='word_1_321' title='bbox 1713 3643 1812 3711; x_wconf 66' lang='lat' dir='ltr'><strong>stende.</strong></span> 
     </span>
     <span class='ocr_line' id='line_1_32' title="bbox 325 3750 1699 3832; baseline -0.004 -15"><span class='ocrx_word' id='word_1_322' title='bbox 325 3754 464 3817; x_wconf 91' lang='lat' dir='ltr'><strong>bentibus</strong></span> <span class='ocrx_word' id='word_1_323' title='bbox 486 3753 619 3829; x_wconf 89' lang='lat' dir='ltr'><strong>interea,</strong></span> <span class='ocrx_word' id='word_1_324' title='bbox 643 3753 694 3830; x_wconf 92' lang='lat' dir='ltr'><strong>qui</strong></span> <span class='ocrx_word' id='word_1_325' title='bbox 716 3751 746 3812; x_wconf 92' lang='lat' dir='ltr'><strong>in</strong></span> <span class='ocrx_word' id='word_1_326' title='bbox 768 3750 908 3813; x_wconf 89' lang='lat' dir='ltr'><strong>Ecclesia</strong></span> <span class='ocrx_word' id='word_1_327' title='bbox 929 3759 1010 3830; x_wconf 92' lang='lat' dir='ltr'><strong>sunt,</strong></span> <span class='ocrx_word' id='word_1_328' title='bbox 1034 3769 1137 3814; x_wconf 89' lang='lat' dir='ltr'><strong>coram</strong></span> <span class='ocrx_word' id='word_1_329' title='bbox 1160 3751 1282 3828; x_wconf 91' lang='lat' dir='ltr'><strong>codice,</strong></span> <span class='ocrx_word' id='word_1_330' title='bbox 1305 3753 1357 3832; x_wconf 87' lang='lat' dir='ltr'><strong>qui</strong></span> <span class='ocrx_word' id='word_1_331' title='bbox 1378 3751 1472 3814; x_wconf 90' lang='lat' dir='ltr'><strong>verba</strong></span> <span class='ocrx_word' id='word_1_332' title='bbox 1488 3750 1599 3813; x_wconf 87' lang='lat' dir='ltr'><strong>Christi</strong></span> <span class='ocrx_word' id='word_1_333' title='bbox 1621 3767 1699 3812; x_wconf 92' lang='lat' dir='ltr'><strong>con-</strong></span> 
     </span>
     <span class='ocr_line' id='line_1_33' title="bbox 323 3841 1974 3936; baseline -0.003 -22"><span class='ocrx_word' id='word_1_334' title='bbox 323 3853 408 3914; x_wconf 81' lang='lat' dir='ltr'><strong>tinet</strong></span> <span class='ocrx_word' id='word_1_335' title='bbox 453 3849 499 3912; x_wconf 88' lang='lat' dir='ltr'><strong>De</strong></span> <span class='ocrx_word' id='word_1_336' title='bbox 522 3869 558 3912; x_wconf 90' lang='lat' dir='ltr'><strong>ca</strong></span> <span class='ocrx_word' id='word_1_337' title='bbox 580 3849 742 3912; x_wconf 90' lang='lat' dir='ltr'><strong>videndum</strong></span> <span class='ocrx_word' id='word_1_338' title='bbox 765 3847 950 3912; x_wconf 89' lang='lat' dir='ltr'><strong>Graecorum</strong></span> <span class='ocrx_word' id='word_1_339' title='bbox 972 3841 1207 3934; x_wconf 85' lang='lat' dir='ltr'><strong>Euchologiurn,</strong></span> <span class='ocrx_word' id='word_1_340' title='bbox 1237 3859 1268 3912; x_wconf 91' lang='lat' dir='ltr'><strong>et</strong></span> <span class='ocrx_word' id='word_1_341' title='bbox 1291 3869 1369 3932; x_wconf 91' lang='lat' dir='ltr'><strong>quae</strong></span> <span class='ocrx_word' id='word_1_342' title='bbox 1393 3850 1431 3912; x_wconf 92' lang='lat' dir='ltr'><strong>ad</strong></span> <span class='ocrx_word' id='word_1_343' title='bbox 1461 3868 1540 3912; x_wconf 93' lang='lat' dir='ltr'><strong>num.</strong></span> <span class='ocrx_word' id='word_1_344' title='bbox 1565 3849 1615 3912; x_wconf 78' lang='lat' dir='ltr'><strong>ad.</strong></span> <span class='ocrx_word' id='word_1_345' title='bbox 1639 3864 1699 3909; x_wconf 89' lang='lat' dir='ltr'><strong>no·</strong></span> <span class='ocrx_word' id='word_1_346' title='bbox 1746 3867 1851 3920; x_wconf 80' lang='lat' dir='ltr'><strong>Enetot</strong></span> <span class='ocrx_word' id='word_1_347' title='bbox 1867 3883 1894 3936; x_wconf 69' lang='grc' dir='ltr'><strong>ρ,</strong></span> <span class='ocrx_word' id='word_1_348' title='bbox 1914 3865 1974 3916; x_wconf 71' lang='lat'><strong>124.</strong></span> 
     </span>
     <span class='ocr_line' id='line_1_34' title="bbox 325 3946 1699 4031; baseline -0.004 -17"><span class='ocrx_word' id='word_1_349' title='bbox 325 3960 422 4014; x_wconf 90' lang='lat' dir='ltr'><strong>tarum</strong></span> <span class='ocrx_word' id='word_1_350' title='bbox 444 3951 475 4012; x_wconf 92' lang='lat' dir='ltr'><strong>in</strong></span> <span class='ocrx_word' id='word_1_351' title='bbox 498 3948 707 4029; x_wconf 83' lang='lat' dir='ltr'><strong>chrysostomi</strong></span> <span class='ocrx_word' id='word_1_352' title='bbox 729 3946 893 4031; x_wconf 87' lang='lat' dir='ltr'><strong>Liturgiam</strong></span> <span class='ocrx_word' id='word_1_353' title='bbox 907 3947 1036 4012; x_wconf 87' lang='lat' dir='ltr'><strong>Goarius</strong></span> <span class='ocrx_word' id='word_1_354' title='bbox 1060 3949 1243 4028; x_wconf 90' lang='lat' dir='ltr'><strong>observavit,</strong></span> <span class='ocrx_word' id='word_1_355' title='bbox 1266 3958 1299 4012; x_wconf 92' lang='lat' dir='ltr'><strong>ut</strong></span> <span class='ocrx_word' id='word_1_356' title='bbox 1321 3957 1352 4012; x_wconf 93' lang='lat' dir='ltr'><strong>et</strong></span> <span class='ocrx_word' id='word_1_357' title='bbox 1365 3949 1550 4013; x_wconf 87' lang='lat' dir='ltr'><strong>Glossarium</strong></span> <span class='ocrx_word' id='word_1_358' title='bbox 1562 3949 1699 4012; x_wconf 89' lang='lat' dir='ltr'><strong>Graeco-</strong></span> 
     </span>
     <span class='ocr_line' id='line_1_35' title="bbox 323 4035 803 4119; baseline -0.008 -7"><span class='ocrx_word' id='word_1_359' title='bbox 323 4050 484 4112; x_wconf 86' lang='lat' dir='ltr'><strong>barbarum</strong></span> <span class='ocrx_word' id='word_1_360' title='bbox 506 4049 637 4110; x_wconf 88' lang='lat' dir='ltr'><strong>invoca</strong></span> <span class='ocrx_word' id='word_1_361' title='bbox 660 4035 803 4119; x_wconf 77' lang='lat' dir='ltr'><strong>Ei&#39;codoc.</strong></span> 
     </span>
    </p>

    <p class='ocr_par' dir='ltr' id='par_1_6' title="bbox 324 4144 2137 5118">
     <span class='ocr_line' id='line_1_36' title="bbox 413 4144 2137 4228; baseline -0.002 -19"><span class='ocrx_word' id='word_1_362' title='bbox 413 4147 498 4220; x_wconf 85' lang='lat' dir='ltr'><strong>Quae</strong></span> <span class='ocrx_word' id='word_1_363' title='bbox 533 4164 628 4228; x_wconf 91' lang='lat' dir='ltr'><strong>porro</strong></span> <span class='ocrx_word' id='word_1_364' title='bbox 664 4144 701 4207; x_wconf 92' lang='lat' dir='ltr'><strong>ad</strong></span> <span class='ocrx_word' id='word_1_365' title='bbox 736 4147 954 4226; x_wconf 87' lang='lat' dir='ltr'><strong>posteriorem,</strong></span> <span class='ocrx_word' id='word_1_366' title='bbox 988 4148 1174 4227; x_wconf 88' lang='lat' dir='ltr'><strong>istarumque</strong></span> <span class='ocrx_word' id='word_1_367' title='bbox 1201 4153 1371 4227; x_wconf 86' lang='lat' dir='ltr'><strong>temporum</strong></span> <span class='ocrx_word' id='word_1_368' title='bbox 1401 4144 1586 4226; x_wconf 88' lang='lat' dir='ltr'><strong>disciplinam</strong></span> <span class='ocrx_word' id='word_1_369' title='bbox 1618 4145 1699 4206; x_wconf 90' lang='lat' dir='ltr'><strong>circa</strong></span> <span class='ocrx_word' id='word_1_370' title='bbox 1730 4153 2024 4223; x_wconf 77' lang='lat' dir='ltr'><strong>ttbriEvnngetiomm.</strong></span> <span class='ocrx_word' id='word_1_371' title='bbox 2135 4187 2137 4190; x_wconf 78' lang='lat'><strong>.</strong></span> 
     </span>
     <span class='ocr_line' id='line_1_37' title="bbox 324 4243 1700 4330; baseline -0.004 -20"><span class='ocrx_word' id='word_1_372' title='bbox 324 4247 484 4330; x_wconf 81' lang='lat' dir='ltr'><strong>Evangelii</strong></span> <span class='ocrx_word' id='word_1_373' title='bbox 505 4245 664 4308; x_wconf 90' lang='lat' dir='ltr'><strong>lectionem</strong></span> <span class='ocrx_word' id='word_1_374' title='bbox 695 4246 862 4326; x_wconf 89' lang='lat' dir='ltr'><strong>pertinent,</strong></span> <span class='ocrx_word' id='word_1_375' title='bbox 901 4262 938 4308; x_wconf 91' lang='lat' dir='ltr'><strong>ea</strong></span> <span class='ocrx_word' id='word_1_376' title='bbox 966 4252 1026 4307; x_wconf 89' lang='lat' dir='ltr'><strong>tam</strong></span> <span class='ocrx_word' id='word_1_377' title='bbox 1050 4252 1191 4308; x_wconf 89' lang='lat' dir='ltr'><strong>accurate</strong></span> <span class='ocrx_word' id='word_1_378' title='bbox 1227 4245 1378 4326; x_wconf 87' lang='lat' dir='ltr'><strong>explicant</strong></span> <span class='ocrx_word' id='word_1_379' title='bbox 1410 4245 1550 4306; x_wconf 90' lang='lat' dir='ltr'><strong>rubricae</strong></span> <span class='ocrx_word' id='word_1_380' title='bbox 1586 4243 1700 4306; x_wconf 89' lang='lat' dir='ltr'><strong>codicis</strong></span> 
     </span>
     <span class='ocr_line' id='line_1_38' title="bbox 325 4342 1700 4428; baseline -0.005 -19"><span class='ocrx_word' id='word_1_381' title='bbox 325 4347 429 4428; x_wconf 86' lang='lat' dir='ltr'><strong>Regii,</strong></span> <span class='ocrx_word' id='word_1_382' title='bbox 464 4361 539 4425; x_wconf 89' lang='lat' dir='ltr'><strong>quas</strong></span> <span class='ocrx_word' id='word_1_383' title='bbox 572 4346 820 4426; x_wconf 91' lang='lat' dir='ltr'><strong>interpretatione</strong></span> <span class='ocrx_word' id='word_1_384' title='bbox 859 4351 963 4406; x_wconf 89' lang='lat' dir='ltr'><strong>nostra</strong></span> <span class='ocrx_word' id='word_1_385' title='bbox 991 4342 1167 4421; x_wconf 89' lang='lat' dir='ltr'><strong>retulimus,</strong></span> <span class='ocrx_word' id='word_1_386' title='bbox 1202 4350 1235 4406; x_wconf 93' lang='lat' dir='ltr'><strong>ut</strong></span> <span class='ocrx_word' id='word_1_387' title='bbox 1264 4343 1352 4424; x_wconf 80' lang='lat' dir='ltr'><strong>adJici</strong></span> <span class='ocrx_word' id='word_1_388' title='bbox 1380 4342 1450 4406; x_wconf 87' lang='lat' dir='ltr'><strong>nibil</strong></span> <span class='ocrx_word' id='word_1_389' title='bbox 1480 4350 1580 4422; x_wconf 85' lang='lat' dir='ltr'><strong>queat.</strong></span> <span class='ocrx_word' id='word_1_390' title='bbox 1615 4342 1700 4415; x_wconf 83' lang='lat' dir='ltr'><strong>Oua-</strong></span> 
     </span>
     <span class='ocr_line' id='line_1_39' title="bbox 325 4441 1702 4525; baseline -0.002 -19"><span class='ocrx_word' id='word_1_391' title='bbox 325 4445 362 4506; x_wconf 90' lang='lat' dir='ltr'><strong>lis</strong></span> <span class='ocrx_word' id='word_1_392' title='bbox 386 4450 470 4506; x_wconf 88' lang='lat' dir='ltr'><strong>esset</strong></span> <span class='ocrx_word' id='word_1_393' title='bbox 503 4442 646 4506; x_wconf 88' lang='lat' dir='ltr'><strong>librorum</strong></span> <span class='ocrx_word' id='word_1_394' title='bbox 680 4443 838 4524; x_wconf 86' lang='lat' dir='ltr'><strong>Evangelii</strong></span> <span class='ocrx_word' id='word_1_395' title='bbox 870 4442 966 4505; x_wconf 84' lang='lat' dir='ltr'><strong>torma</strong></span> <span class='ocrx_word' id='word_1_396' title='bbox 1000 4445 1111 4525; x_wconf 86' lang='lat' dir='ltr'><strong>major,</strong></span> <span class='ocrx_word' id='word_1_397' title='bbox 1142 4460 1248 4506; x_wconf 90' lang='lat' dir='ltr'><strong>eorum</strong></span> <span class='ocrx_word' id='word_1_398' title='bbox 1278 4443 1455 4522; x_wconf 89' lang='lat' dir='ltr'><strong>praesertim</strong></span> <span class='ocrx_word' id='word_1_399' title='bbox 1484 4442 1534 4521; x_wconf 91' lang='lat' dir='ltr'><strong>qui</strong></span> <span class='ocrx_word' id='word_1_400' title='bbox 1556 4441 1594 4502; x_wconf 88' lang='lat' dir='ltr'><strong>nd</strong></span> <span class='ocrx_word' id='word_1_401' title='bbox 1622 4441 1702 4503; x_wconf 89' lang='lat' dir='ltr'><strong>alta-</strong></span> 
     </span>
     <span class='ocr_line' id='line_1_40' title="bbox 325 4539 1703 4623; baseline -0.002 -18"><span class='ocrx_word' id='word_1_402' title='bbox 325 4545 370 4605; x_wconf 92' lang='lat' dir='ltr'><strong>ria</strong></span> <span class='ocrx_word' id='word_1_403' title='bbox 393 4549 594 4623; x_wconf 89' lang='lat' dir='ltr'><strong>usurpantur,</strong></span> <span class='ocrx_word' id='word_1_404' title='bbox 612 4541 741 4623; x_wconf 87' lang='lat' dir='ltr'><strong>judicari</strong></span> <span class='ocrx_word' id='word_1_405' title='bbox 762 4549 865 4622; x_wconf 91' lang='lat' dir='ltr'><strong>potest</strong></span> <span class='ocrx_word' id='word_1_406' title='bbox 887 4561 928 4606; x_wconf 88' lang='lat' dir='ltr'><strong>ex</strong></span> <span class='ocrx_word' id='word_1_407' title='bbox 949 4543 1138 4622; x_wconf 91' lang='lat' dir='ltr'><strong>inspectione</strong></span> <span class='ocrx_word' id='word_1_408' title='bbox 1161 4541 1229 4603; x_wconf 90' lang='lat' dir='ltr'><strong>talis</strong></span> <span class='ocrx_word' id='word_1_409' title='bbox 1252 4539 1364 4604; x_wconf 90' lang='lat' dir='ltr'><strong>codicis</strong></span> <span class='ocrx_word' id='word_1_410' title='bbox 1395 4542 1445 4620; x_wconf 89' lang='lat' dir='ltr'><strong>qui</strong></span> <span class='ocrx_word' id='word_1_411' title='bbox 1475 4546 1558 4602; x_wconf 86' lang='lat' dir='ltr'><strong>extat</strong></span> <span class='ocrx_word' id='word_1_412' title='bbox 1588 4541 1619 4600; x_wconf 91' lang='lat' dir='ltr'><strong>in</strong></span> <span class='ocrx_word' id='word_1_413' title='bbox 1648 4539 1703 4602; x_wconf 91' lang='lat' dir='ltr'><strong>Bi-</strong></span> 
     </span>
     <span class='ocr_line' id='line_1_41' title="bbox 324 4637 1703 4722; baseline 0 -20"><span class='ocrx_word' id='word_1_414' title='bbox 324 4640 476 4704; x_wconf 88' lang='lat' dir='ltr'><strong>bliotbeca</strong></span> <span class='ocrx_word' id='word_1_415' title='bbox 499 4641 596 4722; x_wconf 85' lang='lat' dir='ltr'><strong>Regia</strong></span> <span class='ocrx_word' id='word_1_416' title='bbox 626 4639 789 4720; x_wconf 91' lang='lat' dir='ltr'><strong>majoribus</strong></span> <span class='ocrx_word' id='word_1_417' title='bbox 818 4640 914 4704; x_wconf 90' lang='lat' dir='ltr'><strong>literis</strong></span> <span class='ocrx_word' id='word_1_418' title='bbox 942 4643 1074 4722; x_wconf 90' lang='lat' dir='ltr'><strong>scriptus</strong></span> <span class='ocrx_word' id='word_1_419' title='bbox 1103 4642 1134 4702; x_wconf 91' lang='lat' dir='ltr'><strong>in</strong></span> <span class='ocrx_word' id='word_1_420' title='bbox 1162 4639 1334 4702; x_wconf 90' lang='lat' dir='ltr'><strong>membrana</strong></span> <span class='ocrx_word' id='word_1_421' title='bbox 1364 4657 1431 4701; x_wconf 89' lang='lat' dir='ltr'><strong>cum</strong></span> <span class='ocrx_word' id='word_1_422' title='bbox 1461 4637 1581 4720; x_wconf 85' lang='lat' dir='ltr'><strong>figuris,</strong></span> <span class='ocrx_word' id='word_1_423' title='bbox 1613 4657 1703 4702; x_wconf 89' lang='lat' dir='ltr'><strong>manu</strong></span> 
     </span>
     <span class='ocr_line' id='line_1_42' title="bbox 324 4736 1704 4820; baseline 0.003 -22"><span class='ocrx_word' id='word_1_424' title='bbox 324 4736 481 4801; x_wconf 87' lang='lat' dir='ltr'><strong>blichaie&#39;lis</strong></span> <span class='ocrx_word' id='word_1_425' title='bbox 505 4738 716 4820; x_wconf 85' lang='lat' dir='ltr'><strong>Metropolitae</strong></span> <span class='ocrx_word' id='word_1_426' title='bbox 737 4739 951 4819; x_wconf 88' lang='lat' dir='ltr'><strong>Damiatensis,</strong></span> <span class='ocrx_word' id='word_1_427' title='bbox 974 4746 1006 4802; x_wconf 91' lang='lat' dir='ltr'><strong>ct</strong></span> <span class='ocrx_word' id='word_1_428' title='bbox 1028 4740 1148 4804; x_wconf 93' lang='lat' dir='ltr'><strong>oblatus</strong></span> <span class='ocrx_word' id='word_1_429' title='bbox 1164 4739 1267 4802; x_wconf 91' lang='lat' dir='ltr'><strong>blarco</strong></span> <span class='ocrx_word' id='word_1_430' title='bbox 1290 4738 1350 4800; x_wconf 85' lang='lat' dir='ltr'><strong>filio</strong></span> <span class='ocrx_word' id='word_1_431' title='bbox 1364 4739 1490 4817; x_wconf 90' lang='lat' dir='ltr'><strong>Zaraae,</strong></span> <span class='ocrx_word' id='word_1_432' title='bbox 1511 4737 1704 4802; x_wconf 89' lang='lat' dir='ltr'><strong>Patriarcbaa</strong></span> 
     </span>
     <span class='ocr_line' id='line_1_43' title="bbox 325 4827 1704 4920; baseline 0.002 -22"><span class='ocrx_word' id='word_1_433' title='bbox 325 4833 551 4918; x_wconf 82' lang='lat' dir='ltr'><strong>Alexandrino,</strong></span> <span class='ocrx_word' id='word_1_434' title='bbox 587 4840 638 4918; x_wconf 84' lang='lat' dir='ltr'><strong>qui</strong></span> <span class='ocrx_word' id='word_1_435' title='bbox 674 4837 827 4902; x_wconf 88' lang='lat' dir='ltr'><strong>ordinatus</strong></span> <span class='ocrx_word' id='word_1_436' title='bbox 858 4845 905 4901; x_wconf 89' lang='lat' dir='ltr'><strong>est</strong></span> <span class='ocrx_word' id='word_1_437' title='bbox 934 4857 983 4900; x_wconf 89' lang='lat' dir='ltr'><strong>an.</strong></span> <span class='ocrx_word' id='word_1_438' title='bbox 1027 4837 1193 4920; x_wconf 80' lang='lat' dir='ltr'><strong>Martyrum</strong></span> <span class='ocrx_word' id='word_1_439' title='bbox 1211 4827 1447 4902; x_wconf 76' lang='lat' dir='ltr'><strong>&#39;bccctxxtn</strong></span> <span class='ocrx_word' id='word_1_440' title='bbox 1482 4837 1558 4900; x_wconf 87' lang='lat' dir='ltr'><strong>lesu</strong></span> <span class='ocrx_word' id='word_1_441' title='bbox 1593 4837 1704 4902; x_wconf 88' lang='lat' dir='ltr'><strong>Christi</strong></span> 
     </span>
     <span class='ocr_line' id='line_1_44' title="bbox 326 4933 1704 5019; baseline 0.001 -23"><span class='ocrx_word' id='word_1_442' title='bbox 326 4933 487 5000; x_wconf 88' lang='lat' dir='ltr'><strong>ldCLXlV.</strong></span> <span class='ocrx_word' id='word_1_443' title='bbox 531 4936 638 5017; x_wconf 81' lang='lat' dir='ltr'><strong>Neque</strong></span> <span class='ocrx_word' id='word_1_444' title='bbox 660 4945 693 4999; x_wconf 92' lang='lat' dir='ltr'><strong>ut</strong></span> <span class='ocrx_word' id='word_1_445' title='bbox 714 4938 852 5018; x_wconf 87' lang='lat' dir='ltr'><strong>plerique</strong></span> <span class='ocrx_word' id='word_1_446' title='bbox 876 4937 925 5000; x_wconf 89' lang='lat' dir='ltr'><strong>alii</strong></span> <span class='ocrx_word' id='word_1_447' title='bbox 939 4938 1072 5012; x_wconf 89' lang='lat' dir='ltr'><strong>codices,</strong></span> <span class='ocrx_word' id='word_1_448' title='bbox 1097 4935 1265 5017; x_wconf 89' lang='lat' dir='ltr'><strong>adjunctam</strong></span> <span class='ocrx_word' id='word_1_449' title='bbox 1288 4937 1379 5000; x_wconf 90' lang='lat' dir='ltr'><strong>babet</strong></span> <span class='ocrx_word' id='word_1_450' title='bbox 1399 4956 1417 4999; x_wconf 89' lang='lat' dir='ltr'><strong>e</strong></span> <span class='ocrx_word' id='word_1_451' title='bbox 1437 4937 1565 5019; x_wconf 83' lang='lat' dir='ltr'><strong>regione</strong></span> <span class='ocrx_word' id='word_1_452' title='bbox 1580 4938 1704 4999; x_wconf 92' lang='lat' dir='ltr'><strong>versio-</strong></span> 
     </span>
     <span class='ocr_line' id='line_1_45' title="bbox 327 5034 1704 5118; baseline 0.001 -23"><span class='ocrx_word' id='word_1_453' title='bbox 327 5051 396 5096; x_wconf 88' lang='lat' dir='ltr'><strong>nem</strong></span> <span class='ocrx_word' id='word_1_454' title='bbox 417 5034 589 5100; x_wconf 81' lang='lat' dir='ltr'><strong>Arabicam.</strong></span> <span class='ocrx_word' id='word_1_455' title='bbox 635 5035 864 5099; x_wconf 87' lang='lat' dir='ltr'><strong>Observandum</strong></span> <span class='ocrx_word' id='word_1_456' title='bbox 892 5055 1013 5118; x_wconf 82' lang='lat' dir='ltr'><strong>quoquc</strong></span> <span class='ocrx_word' id='word_1_457' title='bbox 1036 5042 1084 5098; x_wconf 90' lang='lat' dir='ltr'><strong>est</strong></span> <span class='ocrx_word' id='word_1_458' title='bbox 1113 5034 1360 5100; x_wconf 87' lang='lat' dir='ltr'><strong>consuetudinem</strong></span> <span class='ocrx_word' id='word_1_459' title='bbox 1386 5035 1478 5099; x_wconf 88' lang='lat' dir='ltr'><strong>luisse</strong></span> <span class='ocrx_word' id='word_1_460' title='bbox 1508 5037 1539 5098; x_wconf 92' lang='lat' dir='ltr'><strong>in</strong></span> <span class='ocrx_word' id='word_1_461' title='bbox 1565 5035 1704 5098; x_wconf 85' lang='lat' dir='ltr'><strong>Ecclesia</strong></span> 
     </span>
    </p>
   </div>
   <div class='ocr_carea' id='block_1_3' title="bbox 0 0 2345 6036">
    <p class='ocr_par' dir='ltr' id='par_1_7' title="bbox 0 0 2345 6036">
     <span class='ocr_line' id='line_1_46' title="bbox 0 0 2345 6036; baseline 0 0"><span class='ocrx_word' id='word_1_462' title='bbox 0 0 2345 6036; x_wconf 95' lang='lat' dir='ltr'><strong> </strong></span> 
     </span>
    </p>
   </div>
  </div>
 </body>
</html>
