4670 6046
607 572 880 650 matronalem
896 569 1089 650 COPTICAM
1104 572 1135 650 S.
1150 571 1295 648 nlsntl.
1563 569 1637 646 241

277 779 318 824 cc
337 759 439 823 stetim
459 757 565 838 incipit
585 757 720 820 totam
742 764 772 819 et
793 764 863 820 ane
884 757 985 818 ornain
1004 755 1371 836 ttsottrerrtnstnptos
1392 756 1504 820 calices
1521 766 1643 838 portem

276 877 379 936 unum,
402 858 514 921 dicens.
559 855 678 919 Unitum
700 863 748 920 est
770 862 801 918 ct
822 853 1037 918 sanctificatum
1063 863 1095 918 et
1117 865 1352 920 consummatum
1381 857 1412 919 in
1439 859 1558 920 nomine
1580 855 1641 918 l’a·

276 959 342 1034 tris,
366 964 423 1018 etc.
465 953 506 1016 lit
527 972 594 1017 nnn
614 957 716 1036 ripnot
739 973 849 1035 ponem
876 955 957 1017 dicit.
1005 955 1087 1018 Ecce
1114 973 1210 1037 agnus
1237 955 1309 1034 Dei,
1339 955 1417 1020 tilius
1447 956 1560 1034 Patris,
1589 954 1641 1036 qrri

276 1056 356 1120 tollit
377 1059 504 1137 peccata
524 1053 636 1131 mundi,
657 1054 720 1116 vita
741 1061 772 1116 et
793 1051 900 1117 salute.
944 1052 985 1115 lit
1006 1073 1074 1116 cum
1094 1053 1249 1116 distribuit
1267 1073 1358 1116 onom
1375 1061 1499 1134 portem
1519 1056 1552 1116 in
1572 1056 1641 1116 siri-

274 1157 363 1238 pulor
384 1155 497 1216 culices
518 1153 600 1217 dicit.
645 1153 747 1217 Portio
769 1159 872 1216 sancta
895 1150 1023 1232 Christi,
1044 1152 1135 1233 plena
1156 1154 1284 1235 gratiae,
1308 1160 1340 1217 et
1361 1151 1515 1229 veritatis,
1544 1153 1639 1216 Patris

278 1253 457 1335 etSpiritus¹
472 1253 578 1330 sancti,
601 1252 649 1315 cui
670 1252 779 1336 gloria,
801 1251 958 1332 imperium
978 1251 1009 1313 in
1031 1251 1151 1314 saecula
1175 1253 1374 1317 saeculorum.
1416 1250 1450 1314 ln
1473 1251 1538 1314 aliis
1560 1270 1640 1333 quo-

278 1371 338 1435 que
360 1360 393 1416 ut
415 1351 633 1433 chrysostomi,
656 1360 687 1414 et
708 1351 820 1429 Basilii,
843 1352 915 1414 satis
946 1350 1122 1433 designatur
1143 1351 1222 1414 idem
1243 1353 1330 1431 ritus,
1352 1351 1403 1434 qui
1424 1351 1536 1414 Latinis
1561 1369 1641 1432 quo-

276 1472 337 1536 que
359 1451 523 1515 communis
546 1457 604 1528 est,
625 1468 745 1532 nempe,
769 1448 917 1512 attracta
939 1449 1049 1528 hostia,
1072 1449 1206 1532 ejusdem
1221 1451 1368 1533 particula
1391 1448 1477 1512 calici
1498 1450 1640 1514 inmlitta·

274 1559 335 1630 tur,
357 1551 427 1613 dum
449 1549 571 1613 dicitur:
593 1548 678 1612 llaec
700 1551 873 1612 commem
894 1557 925 1611 et
945 1551 1134 1612 consecratio
1156 1551 1295 1629 corporis
1312 1557 1342 1612 et
1352 1551 1510 1630 sonpuims
1519 1550 1642 1612 Oomirai

274 1651 376 1714 nosbi
395 1649 471 1711 dent
493 1646 616 1724 Christi,
636 1651 692 1730 fict
712 1647 929 1728 accipientibus
949 1647 1037 1708 nobis
1058 1649 1090 1709 in
1111 1649 1204 1710 citum
1225 1657 1389 1712 oetemom.
1435 1648 1520 1721 Ouae
1542 1651 1640 1711 oratio

277 1750 336 1815 etsi
357 1749 466 1812 leviter
488 1748 648 1828 immutata,
671 1750 822 1829 reperitur
844 1746 950 1810 eodem
983 1764 1076 1810 sensu
1105 1748 1135 1809 in
1164 1748 1299 1810 omnibus
1322 1749 1451 1828 antiquis
1475 1746 1640 1828 codicibus,

275 1850 316 1914 ita
339 1857 449 1926 tamem
471 1854 505 1910 ut
526 1866 562 1910 ea
584 1846 674 1910 lectio
697 1865 785 1928 quam
807 1848 905 1910 Antor
926 1845 1071 1908 Notarnm
1099 1845 1136 1908 ad
1159 1844 1329 1909 Gabrielem
1350 1845 1640 1929 Philadelphicnsem

276 1948 424 2014 observat
445 1945 557 2010 vidmse
579 1965 613 2009 se
635 1948 666 2008 in
687 1963 762 2026 uno,
790 1945 821 2008 in
843 1963 903 2027 quo
926 1945 1081 2027 legeretur
1103 1963 1214 2026 corpus
1236 1952 1265 2008 et
1285 1948 1424 2026 smmis,
1454 1949 1484 2008 in
1514 1945 1594 2009 nullo
1621 1965 1641 2010 a

276 2063 428 2130 quoqmm
451 2053 556 2108 autore
579 2045 689 2108 idoneo
712 2043 903 2126 deprebensa
925 2045 973 2124 sit,
995 2060 1096 2124 neque
1119 2044 1237 2108 anobis
1251 2047 1302 2126 qui
1314 2045 1422 2108 multos
1436 2047 1638 2127 tractavimus,

276 2155 367 2228 atque
390 2144 467 2208 adeo
489 2145 714 2226 suspectissima
735 2142 774 2207 de
801 2143 910 2206 mendo
938 2161 1007 2206 esse
1036 2143 1155 2208 debeat.
1203 2143 1266 2206 Nec
1296 2146 1373 2208 enim
1404 2145 1489 2209 locus
1519 2146 1637 2208 omnino

276 2254 333 2325 est,
357 2251 391 2307 ut
412 2251 516 2306 oretur
537 2259 594 2325 pro
617 2244 845 2306 consecratione
877 2243 1015 2324 corporis
1045 2251 1076 2306 et
1106 2243 1260 2325 sanguinis
1293 2242 1421 2322 Christi,
1456 2262 1517 2308 non
1544 2245 1640 2308 solum

276 2347 346 2427 quia
364 2345 427 2426 jam
450 2343 584 2406 omnibus
606 2342 714 2422 modis,
737 2344 826 2406 etiam
848 2341 1013 2406 secundum
1034 2341 1218 2406 Graecorum
1239 2344 1442 2407 recentiorum
1456 2345 1639 2426 opinionem,

274 2442 413 2526 perlecta
437 2439 589 2506 censenda
611 2449 672 2517 est;
701 2441 756 2505 sed
786 2442 856 2523 quia
883 2443 1070 2505 consecratio
1094 2459 1171 2522 quae
1193 2440 1377 2523 postulatu,
1407 2459 1470 2531 non
1497 2443 1554 2506 alia
1582 2451 1639 2523 est,

276 2561 365 2626 quarn
388 2541 552 2604 commistio
576 2540 690 2621 speciei
712 2542 877 2622 utriusque.
899 2541 994 2624 liujus
1015 2559 1091 2604 vero
1114 2541 1323 2604 caeremoniae
1345 2541 1640 2622 praeminentem

273 2641 411 2720 hostiae,
441 2639 712 2721 particularumque
747 2641 920 2703 intinctione
953 2638 1132 2703 observatur
1160 2639 1394 2722 significationes
1420 2643 1578 2722 mysticas,
1607 2647 1641 2704 ut

275 2741 356 2823 apud
380 2739 513 2802 Graecos
536 2737 699 2802 Germanus
722 2738 1086 2820 constantinopolitanus,
1113 2739 1277 2818 Maximus,
1300 2747 1332 2802 et
1352 2741 1431 2804 inter
1452 2742 1639 2806 recentiores

276 2839 451 2916 Cabasilas‚
482 2839 710 2920 explicaverunt
736 2839 774 2902 de
801 2839 948 2902 scissione
978 2845 1009 2901 et
1039 2838 1224 2903 laceratione
1252 2841 1391 2922 corporis
1424 2839 1535 2904 Christi
1561 2841 1639 2904 inter

274 2937 492 3022 flagellantium
513 2944 544 3000 et
565 2937 802 3021 crucifigentium
823 2956 939 3017 manus,
962 2936 1000 3001 de
1013 2937 1160 3002 allusione
1172 2939 1340 3023 sanguinis:
1364 2940 1638 3006 deresurrectiono

275 3041 353 3122 ejus,
376 3036 474 3118 deque
498 3036 563 3099 aliis
585 3038 751 3118 mysteriis,
781 3039 822 3100 ita
850 3037 958 3102 eodem
979 3055 1072 3102 sensu
1093 3037 1255 3119 Dionysius
1277 3037 1439 3120 Barsalibi,
1471 3047 1560 3123 atque
1588 3041 1639 3104 alii

276 3136 426 3220 'theologi
447 3135 617 3199 orientales
639 3153 706 3199 earn
727 3136 952 3222 intelligendam
974 3155 1044 3200 esse
1066 3137 1243 3201 docuerunt.

709 3399 829 3470 Oratio
853 3404 932 3491 port
956 3397 1067 3470 Pater
1092 3404 1218 3472 norton.
1686 3389 1717 3465 b.
1734 3413 1778 3465 21.
1796 3400 1818 3465 ι’
1833 3414 1857 3466 1.

393 3604 430 3685 ln
452 3618 588 3681 omnibus
604 3616 816 3697 Orientalibus,
840 3617 1018 3682 nonninus
1042 3636 1131 3699 ᾳιιιιιιι
1142 3617 1384 3682 occidentalibus
1399 3618 1526 3698 niuibus,
1548 3619 1640 3700 paulo
1688 3615 1777 3672 brana
1802 3627 1861 3688 1³⁰³·
1884 3620 1964 3674 Pater

277 3728 347 3784 ante
370 3717 607 3783 communionem
629 3717 689 3780 dici
710 3716 789 3781 solet
810 3715 915 3780 Oratio
937 3719 1102 3797 Dominica,
1126 3737 1166 3780 ex
1181 3717 1360 3798 Apostolica
1382 3717 1577 3798 institutione,
1599 3719 1639 3782 dc
1652 3714 1742 3757 ''⁰¹⁶⁶'-

278 3837 337 3900 qua
358 3820 470 3902 passim
492 3824 612 3879 autores
633 3816 795 3899 liturgici,
825 3815 933 3880 Graeci
961 3826 991 3880 et
1012 3817 1118 3880 Latini.
1164 3815 1223 3880 Sed
1246 3815 1385 3880 dillerunt
1408 3814 1578 3880 Orientales
1601 3815 1639 3877 ab

278 3915 532 3995 occidentalibus,
555 3915 636 3996 quod
658 3915 736 3996 apud
758 3919 832 3980 istos
852 3916 960 3980 dicitur
981 3925 1051 3998 post
1062 3918 1262 3996 Fractionem,
1285 3917 1364 3998 apud
1379 3915 1448 3980 illos
1462 3933 1529 3980 eam
1545 3917 1640 3996 prac-

280 4019 370 4084 cedit.
414 4017 524 4080 lterum
545 4015 655 4078 Latino
676 4016 736 4078 ritu
758 4033 776 4076 a
799 4014 962 4080 Sacerdote
985 4017 1117 4094 canitur,
1152 4023 1203 4079 ant
1224 4017 1369 4079 recitatur
1392 4015 1470 4080 elata
1492 4034 1585 4080 voce:
1608 4016 1640 4079 in

279 4118 405 4182 Oriente
428 4113 578 4184 Sacerdos
601 4112 765 4195 praemissa
787 4115 922 4178 oratione
943 4115 1039 4194 brevi,
1062 4115 1165 4196 incipit
1187 4123 1300 4179 tantum
1322 4117 1417 4180 Potor
1438 4125 1558 4180 nortm:
1580 4133 1639 4196 po-

278 4217 367 4299 pulus
389 4215 600 4301 prosequitur:
634 4221 666 4277 et
692 4215 730 4280 ad
759 4213 846 4278 finem
876 4215 1065 4299 subjungitur
1086 4215 1161 4278 haec
1183 4217 1296 4293 oratio,
1318 4233 1376 4297 qua
1399 4224 1524 4300 rogatur
1545 4197 1639 4295 Deu‘s,

277 4324 311 4380 ut
334 4335 390 4380 nos
403 4335 429 4378 'a
451 4315 584 4399 maligno
606 4313 723 4378 liberet
743 4315 937 4378 Sacerdotem
959 4323 1083 4395 oportet,
1105 4315 1201 4396 inquit
1222 4314 1378 4395 Barsalibi,
1403 4324 1542 4396 wnpuom
1565 4334 1639 4378 cor-
1704 4355 1779 4407 cm,
1806 4357 1878 4409 Bm
1901 4357 1962 4410 Bm

275 4418 364 4497 port's
384 4415 541 4478 Eccteaiue
562 4415 703 4494 lencm,
724 4414 855 4494 ttwt'pere
876 4412 1050 4481 Orationem
1070 4415 1275 4491 Dotnr'nicom,
1303 4433 1393 4496 qttttm
1413 4416 1519 4496 telt'qttt'
1537 4415 1641 4495 fideles
1651 4441 1744 4511 um,
1762 4442 1779 4493 ι,
1797 4441 1823 4496 ¹2,
1842 4459 1865 4496 ο,
1885 4441 1927 4496 15·

277 4519 505 4594 prosequentur.
550 4511 625 4576 Cum
654 4530 730 4575 vero
757 4513 912 4576 recitanda
941 4515 979 4576 sit
1007 4513 1133 4596 Coptica
1163 4533 1179 4576 a
1211 4513 1323 4596 populo
1346 4514 1449 4578 Oratio
1472 4515 1638 4594 Dominica,

278 4613 394 4676 idcirco
418 4614 497 4675 inter
520 4629 556 4674 ca
579 4629 656 4693 quae
679 4610 911 4690 Sacerdotibus,
939 4612 977 4675 ad
1007 4631 1083 4694 quos
1105 4614 1268 4676 animarum
1290 4631 1361 4678 cura
1384 4623 1511 4696 spectat,
1534 4616 1639 4680 distri-

281 4713 357 4775 ctius
379 4712 616 4793 praecipiuntur,
640 4712 772 4775 occurrit
792 4711 866 4774 illud
887 4712 1071 4792 mandatum,
1106 4721 1140 4775 ut
1168 4713 1298 4796 populus
1326 4731 1392 4776 eam
1414 4723 1445 4778 et
1467 4713 1640 4798 Symbolum

281 4810 426 4875 doceatur
448 4811 554 4874 eadem
575 4811 693 4893 lingua:
722 4819 784 4875 tum
812 4821 844 4875 ut
865 4811 983 4896 vulgari
1005 4811 1145 4875 idiomate
1169 4813 1375 4893 explicentur,
1401 4813 1456 4878 sed
1477 4822 1564 4878 extra
1585 4814 1640 4877 Li-

281 4909 427 4991 turgiam,
456 4909 494 4973 de
517 4930 576 4991 qua
598 4911 814 4975 consuetudine
836 4908 1024 4974 observanda
1047 4919 1129 4974 extat
1151 4910 1299 4976 Gabrielis
1321 4913 1387 4976 Filii
1409 4913 1516 4978 Tariclr
1538 4913 1641 4999 Syno-

284 5008 350 5072 dica
373 5010 557 5074 constitutio.
602 5010 647 5073 Ea
669 5013 786 5074 ratione
808 5009 905 5074 iactae
929 5020 998 5074 sunt
1020 5009 1056 5072 ab
1078 5009 1238 5094 Episcopis
1261 5019 1291 5076 et
1313 5031 1331 5076 a
1354 5012 1517 5099 'theologis
1539 5015 1642 5078 variae
