4760 6038
761 547 1388 628 SANCTICYRILLI.
1711 549 1760 621 39

389 758 424 826 in
459 754 576 828 osculo
618 765 754 846 sancto,
789 777 899 850 neque
934 775 996 850 per
1032 754 1254 846 cogitationes
1289 753 1547 850 abominabiles,
1590 753 1761 851 despectui

390 869 570 943 habeamus
603 873 755 944 timorem
789 879 899 961 tuum,
939 881 996 969 aut
1028 879 1138 942 mente
1179 868 1298 943 dolosa
1332 881 1366 942 et
1401 870 1525 943 malitia
1559 871 1759 967 proditoris:

390 1009 499 1082 neque
521 991 757 1062 conscientiam
773 984 934 1058 babentes
952 988 1118 1082 nequitiae
1140 989 1422 1079 consentientem,
1449 987 1509 1060 sed
1535 1011 1610 1060 cum
1635 988 1759 1082 gaudio

392 1107 572 1176 annuarum
598 1116 787 1178 nostrarum
813 1113 847 1176 et
872 1103 994 1175 laetitia
1021 1103 1132 1176 cordis
1158 1104 1280 1192 nostri,
1316 1126 1390 1175 cum
1426 1107 1467 1177 sit
1498 1104 1596 1177 nobis
1629 1108 1760 1198 signum

391 1243 545 1314 magnum
574 1231 608 1293 et
633 1221 815 1317 perlectum
844 1219 1027 1291 dilectionis
1054 1219 1224 1310 Unigeniti
1249 1219 1324 1290 Filii
1351 1222 1406 1290 tui.
1446 1219 1499 1292 Ne
1526 1220 1670 1317 repellas
1696 1245 1760 1294 nos

391 1358 512 1410 servos
548 1347 624 1411 tuos
655 1347 795 1434 propter
827 1336 973 1408 maculas
1011 1345 1224 1430 peccatorum
1264 1338 1471 1408 nostrornm:
1507 1346 1542 1407 tu
1582 1341 1670 1410 euim
1704 1341 1760 1432 qui

391 1456 512 1526 creasti
537 1452 728 1547 figmentum
755 1462 923 1545 nostrum,
958 1456 1025 1525 scis
1061 1451 1149 1548 quod
1180 1450 1287 1523 nullus
1320 1463 1416 1526 natus
1450 1475 1496 1524 ex
1533 1453 1670 1525 muliere
1705 1456 1758 1542 sit,

392 1573 446 1664 qui
471 1591 540 1643 uon
565 1580 684 1665 peccet
711 1592 824 1642 coram
852 1579 894 1640 te.
947 1565 1017 1639 Fac
1036 1591 1100 1640 nos
1116 1591 1233 1641 omnes
1250 1567 1391 1660 dignos,
1416 1570 1577 1660 Domine,
1604 1580 1639 1641 ut
1657 1570 1759 1642 corde

391 1707 475 1781 puro
503 1697 537 1758 et
564 1690 673 1759 anima
698 1686 798 1782 plena
825 1687 955 1779 gratiae
987 1693 1084 1773 mae,
1121 1693 1243 1757 stemus
1280 1707 1395 1756 coram
1429 1695 1480 1775 te,
1516 1694 1550 1758 et
1582 1687 1760 1759 oderamus

392 1800 448 1874 tibi
474 1800 539 1874 boc
566 1803 762 1900 sacrificium
791 1812 966 1893 sanctum,
992 1799 1175 1889 rationale,
1204 1799 1392 1896 spirituale,
1419 1813 1453 1873 et
1478 1805 1695 1893 incruentum,
1718 1803 1759 1873 ad

391 1921 621 1992 remissionem
648 1919 841 1992 delictorum
873 1927 1084 2007 nostrorum,
1123 1927 1157 1988 et
1188 1921 1322 1990 veniam
1354 1921 1616 2012 ignorantiarum
1646 1919 1761 2015 populi

390 2039 453 2107 tui:
480 2039 555 2130 quia
583 2045 616 2107 tu
644 2059 681 2110 es
707 2038 800 2108 Deus
827 2035 974 2106 clemens
1000 2042 1035 2105 et
1061 2035 1274 2126 misericors,
1306 2045 1340 2106 et
1367 2034 1408 2106 ad
1435 2045 1468 2106 te
1495 2056 1626 2108 sursum
1652 2037 1759 2106 mitti-

390 2173 463 2222 mus
481 2151 644 2244 gloriam,
670 2151 851 2244 honorem,
878 2161 912 2223 et
929 2150 1170 2242 adorationem,
1189 2151 1300 2243 Pater,
1319 2150 1395 2244 Fili,
1422 2161 1456 2223 et
1477 2149 1620 2248 Spiritus
1643 2161 1758 2225 sancte

390 2289 477 2339 nunc
503 2277 537 2340 et
563 2291 697 2364 semper
724 2279 787 2341 etc.

700 2523 786 2594 Alio
814 2522 934 2597 Oratio
962 2524 1070 2597 osculi
1090 2528 1192 2619 pacis
1219 2525 1265 2594 ud
1292 2525 1443 2597 Putrem.
1544 2486 1547 2490 ι
1626 2519 1630 2528 ’

492 2732 585 2803 Deus
621 2733 787 2823 caritatis,
827 2732 967 2825 largitor
1001 2730 1221 2822 concordiae,
1256 2736 1311 2827 qui
1344 2731 1518 2805 consilium
1551 2737 1684 2806 unicum
1716 2735 1758 2806 ad

389 2845 575 2942 proiectum
602 2847 721 2920 dedisti
746 2848 870 2938 uobis,
897 2871 971 2920 cum
997 2857 1178 2945 praecepto
1206 2870 1318 2941 novo,
1345 2870 1407 2942 per
1421 2846 1632 2942 Unigenitum
1658 2847 1759 2922 lilium

388 2973 494 3054 tuum,
521 2975 557 3035 ut
584 2963 796 3057 diligeremus
824 2965 1032 3056 alterutrum,
1067 2968 1151 3038 sicut
1177 2964 1323 3037 dilexisti
1348 2986 1412 3037 nos
1438 2964 1593 3056 indignos
1627 2974 1660 3036 et
1696 2989 1758 3037 er-

387 3087 522 3169 rantes,
559 3078 743 3176 dedistique
775 3081 876 3153 lilium
908 3093 998 3153 tuum
1034 3080 1187 3154 dilectum
1217 3103 1280 3177 pro
1312 3083 1381 3153 vita
1418 3091 1452 3152 et
1484 3080 1592 3154 salute
1623 3093 1756 3156 nostra:

388 3216 547 3288 rogamus
576 3208 629 3286 te,
663 3199 827 3289 Domine,
860 3195 968 3269 tribue
992 3197 1092 3270 nobis
1119 3195 1250 3270 famulis
1276 3199 1339 3268 tuis
1367 3199 1455 3268 omni
1483 3206 1634 3293 tempore
1666 3203 1758 3272 vitae

387 3321 525 3384 nostrae
552 3324 823 3409 superterram,
859 3336 946 3386 nunc
971 3336 1057 3387 vero
1084 3317 1281 3410 praesertim
1317 3323 1351 3385 et
1384 3317 1581 3410 praecipue,
1615 3318 1758 3387 animum

387 3431 614 3501 immemorem
656 3432 800 3503 malitiae
835 3434 976 3526 prioris,
1020 3433 1257 3503 conscientiam
1290 3452 1426 3526 puram,
1462 3441 1496 3502 et
1536 3433 1757 3522 cogitationes

389 3547 555 3636 sinceras,
582 3545 744 3640 simulque
770 3569 832 3619 eor
858 3547 999 3639 diligens
1024 3545 1161 3636 fratres,
1195 3555 1230 3617 ut
1256 3546 1372 3618 demus
1399 3546 1549 3620 osculum
1575 3547 1757 3642 spirituale,

387 3657 621 3758 fugiamusque
648 3663 837 3760 exemplum
869 3662 976 3735 Judae
1008 3662 1204 3758 proditoris,
1235 3673 1269 3734 et
1302 3663 1577 3758 quemadmodum
1609 3664 1758 3759 discipuli

386 3777 435 3845 tui
462 3785 496 3848 et
520 3778 679 3874 Apostoli
706 3783 830 3871 sancti,
858 3778 1036 3852 salutemus
1062 3782 1224 3871 invicem,
1252 3782 1345 3850 etin
1371 3782 1544 3852 sanctitate
1563 3779 1756 3852 sanctifice-

270 3917 277 3930 ·
386 3913 461 3963 mur
488 3905 522 3965 et
547 3895 756 3988 mundemur,
783 3896 949 3968 mediante
976 3894 1099 3990 Spiritu
1127 3905 1242 3968 sancto
1269 3907 1348 3988 tuo,
1374 3918 1437 3993 per
1463 3899 1605 3990 gratim
1630 3898 1757 3989 unige-

387 4007 689 4084 mmmm

842 4216 1058 4332 manuum
1081 4267 1111 4332 s.
1136 4265 1295 4333 orarum.

491 4457 674 4532 Sacerdos.
727 4462 888 4534 Dominus
915 4460 1100 4535 vobiscum.

491 4576 652 4669 Populus.
704 4576 847 4650 Etcum
874 4577 1091 4675 Spiritutuo.

490 4691 673 4764 Sacerdos.
727 4694 867 4768 Sursum
893 4695 1005 4767 corda.

489 4809 650 4902 Populus.
703 4810 872 4884 Habemus
900 4812 942 4883 ad
968 4813 1153 4886 Dominum.

489 4924 672 4998 Sacerdos.
726 4925 858 4999 Gratias
886 4950 1024 5021 agamus
1050 4930 1205 5002 Domino.

490 5043 650 5138 Populus.
703 5045 847 5136 Dignum
871 5056 908 5131 ‚et
929 5047 1052 5137 justum
1080 5055 1142 5118 est.

416 5181 502 5224 lomus
514 5181 531 5225 1.
