4736 6064
746 682 822 759 442
1112 684 1280 762 RITUS
1319 683 1730 763 ORDINATIONIS

746 877 781 941 et
815 870 997 943 Orationes
1027 875 1137 965 pacis.
1202 872 1338 943 Deinde
1373 873 1538 964 incipient
1573 871 1762 965 Liturpiam
1797 880 1831 944 et
1865 879 1943 944 tnnc
1978 874 2106 945 solvent

744 987 881 1058 uincula
906 1010 952 1058 ec
975 988 1119 1082 pedibus
1145 994 1226 1078 ejus.
1261 989 1349 1060 Post
1373 988 1551 1058 lectionem
1575 993 1822 1082 scripturorum
1849 993 1992 1083 tempori
2019 1013 2105 1060 con-

744 1105 964 1192 venientium,
1002 1103 1169 1200 Episcopi
1207 1109 1241 1176 et
1275 1103 1392 1176 Clesus
1431 1106 1536 1174 omnis
1566 1110 1778 1197 paramentis
1810 1108 1881 1175 suis
1917 1105 2105 1178 induentur.

744 1218 865 1287 Finita
890 1241 972 1290 cero
999 1220 1145 1292 Actuum
1159 1220 1435 1313 Apostolicorum
1453 1219 1610 1308 lectione,
1637 1221 1913 1293 Arcbidiaconns
1929 1221 2003 1291 alta
2024 1243 2107 1292 soce

745 1332 921 1404 clamabit:
947 1335 976 1407 0
1003 1333 1171 1431 Episcopi.

853 1433 932 1520 Turn
959 1458 1085 1523 escunt
1111 1475 1156 1523 eu
1181 1451 1394 1540 Diaconico,
1422 1455 1666 1523 circumeuntes
1691 1452 1833 1522 medinm
1854 1451 2048 1540 Ecclesiae,
2074 1458 2108 1522 et

743 1572 795 1640 ita
818 1568 1009 1662 procedunt
1034 1589 1138 1662 usque
1164 1569 1211 1638 ad
1236 1567 1367 1638 altare:
1389 1568 1613 1662 proceditque
1634 1572 1747 1660 primo
1773 1573 1888 1640 senior
1904 1569 2106 1661 Episcopus,

744 1690 881 1778 etpost
906 1707 980 1755 eum
1002 1675 1129 1777 'reliqui
1155 1706 1267 1756 omnes
1282 1685 1457 1776 Episcopi,
1485 1685 1708 1777 unusquisque
1735 1686 1770 1753 iu
1796 1685 1917 1756 ordine
1943 1707 2024 1757 suo.-
2049 1667 2106 1754 ul-

744 1803 907 1894 timusque
934 1803 1075 1870 omnium
1101 1799 1257 1887 Electus,
1284 1799 1419 1870 indutus
1443 1799 1611 1869 stichario
1636 1798 1730 1870 solo:
1756 1805 1790 1870 et
1815 1799 1952 1870 mantile
1979 1801 2108 1872 tuberes

744 1918 842 1986 circa
868 1915 1004 1986 colum:
1032 1915 1164 2009 duoque
1183 1914 1393 1986 Sacerdotes
1419 1921 1533 1986 tenent
1560 1937 1633 1984 eum
1657 1912 1737 1984 binc
1763 1921 1798 1988 et
1823 1914 1912 2004 inde,
1940 1923 2108 2010 caputque

742 2033 939 2103 inclinatum
964 2031 1077 2120 babet,
1105 2037 1139 2102 et
1165 2053 1239 2102 eum
1265 2037 1448 2126 sequuntur
1474 2029 1684 2102 Sacerdotes
1708 2036 1936 2123 omnesjmu
1955 2032 2108 2102 ordinem

742 2172 845 2219 suum.
886 2147 1164 2219 Arelidiaconus
1187 2151 1337 2242 protepit
1364 2147 1452 2218 latus
1477 2149 1624 2217 senioris
1649 2147 1907 2240 Episcoporum‚
1934 2153 1970 2217 et
1991 2151 2109 2240 prosit

743 2287 803 2336 eos
829 2268 859 2334 is
885 2267 943 2357 qui
969 2263 1081 2356 defert
1105 2263 1327 2355 Eronpelium
1353 2285 1470 2334 coram
1496 2266 1563 2334 eis:
1592 2261 1831 2358 Sacerdosque
1857 2266 2013 2334 incensat
2039 2285 2106 2334 co-

741 2403 816 2451 ram
843 2378 1002 2451 omnibus.
1041 2378 1194 2450 Diaconi
1221 2401 1337 2449 corum
1363 2382 1413 2449 eis
1435 2383 1552 2471 ferunt
1577 2401 1697 2450 cruces
1723 2385 1758 2450 st
1786 2399 1907 2449 cereos
1933 2400 2108 2467 accensos,

742 2503 777 2568 et
803 2495 1069 2567 Clserubinorum
1094 2499 1274 2588 inopines,
1305 2517 1366 2565 seu
1395 2492 1534 2587 [labella
1559 2499 1594 2564 et
1619 2499 1746 2568 canunt
1776 2493 1959 2564 ordinatim
1991 2515 2108 2566 coram

741 2611 931 2706 Ecanpelio
957 2616 1077 2681 sancto
1104 2610 1265 2680 dicentes.

793 2726 989 2818 Unigenitus
1006 2723 1109 2797 Filius
1126 2735 1159 2796 st
1176 2723 1324 2796 Verbum
1339 2725 1403 2797 Dei
1485 2721 1523 2802 ‘O
1536 2721 1732 2824 μονογενής
1747 2721 1834 2814 υἱός,
1848 2724 1909 2798 καὶ
1923 2723 2029 2825 λόγος
2041 2733 2108 2801 τοῦ

740 2842 926 2914 immortale
948 2846 1002 2937 qui
1021 2849 1158 2937 propter
1175 2850 1322 2946 nostram
1339 2865 1402 2914 su·
1444 2845 1534 2916 θεοῦ
1549 2836 1735 2924 ἀθάνατος
1749 2837 1938 2941 ὑπάρχων,
1959 2841 2019 2916 καὶ
2037 2870 2108 2916 κα-

741 2957 842 3030 lutem
868 2959 1019 3031 sustinuit
1035 2979 1169 3029 curnem
1187 2979 1331 3048 sumere,
1359 2979 1404 3030 ex
1441 2953 1832 3053 ταὸεξάμεγοςὸιάτήν
1846 2955 2108 3058 ἡματεὶτανσω-
2230 2949 2235 2962 '

742 3085 858 3147 sancta
884 3075 1031 3169 Deipsrs
1058 3084 1091 3145 et
1116 3095 1250 3170 semper
1263 3073 1404 3166 Virgine
1441 3069 1580 3172 rnplcr'
1593 3075 1830 3173 σαρκωθῆναι
1855 3077 1894 3148 ἐκ
1919 3081 1978 3172 τῆς
2003 3074 2107 3175 ἁγίας

740 3191 865 3280 Muris,
892 3192 964 3263 sine
988 3189 1055 3262 ulls
1082 3193 1277 3282 mutatione,
1304 3190 1402 3262 homo
1444 3187 1620 3266 Θεοτόκαυ
1634 3187 1694 3263 καὶ
1707 3186 1948 3286 detnapde'uov
1958 3191 2107 3290 Μαρίας

740 3305 813 3378 fieri
840 3320 872 3380 et
899 3308 1061 3401 crucifigi,
1088 3306 1220 3380 Christo
1240 3308 1332 3382 Deus
1348 3311 1403 3402 qui
1440 3304 1619 3405 ἀτρέπτως
1627 3307 1918 3404 ἕνανθρωπήσαι,
1927 3304 1988 3380 καὶ
1996 3331 2106 3381 σταυ-

740 3435 848 3496 morte
863 3435 1002 3496 mortem
1013 3422 1231 3512 conculcasti3
1246 3428 1301 3518 qui
1318 3445 1401 3496 unus
1442 3420 1789 3522 nudipes,Xosardc
1805 3421 1826 3496 ὁ
1842 3419 1935 3512 Θεός,
1951 3421 2106 3520 θανάτῳ

741 3562 779 3614 es
794 3541 961 3612 Trinitatis
979 3548 1133 3630 sanctas,
1160 3538 1400 3632 conglorifics-
1438 3537 1607 3615 θάνατον
1614 3535 1788 3633 πατήσας·
1803 3534 1849 3622 εἷς
1860 3537 1913 3612 ὢν
1926 3538 2105 3639 sigipirc

739 3669 792 3734 tus
820 3683 894 3733 cum
919 3662 1036 3751 Patre,
1064 3670 1098 3732 et
1115 3659 1239 3757 Spiritu
1265 3671 1397 3733 saneto:
1437 3651 1978 3755 rosidos‚avudo§ul,'dusuocnoi
1993 3656 2104 3756 πατρὶ

740 3777 836 3850 salvs
863 3799 935 3848 nos.
1438 3772 1498 3848 καὶ
1509 3779 1560 3870 τῷ
1570 3770 1662 3872 ἁγίῳ
1673 3768 1862 3868 πνεύματι,
1871 3776 1992 3847 σῶσον
2003 3771 2102 3869 ἡμᾶς.

843 3891 1058 3963 inclinabunt
1082 3914 1119 3962 se
1146 3913 1262 3961 coram
1287 3891 1394 3961 altari
1418 3897 1547 3962 sancto.

841 4005 968 4078 Senior
993 4009 1241 4101 Episcoporam
1266 4006 1397 4080 sedebit
1422 4030 1525 4101 super
1550 4005 1775 4100 Spntlsronum
1802 4010 1836 4076 et
1859 4004 1985 4098 reliqui
2008 4005 2101 4098 Epi-

738 4126 836 4215 scopi
865 4124 1027 4195 sedebunt
1062 4127 1189 4194 circum
1225 4146 1314 4212 eum,
1357 4124 1435 4194 linc
1475 4129 1509 4195 et
1548 4123 1644 4209 iude,
1670 4127 1777 4213 justa
1812 4121 1964 4192 ordinem
1999 4146 2102 4194 suum.

739 4239 940 4334 Presbyteri
966 4246 1001 4312 et
1025 4240 1179 4312 Diaconi
1205 4261 1317 4312 omnes
1343 4239 1480 4311 stabunt
1505 4242 1665 4332 inferius:
1692 4236 1836 4330 populus
1869 4240 1974 4308 onmis
1998 4239 2104 4310 stabit

740 4361 776 4427 in
801 4358 946 4428 silentio.
997 4354 1137 4430 Electus
1161 4355 1267 4429 stabit
1292 4359 1387 4450 infru
1410 4357 1553 4451 padum
1577 4353 1764 4447 Spntlroni
1786 4357 1883 4447 facie
1908 4355 1955 4424 ad
1973 4353 2101 4425 Orien-

740 4480 805 4544 tem
832 4495 1014 4562 conversa,
1041 4479 1076 4544 et
1100 4493 1211 4565 penna
1234 4475 1358 4566 metes,
1384 4472 1545 4566 simulque
1572 4472 1637 4542 duo
1652 4469 1853 4562 Presbyteri
1879 4492 1952 4540 eum
1979 4477 2102 4542 tenen-

739 4596 799 4660 tes.
850 4589 982 4662 Postea
1006 4594 1123 4662 senior
1147 4591 1395 4683 Episcoporum
1428 4587 1525 4659 dabit
1554 4587 1754 4681 Pssptsisrna
1783 4607 1876 4656 suum
1913 4589 1973 4656 uni
2004 4585 2102 4656 Dia-

740 4728 901 4778 conorum
927 4709 984 4800 qui
1009 4705 1123 4800 tepere
1146 4705 1257 4799 probe
1274 4709 1374 4794 sciat,
1396 4709 1519 4800 quique
1537 4704 1724 4788 ascendens
1744 4702 1791 4772 od
1809 4699 1992 4789 ambonem,
2020 4701 2102 4771 illud

739 4822 836 4916 tepet.
890 4822 1120 4894 termnum
1146 4829 1197 4893 est
1223 4823 1312 4916 quod
1334 4825 1432 4916 prius
1458 4825 1493 4893 in
1521 4821 1644 4892 cloria
1668 4821 1831 4911 scriptum
1852 4819 1963 4910 suerit
1976 4840 1999 4886 a
2020 4818 2101 4888 No-

738 4941 831 5009 tario
857 4937 997 5030 Synodi,
1025 4939 1179 5033 qnodmse
1204 4939 1384 5010 secundum
1407 4961 1534 5036 morem
1555 4939 1783 5031 perscriptum
1795 4935 1903 5027 suerit
1921 4938 2102 5025 antequam

737 5058 893 5126 uenirent
919 5055 965 5125 ad
990 5055 1190 5126 Ecclesiam.
1243 5056 1290 5126 Et
1312 5061 1393 5148 post
1414 5053 1615 5149 Psepbisma
1636 5053 1756 5123 lectum
1770 5051 2020 5144 pronunciatur
2037 5048 2101 5119 boc

739 5171 891 5264 elopium.
1348 5177 1351 5194 ¹
