4760 6038
739 392 1423 472 SANCTIGREGORII.
1714 395 1760 467 31

492 584 679 655 Diaconos.
732 580 885 653 Adorate
911 581 1020 651 Deum
1046 602 1121 650 cum
1147 582 1265 652 timone
1293 589 1328 652 et
1353 589 1509 652 tremore.

490 698 676 770 Sacerdos.
729 697 781 767 Tu
807 695 950 768 Domine
977 715 1066 792 voce
1092 704 1148 767 tua
1176 693 1250 768 sola
1278 707 1456 787 commuta,
1482 694 1567 768 baec
1589 707 1767 791 quaesunt

388 816 578 912 proposiia3
605 822 640 884 tu
667 833 782 884 coram
808 809 906 885 nobis
932 811 1078 907 positus,
1104 811 1230 906 pertice
1255 811 1351 884 nobis
1369 812 1434 884 hoc
1451 815 1666 887 ministerium
1685 814 1767 909 ple-

387 954 465 1003 num
490 931 678 1025 mysteriis:
705 929 817 1000 insere
843 930 877 997 in
902 924 1000 999 nobis
1028 929 1223 999 memoriam
1248 929 1419 1000 ministerii
1445 930 1491 1000 tui
1518 931 1641 1002 sancti:
1676 933 1768 1002 mitte

388 1065 579 1142 supernos
611 1045 754 1136 gratiam
788 1040 930 1137 Spiritus
965 1043 1011 1110 tui
1045 1045 1172 1134 sancti,
1207 1047 1261 1137 qui
1289 1043 1486 1133 sanctificet,
1524 1054 1557 1116 et
1586 1044 1767 1119 transferat

387 1161 470 1234 haec
509 1160 598 1232 dona
630 1160 804 1255 proposita
837 1159 871 1226 in
904 1175 1029 1250 corpus
1064 1165 1098 1228 et
1133 1161 1330 1251 sanguinem
1363 1158 1479 1233 salutis
1511 1171 1661 1234 nostrae.
1722 1161 1766 1234 Et

386 1277 472 1348 bunc
499 1274 631 1370 quidem
657 1295 793 1370 panem,
820 1271 926 1344 facias
954 1292 1077 1366 corpus
1104 1281 1194 1345 tuum
1221 1283 1389 1364 sanctum,
1415 1276 1559 1348 Domine
1587 1276 1697 1368 Deus,
1731 1287 1766 1349 et

386 1392 545 1466 Salvator
558 1397 676 1462 noster
700 1388 784 1462 lesu
812 1383 962 1479 Christe,
992 1388 1080 1482 quod
1107 1389 1203 1461 datur
1228 1393 1263 1461 in
1288 1393 1521 1463 remissionem
1548 1404 1763 1487 peccatorum

387 1518 421 1580 ct
452 1511 555 1579 vitam
589 1513 760 1577 aeternam
794 1502 859 1575 illis
893 1505 949 1598 qui
976 1503 1105 1575 exibo
1132 1510 1385 1578 communicant.
1439 1506 1483 1578 Et
1508 1527 1645 1600 rursus,
1678 1510 1765 1582 hunc

387 1623 544 1712 calicem,
581 1623 777 1713 sanguinem
810 1622 992 1714 pretiosum
1029 1619 1233 1693 Testamenti
1265 1624 1312 1693 tui
1346 1624 1444 1713 novi,
1487 1623 1630 1695 Domine
1661 1623 1767 1715 Deus,

387 1750 420 1811 et
447 1736 606 1811 Salvator
640 1745 756 1809 noster
782 1734 864 1807 Jesu
892 1731 1041 1825 Christe,
1075 1736 1187 1808 datum
1218 1741 1252 1808 in
1287 1739 1521 1810 remissionem
1553 1749 1766 1834 peccatorum

386 1861 478 1931 etin
503 1861 608 1929 vitam
635 1866 806 1927 aeternam
832 1850 1150 1925 communicantibus
1177 1875 1223 1923 ex
1250 1874 1303 1924 eo.

488 1971 651 2066 Pop-sdes.
705 1971 824 2043 Amen.
1056 1979 1058 1982 ’

488 2087 675 2159 Sacerdos.
726 2087 840 2181 Itaque
874 2107 1034 2178 rogamus
1070 2093 1103 2154 ta
1137 2081 1267 2155 Christe
1300 2083 1393 2156 Deus
1432 2095 1566 2176 noster,
1604 2087 1764 2158 confirma

384 2203 595 2276 fundamenta
621 2201 816 2276 Ecclesiae:
844 2199 1059 2273 concordiam
1085 2201 1232 2272 caritatis
1259 2202 1292 2271 in
1318 2200 1415 2273 nobis
1443 2201 1599 2274 radicitus
1633 2205 1763 2274 insere:

386 2327 549 2412 augeatur
574 2319 700 2412 puritas
726 2315 816 2389 fidei:
843 2337 1010 2413 praepara
1036 2313 1134 2400 nobis
1162 2317 1253 2388 viam
1279 2325 1406 2387 rectam
1432 2320 1579 2411 pietatis:
1606 2326 1763 2413 pastores

385 2434 584 2509 corrobora:
612 2454 728 2504 eorum
753 2454 880 2524 greges
907 2431 1080 2504 confirma:
1109 2430 1151 2502 da
1177 2451 1290 2504 mores
1319 2443 1411 2504 recte
1429 2436 1636 2528 compositos
1648 2430 1764 2522 Claro,

383 2549 558 2623 Monachis
587 2549 841 2638 continentiam,
871 2545 1067 2639 Virginibus
1101 2550 1295 2642 puritatem,
1323 2550 1511 2640 conjugatis
1539 2548 1765 2636 concordiam,

383 2665 646 2740 misericordiam
672 2664 736 2736 illis
764 2666 820 2757 qui
846 2665 1097 2758 inpoenitentia
1113 2674 1207 2752 sunt,
1234 2663 1474 2756 benignitatem
1490 2663 1658 2756 divitibus,
1683 2685 1765 2734 mo-

386 2783 527 2857 destiam
553 2783 594 2852 iis
623 2780 737 2875 quiin
763 2779 923 2871 dignitate
951 2789 1042 2870 sunt,
1071 2779 1227 2851 auxilium
1254 2781 1473 2877 pauperibus:
1501 2801 1602 2853 senes
1623 2779 1764 2851 robora:

380 2900 523 2991 juvenes
551 2894 663 2968 erudi:
689 2892 839 2966 infideles
867 2905 1046 2967 converte:
1073 2905 1209 2967 cessent
1238 2896 1280 2969 ab
1299 2895 1453 2969 Ecclesia
1481 2895 1672 2970 schismata:
1697 2896 1763 2967 de-

383 3017 490 3110 prime
521 3010 712 3107 superbiam
744 3009 954 3100 haereseon,
989 3018 1022 3082 et
1054 3032 1117 3082 nos
1154 3032 1270 3086 omnes
1307 3012 1348 3084 ad
1381 3011 1597 3085 concordiam
1629 3014 1763 3107 pietatis

384 3130 531 3202 adunare
559 3127 716 3220 digneris.

488 3243 649 3336 Populus.
689 3243 835 3315 Domine
860 3243 1033 3314 miserere.

487 3359 677 3430 Diocoaus.
720 3357 823 3430 Orate
851 3379 913 3453 pro
940 3380 1026 3454 pace
1051 3343 1160 3449 unius,
1181 3355 1377 3431 Catholicae
1404 3370 1438 3431 et
1462 3357 1683 3455 Apostolicae
1697 3361 1763 3432 Dei

382 3475 571 3548 Ecclesiae.

487 3589 667 3662 Sacerdos.
704 3588 874 3661 Memento
908 3587 1053 3660 Domine
1079 3591 1190 3684 pacis,
1216 3592 1354 3681 unicae,
1382 3600 1539 3682 sanctae,
1567 3589 1761 3664 Catholicae

384 3715 419 3778 et
443 3706 664 3802 Apostolicae
690 3705 868 3778 Ecclesiae
895 3715 984 3796 tuae,
1012 3727 1098 3800 quae
1125 3715 1177 3780 est
1203 3703 1357 3777 alinibus
1385 3727 1491 3800 usque
1516 3707 1558 3777 ad
1583 3707 1667 3780 lines
1684 3717 1760 3780 ter-

383 3845 456 3912 rae,
483 3833 517 3895 ct
544 3843 659 3894 eorum
687 3822 742 3916 qui
767 3830 862 3893 recte
888 3820 1081 3918 dispensant
1107 3823 1142 3891 in
1168 3841 1209 3891 ea
1236 3819 1379 3890 verbum
1405 3823 1568 3893 veritatis.

487 3937 674 4009 Diaconos.
723 3935 826 4009 Orate
872 3959 935 4032 pro
981 3935 1142 4008 Pontifice
1189 3946 1306 4009 nostro
1355 3934 1449 4031 Papa
1494 3936 1594 4012 Anba
1633 3937 1675 4009 N.
1717 3937 1760 4008 D.

382 4051 649 4149 Archiepiscopo
685 4074 829 4144 magnae
856 4052 948 4126 urbis
980 4051 1230 4142 Alexandriae,
1264 4061 1297 4123 et
1330 4073 1392 4148 pro
1431 4050 1636 4126 Orthcdoxis
1667 4050 1759 4148 Epi-

384 4189 508 4264 scoprs.
670 4185 675 4190 ·

488 4282 672 4354 Sacerdos.
712 4284 916 4356 Praesertim
958 4304 1043 4355 veno
1078 4282 1293 4356 Patriarcbae
1310 4274 1431 4358 'nostri
1464 4281 1573 4356 Patris
1605 4305 1760 4356 venera-

380 4397 458 4472 bilis
484 4399 586 4472 Anba
612 4399 653 4472 N.
681 4407 715 4470 et
740 4398 850 4472 Patris
876 4402 982 4473 nostri
1008 4397 1170 4496 Episcopi
1195 4399 1295 4473 Anba
1327 4400 1368 4473 N.
1403 4409 1438 4470 et
1471 4421 1587 4470 eorum
1623 4401 1678 4492 qui
1705 4398 1759 4470 bic

383 4514 514 4606 adsunt,
541 4524 576 4586 et
601 4518 656 4611 qui
678 4517 926 4610 requieverunt,
952 4515 1211 4611 Episcoporum,
1225 4515 1512 4608 Hegumcnorum,
1524 4513 1777 4604 Sacerdotem„

381 4629 628 4720 Diaconorum,
663 4629 968 4720 Subdiaccnorum,
1008 4630 1211 4721 Lecturam,
1252 4631 1454 4721 Cantorum,
1493 4629 1759 4722 Exercistarum,

381 4743 636 4836 blcnachorum,
662 4744 850 4839 Virginum,
879 4745 1080 4837 Viduarum,
1109 4742 1366 4837 Continentium,
1394 4745 1644 4842 Orphanorum,
1670 4745 1759 4817 Lai-

383 4881 511 4952 corum,
538 4870 573 4933 et
600 4864 745 4960 omniurn
770 4861 914 4934 fidelium
940 4860 1117 4938 Ecclesiae
1143 4873 1220 4952 turae
1248 4873 1394 4934 sanctae.

407 4998 520 5042 ronmn
1499 4977 1551 5050 20
