<?xml version="1.0" encoding="UTF-8"?>
<!DOCTYPE html PUBLIC "-//W3C//DTD XHTML 1.0 Transitional//EN"
    "http://www.w3.org/TR/xhtml1/DTD/xhtml1-transitional.dtd">
<html xmlns="http://www.w3.org/1999/xhtml" xml:lang="en" lang="en">
 <head>
  <title>
</title>
<meta http-equiv="Content-Type" content="text/html;charset=utf-8" />
  <meta name='ocr-system' content='tesseract 3.04.00' />
  <meta name='ocr-capabilities' content='ocr_page ocr_carea ocr_par ocr_line ocrx_word'/>
</head>
<body>
  <div class='ocr_page' id='page_1' title='image "./liturgiarumorie03renagoog_0386.png"; bbox 0 0 4680 6044; ppageno 0'>
   <div class='ocr_carea' id='block_1_1' title="bbox 571 595 1610 677">
    <p class='ocr_par' dir='ltr' id='par_1_1' title="bbox 571 595 1610 677">
     <span class='ocr_line' id='line_1_1' title="bbox 571 595 1610 677; baseline 0.002 -3"><span class='ocrx_word' id='word_1_1' title='bbox 571 598 624 674; x_wconf 81' lang='lat' dir='ltr'><strong>nl)</strong></span> <span class='ocrx_word' id='word_1_2' title='bbox 646 595 852 675; x_wconf 82' lang='lat' dir='ltr'><strong>LITURGIAM</strong></span> <span class='ocrx_word' id='word_1_3' title='bbox 873 595 1066 676; x_wconf 67' lang='lat' dir='ltr'><strong>cornelli</strong></span> <span class='ocrx_word' id='word_1_4' title='bbox 1086 597 1117 677; x_wconf 86' lang='lat' dir='ltr'><strong>S.</strong></span> <span class='ocrx_word' id='word_1_5' title='bbox 1135 599 1280 676; x_wconf 71' lang='lat' dir='ltr'><strong>busun.</strong></span> <span class='ocrx_word' id='word_1_6' title='bbox 1533 599 1610 676; x_wconf 82' lang='lat'><strong>223</strong></span> 
     </span>
    </p>
   </div>
   <div class='ocr_carea' id='block_1_2' title="bbox 241 779 1612 1166">
    <p class='ocr_par' dir='ltr' id='par_1_2' title="bbox 241 779 1612 1166">
     <span class='ocr_line' id='line_1_2' title="bbox 242 779 1612 868; baseline 0.004 -22"><span class='ocrx_word' id='word_1_7' title='bbox 242 785 361 868; x_wconf 74' lang='lat' dir='ltr'><strong>quidem</strong></span> <span class='ocrx_word' id='word_1_8' title='bbox 389 799 501 864; x_wconf 79' lang='lat' dir='ltr'><strong>corpor</strong></span> <span class='ocrx_word' id='word_1_9' title='bbox 528 779 656 858; x_wconf 81' lang='lat' dir='ltr'><strong>Obrtrti,</strong></span> <span class='ocrx_word' id='word_1_10' title='bbox 685 783 811 845; x_wconf 70' lang='grc' dir='ltr'><strong><em>οοὶἰοοοι</em></strong></span> <span class='ocrx_word' id='word_1_11' title='bbox 839 785 903 861; x_wconf 62' lang='lat' dir='ltr'><strong>aas</strong></span> <span class='ocrx_word' id='word_1_12' title='bbox 930 785 1121 864; x_wconf 66' lang='lat' dir='ltr'><strong>mumdum,</strong></span> <span class='ocrx_word' id='word_1_13' title='bbox 1158 790 1193 845; x_wconf 88' lang='lat' dir='ltr'><strong>ot</strong></span> <span class='ocrx_word' id='word_1_14' title='bbox 1220 802 1323 847; x_wconf 81' lang='lat' dir='ltr'><strong>omues</strong></span> <span class='ocrx_word' id='word_1_15' title='bbox 1349 784 1411 846; x_wconf 86' lang='lat' dir='ltr'><strong>iltis</strong></span> <span class='ocrx_word' id='word_1_16' title='bbox 1442 789 1612 850; x_wconf 72' lang='lat' dir='ltr'><strong>connomi-</strong></span> 
     </span>
     <span class='ocr_line' id='line_1_3' title="bbox 242 882 1611 964; baseline 0 -15"><span class='ocrx_word' id='word_1_17' title='bbox 242 893 347 949; x_wconf 79' lang='lat' dir='ltr'><strong>contes</strong></span> <span class='ocrx_word' id='word_1_18' title='bbox 376 884 552 964; x_wconf 80' lang='lat' dir='ltr'><strong>percipient</strong></span> <span class='ocrx_word' id='word_1_19' title='bbox 582 882 789 945; x_wconf 73' lang='lat' dir='ltr'><strong>remissionem</strong></span> <span class='ocrx_word' id='word_1_20' title='bbox 811 889 1024 962; x_wconf 74' lang='grc' dir='ltr'><strong><em>ροοοοεονιιοι,</em></strong></span> <span class='ocrx_word' id='word_1_21' title='bbox 1046 885 1313 963; x_wconf 72' lang='lat' dir='ltr'><strong>somtificotiomem</strong></span> <span class='ocrx_word' id='word_1_22' title='bbox 1335 892 1365 945; x_wconf 90' lang='lat' dir='ltr'><strong>et</strong></span> <span class='ocrx_word' id='word_1_23' title='bbox 1392 885 1486 948; x_wconf 85' lang='lat' dir='ltr'><strong>citam</strong></span> <span class='ocrx_word' id='word_1_24' title='bbox 1508 895 1611 949; x_wconf 75' lang='lat' dir='ltr'><strong>mter-</strong></span> 
     </span>
     <span class='ocr_line' id='line_1_4' title="bbox 241 979 1611 1065; baseline 0 -17"><span class='ocrx_word' id='word_1_25' title='bbox 241 1003 321 1048; x_wconf 84' lang='lat' dir='ltr'><strong>nam.</strong></span> <span class='ocrx_word' id='word_1_26' title='bbox 365 981 481 1065; x_wconf 76' lang='lat' dir='ltr'><strong>Effingit</strong></span> <span class='ocrx_word' id='word_1_27' title='bbox 502 987 601 1043; x_wconf 87' lang='lat' dir='ltr'><strong>tamen</strong></span> <span class='ocrx_word' id='word_1_28' title='bbox 623 979 729 1043; x_wconf 91' lang='lat' dir='ltr'><strong>oculos</strong></span> <span class='ocrx_word' id='word_1_29' title='bbox 751 997 855 1043; x_wconf 88' lang='lat' dir='ltr'><strong>eorum</strong></span> <span class='ocrx_word' id='word_1_30' title='bbox 868 983 919 1063; x_wconf 88' lang='lat' dir='ltr'><strong>qui</strong></span> <span class='ocrx_word' id='word_1_31' title='bbox 933 980 1056 1044; x_wconf 91' lang='lat' dir='ltr'><strong>editioni</strong></span> <span class='ocrx_word' id='word_1_32' title='bbox 1069 981 1276 1062; x_wconf 81' lang='lat' dir='ltr'><strong>praefuerunt,</strong></span> <span class='ocrx_word' id='word_1_33' title='bbox 1299 981 1500 1048; x_wconf 89' lang='lat' dir='ltr'><strong>lnvocationis</strong></span> <span class='ocrx_word' id='word_1_34' title='bbox 1514 984 1611 1048; x_wconf 87' lang='lat' dir='ltr'><strong>iorma</strong></span> 
     </span>
     <span class='ocr_line' id='line_1_5' title="bbox 242 1077 1610 1166; baseline 0.001 -20"><span class='ocrx_word' id='word_1_35' title='bbox 242 1103 329 1166; x_wconf 84' lang='lat' dir='ltr'><strong>quam</strong></span> <span class='ocrx_word' id='word_1_36' title='bbox 353 1082 486 1146; x_wconf 91' lang='lat' dir='ltr'><strong>continet</strong></span> <span class='ocrx_word' id='word_1_37' title='bbox 507 1077 613 1143; x_wconf 87' lang='lat' dir='ltr'><strong>Jacobi</strong></span> <span class='ocrx_word' id='word_1_38' title='bbox 636 1079 713 1160; x_wconf 84' lang='lat' dir='ltr'><strong>Syra</strong></span> <span class='ocrx_word' id='word_1_39' title='bbox 735 1079 883 1164; x_wconf 81' lang='lat' dir='ltr'><strong>Liturgia:</strong></span> <span class='ocrx_word' id='word_1_40' title='bbox 915 1081 945 1144; x_wconf 93' lang='lat' dir='ltr'><strong>in</strong></span> <span class='ocrx_word' id='word_1_41' title='bbox 972 1099 1009 1144; x_wconf 91' lang='lat' dir='ltr'><strong>ea</strong></span> <span class='ocrx_word' id='word_1_42' title='bbox 1039 1082 1118 1144; x_wconf 91' lang='lat' dir='ltr'><strong>enim</strong></span> <span class='ocrx_word' id='word_1_43' title='bbox 1142 1081 1263 1164; x_wconf 74' lang='lat' dir='ltr'><strong>integre</strong></span> <span class='ocrx_word' id='word_1_44' title='bbox 1285 1081 1412 1166; x_wconf 81' lang='lat' dir='ltr'><strong>legitur,</strong></span> <span class='ocrx_word' id='word_1_45' title='bbox 1440 1101 1511 1166; x_wconf 83' lang='lat' dir='ltr'><strong>pag.</strong></span> <span class='ocrx_word' id='word_1_46' title='bbox 1536 1081 1610 1149; x_wconf 83' lang='lat'><strong>193.</strong></span> 
     </span>
    </p>
   </div>
   <div class='ocr_carea' id='block_1_3' title="bbox 199 1179 1614 5136">
    <p class='ocr_par' dir='ltr' id='par_1_3' title="bbox 235 1179 1614 4838">
     <span class='ocr_line' id='line_1_6' title="bbox 241 1179 1611 1263; baseline -0.001 -17"><span class='ocrx_word' id='word_1_47' title='bbox 241 1183 386 1246; x_wconf 66' lang='grc' dir='ltr'><strong>Βίενναν</strong></span> <span class='ocrx_word' id='word_1_48' title='bbox 406 1181 506 1243; x_wconf 77' lang='lat' dir='ltr'><strong>roostri</strong></span> <span class='ocrx_word' id='word_1_49' title='bbox 524 1179 607 1240; x_wconf 76' lang='lat' dir='ltr'><strong>oea</strong></span> <span class='ocrx_word' id='word_1_50' title='bbox 626 1186 717 1258; x_wconf 87' lang='lat' dir='ltr'><strong>poter</strong></span> <span class='ocrx_word' id='word_1_51' title='bbox 738 1180 938 1259; x_wconf 76' lang='lat' dir='ltr'><strong>omatpoteos,</strong></span> <span class='ocrx_word' id='word_1_52' title='bbox 960 1187 991 1241; x_wconf 89' lang='lat' dir='ltr'><strong>et</strong></span> <span class='ocrx_word' id='word_1_53' title='bbox 1011 1182 1093 1242; x_wconf 76' lang='lat' dir='ltr'><strong>mine</strong></span> <span class='ocrx_word' id='word_1_54' title='bbox 1113 1199 1205 1260; x_wconf 76' lang='lat' dir='ltr'><strong>asper</strong></span> <span class='ocrx_word' id='word_1_55' title='bbox 1224 1199 1291 1256; x_wconf 83' lang='lat' dir='ltr'><strong>cos,</strong></span> <span class='ocrx_word' id='word_1_56' title='bbox 1314 1189 1344 1244; x_wconf 90' lang='lat' dir='ltr'><strong>et</strong></span> <span class='ocrx_word' id='word_1_57' title='bbox 1364 1201 1455 1263; x_wconf 79' lang='lat' dir='ltr'><strong>acper</strong></span> <span class='ocrx_word' id='word_1_58' title='bbox 1474 1183 1531 1244; x_wconf 85' lang='lat' dir='ltr'><strong>bos</strong></span> <span class='ocrx_word' id='word_1_59' title='bbox 1553 1182 1611 1244; x_wconf 91' lang='lat' dir='ltr'><strong>ob-</strong></span> 
     </span>
     <span class='ocr_line' id='line_1_7' title="bbox 240 1270 1611 1368; baseline 0 -25"><span class='ocrx_word' id='word_1_60' title='bbox 240 1281 370 1343; x_wconf 85' lang='lat' dir='ltr'><strong>lationes</strong></span> <span class='ocrx_word' id='word_1_61' title='bbox 392 1280 583 1359; x_wconf 84' lang='lat' dir='ltr'><strong>propositor,</strong></span> <span class='ocrx_word' id='word_1_62' title='bbox 612 1277 756 1358; x_wconf 83' lang='lat' dir='ltr'><strong>Spiritum</strong></span> <span class='ocrx_word' id='word_1_63' title='bbox 782 1284 864 1340; x_wconf 84' lang='lat' dir='ltr'><strong>mam</strong></span> <span class='ocrx_word' id='word_1_64' title='bbox 890 1287 1027 1341; x_wconf 84' lang='lat' dir='ltr'><strong>sanctam</strong></span> <span class='ocrx_word' id='word_1_65' title='bbox 1055 1286 1086 1340; x_wconf 86' lang='lat' dir='ltr'><strong>et</strong></span> <span class='ocrx_word' id='word_1_66' title='bbox 1105 1281 1322 1359; x_wconf 76' lang='lat' dir='ltr'><strong>vivificantem,</strong></span> <span class='ocrx_word' id='word_1_67' title='bbox 1345 1270 1525 1368; x_wconf 75' lang='grc' dir='ltr'><strong><em>σύνθρονον</em></strong></span> <span class='ocrx_word' id='word_1_68' title='bbox 1546 1282 1611 1358; x_wconf 84' lang='lat' dir='ltr'><strong>tibi,</strong></span> 
     </span>
     <span class='ocr_line' id='line_1_8' title="bbox 239 1377 1611 1461; baseline -0.001 -18"><span class='ocrx_word' id='word_1_69' title='bbox 239 1381 323 1444; x_wconf 79' lang='lat' dir='ltr'><strong>Deus</strong></span> <span class='ocrx_word' id='word_1_70' title='bbox 341 1388 448 1461; x_wconf 87' lang='lat' dir='ltr'><strong>poter,</strong></span> <span class='ocrx_word' id='word_1_71' title='bbox 471 1397 538 1442; x_wconf 85' lang='lat' dir='ltr'><strong>eum</strong></span> <span class='ocrx_word' id='word_1_72' title='bbox 557 1380 620 1458; x_wconf 72' lang='lat' dir='ltr'><strong>tilio</strong></span> <span class='ocrx_word' id='word_1_73' title='bbox 644 1385 889 1458; x_wconf 80' lang='lat' dir='ltr'><strong>comrepcoatem,</strong></span> <span class='ocrx_word' id='word_1_74' title='bbox 911 1377 1196 1440; x_wconf 78' lang='lat' dir='ltr'><strong>cmmtbstoottotem</strong></span> <span class='ocrx_word' id='word_1_75' title='bbox 1216 1386 1246 1441; x_wconf 89' lang='lat' dir='ltr'><strong>et</strong></span> <span class='ocrx_word' id='word_1_76' title='bbox 1257 1386 1466 1442; x_wconf 82' lang='lat' dir='ltr'><strong>coaeternam:</strong></span> <span class='ocrx_word' id='word_1_77' title='bbox 1489 1381 1541 1460; x_wconf 82' lang='lat' dir='ltr'><strong>qui</strong></span> <span class='ocrx_word' id='word_1_78' title='bbox 1561 1380 1611 1442; x_wconf 91' lang='lat' dir='ltr'><strong>lo-</strong></span> 
     </span>
     <span class='ocr_line' id='line_1_9' title="bbox 240 1477 1611 1560; baseline -0.002 -16"><span class='ocrx_word' id='word_1_79' title='bbox 240 1488 327 1544; x_wconf 83' lang='lat' dir='ltr'><strong>cutus</strong></span> <span class='ocrx_word' id='word_1_80' title='bbox 348 1488 395 1542; x_wconf 85' lang='lat' dir='ltr'><strong>est</strong></span> <span class='ocrx_word' id='word_1_81' title='bbox 415 1480 447 1541; x_wconf 85' lang='lat' dir='ltr'><strong>io</strong></span> <span class='ocrx_word' id='word_1_82' title='bbox 468 1477 564 1559; x_wconf 75' lang='lat' dir='ltr'><strong>Leqe,</strong></span> <span class='ocrx_word' id='word_1_83' title='bbox 585 1477 745 1557; x_wconf 75' lang='lat' dir='ltr'><em>Prophetis</em></span> <span class='ocrx_word' id='word_1_84' title='bbox 773 1485 803 1539; x_wconf 89' lang='lat' dir='ltr'><strong>et</strong></span> <span class='ocrx_word' id='word_1_85' title='bbox 825 1477 1008 1540; x_wconf 82' lang='lat' dir='ltr'><strong>Teatomeoto</strong></span> <span class='ocrx_word' id='word_1_86' title='bbox 1036 1485 1087 1540; x_wconf 86' lang='lat' dir='ltr'><strong>tuo</strong></span> <span class='ocrx_word' id='word_1_87' title='bbox 1115 1496 1211 1539; x_wconf 85' lang='lat' dir='ltr'><strong>occo:</strong></span> <span class='ocrx_word' id='word_1_88' title='bbox 1239 1479 1291 1558; x_wconf 81' lang='lat' dir='ltr'><strong>pot</strong></span> <span class='ocrx_word' id='word_1_89' title='bbox 1319 1477 1473 1540; x_wconf 82' lang='lat' dir='ltr'><strong>columboe</strong></span> <span class='ocrx_word' id='word_1_90' title='bbox 1500 1481 1611 1560; x_wconf 86' lang='lat' dir='ltr'><strong>specie,</strong></span> 
     </span>
     <span class='ocr_line' id='line_1_10' title="bbox 238 1575 1614 1661; baseline 0 -20"><span class='ocrx_word' id='word_1_91' title='bbox 238 1599 332 1661; x_wconf 75' lang='lat' dir='ltr'><strong>svper</strong></span> <span class='ocrx_word' id='word_1_92' title='bbox 356 1578 461 1642; x_wconf 80' lang='lat' dir='ltr'><strong>Jemm</strong></span> <span class='ocrx_word' id='word_1_93' title='bbox 488 1575 640 1640; x_wconf 75' lang='lat' dir='ltr'><strong>Oba-istum</strong></span> <span class='ocrx_word' id='word_1_94' title='bbox 671 1576 831 1638; x_wconf 83' lang='lat' dir='ltr'><strong>Domirmm</strong></span> <span class='ocrx_word' id='word_1_95' title='bbox 857 1584 1007 1651; x_wconf 77' lang='lat' dir='ltr'><strong>menum,</strong></span> <span class='ocrx_word' id='word_1_96' title='bbox 1036 1578 1069 1639; x_wconf 84' lang='lat' dir='ltr'><strong>ia</strong></span> <span class='ocrx_word' id='word_1_97' title='bbox 1096 1576 1235 1638; x_wconf 74' lang='lat' dir='ltr'><strong>dordone</strong></span> <span class='ocrx_word' id='word_1_98' title='bbox 1260 1575 1352 1656; x_wconf 66' lang='lat' dir='ltr'><strong>pluvio</strong></span> <span class='ocrx_word' id='word_1_99' title='bbox 1379 1578 1550 1654; x_wconf 76' lang='lat' dir='ltr'><strong>descmtdit,</strong></span> <span class='ocrx_word' id='word_1_100' title='bbox 1583 1586 1614 1641; x_wconf 86' lang='lat' dir='ltr'><strong>et</strong></span> 
     </span>
     <span class='ocr_line' id='line_1_11' title="bbox 239 1673 1611 1764; baseline -0.001 -24"><span class='ocrx_word' id='word_1_101' title='bbox 239 1674 509 1764; x_wconf 73' lang='lat' dir='ltr'><strong>ruperlApostotos</strong></span> <span class='ocrx_word' id='word_1_102' title='bbox 530 1684 654 1739; x_wconf 78' lang='lat' dir='ltr'><strong>coactos</strong></span> <span class='ocrx_word' id='word_1_103' title='bbox 674 1677 830 1756; x_wconf 70' lang='grc' dir='ltr'><strong><em>ιὀνιεονιινο</em></strong></span> <span class='ocrx_word' id='word_1_104' title='bbox 851 1676 1021 1755; x_wconf 52' lang='lat' dir='ltr'><strong>&amp;quorum</strong></span> <span class='ocrx_word' id='word_1_105' title='bbox 1039 1673 1144 1753; x_wconf 75' lang='lat' dir='ltr'><strong>formo</strong></span> <span class='ocrx_word' id='word_1_106' title='bbox 1165 1683 1213 1737; x_wconf 87' lang='lat' dir='ltr'><strong>est</strong></span> <span class='ocrx_word' id='word_1_107' title='bbox 1225 1675 1370 1756; x_wconf 80' lang='lat' dir='ltr'><strong>illopats:</strong></span> <span class='ocrx_word' id='word_1_108' title='bbox 1392 1683 1426 1738; x_wconf 88' lang='lat' dir='ltr'><strong>ut</strong></span> <span class='ocrx_word' id='word_1_109' title='bbox 1446 1677 1611 1740; x_wconf 76' lang='lat' dir='ltr'><strong>aduaticos</strong></span> 
     </span>
     <span class='ocr_line' id='line_1_12' title="bbox 239 1775 1612 1861; baseline -0.001 -20"><span class='ocrx_word' id='word_1_110' title='bbox 239 1777 355 1861; x_wconf 72' lang='lat' dir='ltr'><strong>efficiat</strong></span> <span class='ocrx_word' id='word_1_111' title='bbox 371 1795 483 1857; x_wconf 84' lang='lat' dir='ltr'><strong>ponem</strong></span> <span class='ocrx_word' id='word_1_112' title='bbox 503 1777 594 1838; x_wconf 78' lang='lat' dir='ltr'><strong>isam</strong></span> <span class='ocrx_word' id='word_1_113' title='bbox 615 1792 725 1854; x_wconf 82' lang='lat' dir='ltr'><strong>corpus</strong></span> <span class='ocrx_word' id='word_1_114' title='bbox 745 1775 910 1853; x_wconf 70' lang='lat' dir='ltr'><strong>vivificum,</strong></span> <span class='ocrx_word' id='word_1_115' title='bbox 933 1793 1045 1853; x_wconf 79' lang='lat' dir='ltr'><strong>corpus</strong></span> <span class='ocrx_word' id='word_1_116' title='bbox 1067 1775 1217 1849; x_wconf 86' lang='lat' dir='ltr'><strong>solutore,</strong></span> <span class='ocrx_word' id='word_1_117' title='bbox 1239 1793 1351 1854; x_wconf 82' lang='lat' dir='ltr'><strong>corpas</strong></span> <span class='ocrx_word' id='word_1_118' title='bbox 1373 1776 1515 1851; x_wconf 85' lang='lat' dir='ltr'><strong>coeleste,</strong></span> <span class='ocrx_word' id='word_1_119' title='bbox 1538 1795 1612 1839; x_wconf 53' lang='lat' dir='ltr'><strong>coru</strong></span> 
     </span>
     <span class='ocr_line' id='line_1_13' title="bbox 237 1873 1612 1958; baseline -0.001 -18"><span class='ocrx_word' id='word_1_120' title='bbox 237 1897 296 1958; x_wconf 84' lang='lat' dir='ltr'><strong>pus</strong></span> <span class='ocrx_word' id='word_1_121' title='bbox 317 1875 478 1940; x_wconf 73' lang='lat' dir='ltr'><strong>ammona</strong></span> <span class='ocrx_word' id='word_1_122' title='bbox 499 1882 529 1936; x_wconf 89' lang='lat' dir='ltr'><strong>et</strong></span> <span class='ocrx_word' id='word_1_123' title='bbox 549 1873 727 1954; x_wconf 77' lang='lat' dir='ltr'><strong>corporibus</strong></span> <span class='ocrx_word' id='word_1_124' title='bbox 748 1873 875 1935; x_wconf 81' lang='lat' dir='ltr'><strong>salutem</strong></span> <span class='ocrx_word' id='word_1_125' title='bbox 889 1880 1071 1952; x_wconf 83' lang='lat' dir='ltr'><strong>praestans,</strong></span> <span class='ocrx_word' id='word_1_126' title='bbox 1093 1893 1205 1953; x_wconf 80' lang='lat' dir='ltr'><strong>cmpos</strong></span> <span class='ocrx_word' id='word_1_127' title='bbox 1224 1873 1348 1936; x_wconf 83' lang='lat' dir='ltr'><strong>Domini</strong></span> <span class='ocrx_word' id='word_1_128' title='bbox 1366 1873 1427 1936; x_wconf 87' lang='lat' dir='ltr'><strong>Dei</strong></span> <span class='ocrx_word' id='word_1_129' title='bbox 1447 1881 1478 1936; x_wconf 92' lang='lat' dir='ltr'><strong>et</strong></span> <span class='ocrx_word' id='word_1_130' title='bbox 1496 1875 1612 1938; x_wconf 84' lang='lat' dir='ltr'><strong>Soleo·</strong></span> 
     </span>
     <span class='ocr_line' id='line_1_14' title="bbox 239 1971 1612 2064; baseline -0.001 -25"><span class='ocrx_word' id='word_1_131' title='bbox 239 1979 315 2064; x_wconf 78' lang='lat' dir='ltr'><strong>toris</strong></span> <span class='ocrx_word' id='word_1_132' title='bbox 335 1976 435 2039; x_wconf 81' lang='lat' dir='ltr'><strong>rcostri</strong></span> <span class='ocrx_word' id='word_1_133' title='bbox 454 1973 529 2036; x_wconf 74' lang='lat' dir='ltr'><strong>deso</strong></span> <span class='ocrx_word' id='word_1_134' title='bbox 540 1971 668 2047; x_wconf 71' lang='lat' dir='ltr'><strong>Christi,</strong></span> <span class='ocrx_word' id='word_1_135' title='bbox 690 1975 722 2034; x_wconf 85' lang='lat' dir='ltr'><strong>io</strong></span> <span class='ocrx_word' id='word_1_136' title='bbox 743 1973 951 2035; x_wconf 72' lang='lat' dir='ltr'><strong><em>remissionem</em></strong></span> <span class='ocrx_word' id='word_1_137' title='bbox 969 1980 1166 2052; x_wconf 85' lang='lat' dir='ltr'><strong>peccatorum</strong></span> <span class='ocrx_word' id='word_1_138' title='bbox 1187 1981 1217 2034; x_wconf 90' lang='lat' dir='ltr'><strong>et</strong></span> <span class='ocrx_word' id='word_1_139' title='bbox 1230 1975 1324 2035; x_wconf 86' lang='lat' dir='ltr'><strong>citam</strong></span> <span class='ocrx_word' id='word_1_140' title='bbox 1336 1982 1500 2050; x_wconf 85' lang='lat' dir='ltr'><strong>aeternam,</strong></span> <span class='ocrx_word' id='word_1_141' title='bbox 1523 1978 1612 2038; x_wconf 82' lang='lat' dir='ltr'><strong>occi-</strong></span> 
     </span>
     <span class='ocr_line' id='line_1_15' title="bbox 237 2069 1613 2158; baseline -0.001 -20"><span class='ocrx_word' id='word_1_142' title='bbox 237 2074 391 2158; x_wconf 82' lang='lat' dir='ltr'><strong>pieott&#39;bus</strong></span> <span class='ocrx_word' id='word_1_143' title='bbox 412 2073 494 2137; x_wconf 85' lang='lat' dir='ltr'><strong>illud.</strong></span> <span class='ocrx_word' id='word_1_144' title='bbox 540 2071 672 2154; x_wconf 84' lang='lat' dir='ltr'><strong>Populus</strong></span> <span class='ocrx_word' id='word_1_145' title='bbox 694 2069 799 2133; x_wconf 78' lang='lat' dir='ltr'><strong><em>Ammo.</em></strong></span> <span class='ocrx_word' id='word_1_146' title='bbox 844 2070 886 2132; x_wconf 83' lang='lat' dir='ltr'><strong>Et</strong></span> <span class='ocrx_word' id='word_1_147' title='bbox 904 2073 1024 2132; x_wconf 84' lang='lat' dir='ltr'><strong>mistum</strong></span> <span class='ocrx_word' id='word_1_148' title='bbox 1045 2071 1126 2152; x_wconf 80' lang='lat' dir='ltr'><strong>prtod</strong></span> <span class='ocrx_word' id='word_1_149' title='bbox 1146 2073 1179 2133; x_wconf 85' lang='lat' dir='ltr'><strong>in</strong></span> <span class='ocrx_word' id='word_1_150' title='bbox 1199 2072 1257 2134; x_wconf 84' lang='lat' dir='ltr'><strong>boc</strong></span> <span class='ocrx_word' id='word_1_151' title='bbox 1286 2073 1382 2134; x_wconf 88' lang='lat' dir='ltr'><strong>colice</strong></span> <span class='ocrx_word' id='word_1_152' title='bbox 1412 2079 1476 2148; x_wconf 86' lang='lat' dir='ltr'><strong>cst,</strong></span> <span class='ocrx_word' id='word_1_153' title='bbox 1498 2071 1613 2154; x_wconf 68' lang='lat' dir='ltr'><strong>affimat</strong></span> 
     </span>
     <span class='ocr_line' id='line_1_16' title="bbox 239 2169 1611 2255; baseline -0.005 -16"><span class='ocrx_word' id='word_1_154' title='bbox 239 2175 416 2255; x_wconf 67' lang='lat' dir='ltr'><strong>conpuncto</strong></span> <span class='ocrx_word' id='word_1_155' title='bbox 439 2172 620 2234; x_wconf 73' lang='lat' dir='ltr'><em>Testamenti</em></span> <span class='ocrx_word' id='word_1_156' title='bbox 638 2172 727 2246; x_wconf 84' lang='lat' dir='ltr'><strong>occi,</strong></span> <span class='ocrx_word' id='word_1_157' title='bbox 750 2172 925 2252; x_wconf 75' lang='lat' dir='ltr'><strong>soopainem</strong></span> <span class='ocrx_word' id='word_1_158' title='bbox 947 2169 1127 2244; x_wconf 71' lang='lat' dir='ltr'><strong>solutores,</strong></span> <span class='ocrx_word' id='word_1_159' title='bbox 1150 2171 1326 2251; x_wconf 75' lang='lat' dir='ltr'><strong>socpamem</strong></span> <span class='ocrx_word' id='word_1_160' title='bbox 1348 2171 1515 2251; x_wconf 75' lang='lat' dir='ltr'><strong>vivificum,</strong></span> <span class='ocrx_word' id='word_1_161' title='bbox 1534 2189 1611 2233; x_wconf 83' lang='lat' dir='ltr'><strong>soa-</strong></span> 
     </span>
     <span class='ocr_line' id='line_1_17' title="bbox 238 2268 1611 2354; baseline -0.001 -20"><span class='ocrx_word' id='word_1_162' title='bbox 238 2275 358 2354; x_wconf 78' lang='lat' dir='ltr'><strong>paiuem</strong></span> <span class='ocrx_word' id='word_1_163' title='bbox 384 2272 555 2346; x_wconf 80' lang='lat' dir='ltr'><strong>coelestem,</strong></span> <span class='ocrx_word' id='word_1_164' title='bbox 585 2271 761 2350; x_wconf 73' lang='lat' dir='ltr'><strong>mrtpuioem</strong></span> <span class='ocrx_word' id='word_1_165' title='bbox 787 2271 840 2350; x_wconf 80' lang='lat' dir='ltr'><strong>poi</strong></span> <span class='ocrx_word' id='word_1_166' title='bbox 864 2268 1025 2330; x_wconf 74' lang='lat' dir='ltr'><strong>animabus</strong></span> <span class='ocrx_word' id='word_1_167' title='bbox 1053 2276 1084 2329; x_wconf 91' lang='lat' dir='ltr'><strong>et</strong></span> <span class='ocrx_word' id='word_1_168' title='bbox 1109 2269 1289 2349; x_wconf 77' lang='lat' dir='ltr'><strong><em>corporibus</em></strong></span> <span class='ocrx_word' id='word_1_169' title='bbox 1315 2270 1442 2332; x_wconf 70' lang='lat' dir='ltr'><strong>sdutem</strong></span> <span class='ocrx_word' id='word_1_170' title='bbox 1464 2278 1611 2351; x_wconf 86' lang='lat' dir='ltr'><strong>praestet,</strong></span> 
     </span>
     <span class='ocr_line' id='line_1_18' title="bbox 239 2366 1612 2452; baseline -0.001 -20"><span class='ocrx_word' id='word_1_171' title='bbox 239 2373 417 2452; x_wconf 65' lang='lat' dir='ltr'><strong>melanem</strong></span> <span class='ocrx_word' id='word_1_172' title='bbox 442 2369 582 2444; x_wconf 83' lang='lat' dir='ltr'><strong>Domini,</strong></span> <span class='ocrx_word' id='word_1_173' title='bbox 611 2368 669 2430; x_wconf 81' lang='lat' dir='ltr'><strong>Dei</strong></span> <span class='ocrx_word' id='word_1_174' title='bbox 702 2375 733 2430; x_wconf 91' lang='lat' dir='ltr'><strong>et</strong></span> <span class='ocrx_word' id='word_1_175' title='bbox 758 2367 930 2430; x_wconf 84' lang='lat' dir='ltr'><strong>Solcotoris</strong></span> <span class='ocrx_word' id='word_1_176' title='bbox 955 2369 1054 2430; x_wconf 76' lang='lat' dir='ltr'><strong>mosot</strong></span> <span class='ocrx_word' id='word_1_177' title='bbox 1081 2367 1156 2429; x_wconf 80' lang='lat' dir='ltr'><strong>deso</strong></span> <span class='ocrx_word' id='word_1_178' title='bbox 1185 2366 1312 2444; x_wconf 73' lang='lat' dir='ltr'><strong>Christi,</strong></span> <span class='ocrx_word' id='word_1_179' title='bbox 1342 2371 1375 2430; x_wconf 86' lang='lat' dir='ltr'><strong>ia</strong></span> <span class='ocrx_word' id='word_1_180' title='bbox 1403 2371 1612 2431; x_wconf 79' lang='lat' dir='ltr'><strong>remissionem</strong></span> 
     </span>
     <span class='ocr_line' id='line_1_19' title="bbox 235 2466 1611 2551; baseline 0 -19"><span class='ocrx_word' id='word_1_181' title='bbox 235 2477 433 2551; x_wconf 84' lang='lat' dir='ltr'><strong>peccatoram</strong></span> <span class='ocrx_word' id='word_1_182' title='bbox 462 2476 492 2531; x_wconf 89' lang='lat' dir='ltr'><strong>et</strong></span> <span class='ocrx_word' id='word_1_183' title='bbox 519 2470 613 2530; x_wconf 84' lang='lat' dir='ltr'><strong>citum</strong></span> <span class='ocrx_word' id='word_1_184' title='bbox 640 2474 796 2528; x_wconf 78' lang='lat' dir='ltr'><strong>aetenam</strong></span> <span class='ocrx_word' id='word_1_185' title='bbox 825 2467 1056 2546; x_wconf 59' lang='lat' dir='ltr'><strong>mamanibus</strong></span> <span class='ocrx_word' id='word_1_186' title='bbox 1083 2467 1182 2543; x_wconf 63' lang='lat' dir='ltr'><strong>illum</strong></span> <span class='ocrx_word' id='word_1_187' title='bbox 1214 2474 1271 2530; x_wconf 71' lang='lat' dir='ltr'><strong>etc,</strong></span> <span class='ocrx_word' id='word_1_188' title='bbox 1314 2466 1414 2548; x_wconf 81' lang='lat' dir='ltr'><em>Atque</em></span> <span class='ocrx_word' id='word_1_189' title='bbox 1444 2467 1514 2530; x_wconf 90' lang='lat' dir='ltr'><strong>illae</strong></span> <span class='ocrx_word' id='word_1_190' title='bbox 1542 2476 1611 2532; x_wconf 90' lang='lat' dir='ltr'><strong>sunt</strong></span> 
     </span>
     <span class='ocr_line' id='line_1_20' title="bbox 239 2565 1613 2650; baseline -0.001 -19"><span class='ocrx_word' id='word_1_191' title='bbox 239 2569 423 2650; x_wconf 79' lang='lat' dir='ltr'><strong>praecipuae</strong></span> <span class='ocrx_word' id='word_1_192' title='bbox 446 2566 604 2630; x_wconf 89' lang='lat' dir='ltr'><strong>invocandi</strong></span> <span class='ocrx_word' id='word_1_193' title='bbox 627 2565 754 2647; x_wconf 85' lang='lat' dir='ltr'><strong>Spiritus</strong></span> <span class='ocrx_word' id='word_1_194' title='bbox 778 2566 873 2629; x_wconf 91' lang='lat' dir='ltr'><strong>sancti</strong></span> <span class='ocrx_word' id='word_1_195' title='bbox 895 2565 1059 2643; x_wconf 78' lang='lat' dir='ltr'><strong>tonnulae,</strong></span> <span class='ocrx_word' id='word_1_196' title='bbox 1083 2584 1157 2646; x_wconf 88' lang='lat' dir='ltr'><strong>quas</strong></span> <span class='ocrx_word' id='word_1_197' title='bbox 1181 2566 1352 2630; x_wconf 86' lang='lat' dir='ltr'><strong>Orientales</strong></span> <span class='ocrx_word' id='word_1_198' title='bbox 1378 2567 1534 2650; x_wconf 79' lang='lat' dir='ltr'><strong>liturgiae</strong></span> <span class='ocrx_word' id='word_1_199' title='bbox 1556 2585 1613 2630; x_wconf 91' lang='lat' dir='ltr'><strong>no-</strong></span> 
     </span>
     <span class='ocr_line' id='line_1_21' title="bbox 238 2665 1612 2747; baseline -0.001 -15"><span class='ocrx_word' id='word_1_200' title='bbox 238 2668 286 2732; x_wconf 91' lang='lat' dir='ltr'><strong>bis</strong></span> <span class='ocrx_word' id='word_1_201' title='bbox 309 2667 550 2744; x_wconf 82' lang='lat' dir='ltr'><strong>subministrant,</strong></span> <span class='ocrx_word' id='word_1_202' title='bbox 571 2665 611 2729; x_wconf 92' lang='lat' dir='ltr'><strong>de</strong></span> <span class='ocrx_word' id='word_1_203' title='bbox 633 2665 742 2747; x_wconf 86' lang='lat' dir='ltr'><strong>quibus</strong></span> <span class='ocrx_word' id='word_1_204' title='bbox 763 2682 825 2728; x_wconf 90' lang='lat' dir='ltr'><strong>non</strong></span> <span class='ocrx_word' id='word_1_205' title='bbox 846 2667 1080 2747; x_wconf 79' lang='lat' dir='ltr'><strong>praecipitanter</strong></span> <span class='ocrx_word' id='word_1_206' title='bbox 1102 2665 1180 2728; x_wconf 91' lang='lat' dir='ltr'><strong>adeo</strong></span> <span class='ocrx_word' id='word_1_207' title='bbox 1204 2665 1399 2747; x_wconf 85' lang='lat' dir='ltr'><strong>judicandum</strong></span> <span class='ocrx_word' id='word_1_208' title='bbox 1428 2675 1492 2747; x_wconf 90' lang='lat' dir='ltr'><strong>est,</strong></span> <span class='ocrx_word' id='word_1_209' title='bbox 1524 2685 1612 2747; x_wconf 69' lang='lat' dir='ltr'><strong>maur</strong></span> 
     </span>
     <span class='ocr_line' id='line_1_22' title="bbox 239 2764 1612 2848; baseline -0.001 -18"><span class='ocrx_word' id='word_1_210' title='bbox 239 2769 379 2831; x_wconf 89' lang='lat' dir='ltr'><strong>amultis</strong></span> <span class='ocrx_word' id='word_1_211' title='bbox 402 2767 553 2848; x_wconf 86' lang='lat' dir='ltr'><strong>superiori</strong></span> <span class='ocrx_word' id='word_1_212' title='bbox 575 2775 607 2828; x_wconf 92' lang='lat' dir='ltr'><strong>et</strong></span> <span class='ocrx_word' id='word_1_213' title='bbox 628 2773 733 2829; x_wconf 90' lang='lat' dir='ltr'><strong>nostro</strong></span> <span class='ocrx_word' id='word_1_214' title='bbox 755 2765 878 2828; x_wconf 88' lang='lat' dir='ltr'><strong>saeculo</strong></span> <span class='ocrx_word' id='word_1_215' title='bbox 900 2765 1099 2847; x_wconf 84' lang='lat' dir='ltr'><strong>scriptoribus</strong></span> <span class='ocrx_word' id='word_1_216' title='bbox 1114 2764 1224 2828; x_wconf 88' lang='lat' dir='ltr'><strong>iactum</strong></span> <span class='ocrx_word' id='word_1_217' title='bbox 1236 2765 1383 2845; x_wconf 90' lang='lat' dir='ltr'><strong>dolemus,</strong></span> <span class='ocrx_word' id='word_1_218' title='bbox 1406 2785 1474 2828; x_wconf 92' lang='lat' dir='ltr'><strong>cum</strong></span> <span class='ocrx_word' id='word_1_219' title='bbox 1487 2765 1612 2828; x_wconf 86' lang='lat' dir='ltr'><strong>damna-</strong></span> 
     </span>
     <span class='ocr_line' id='line_1_23' title="bbox 238 2863 1612 2948; baseline -0.001 -20"><span class='ocrx_word' id='word_1_220' title='bbox 238 2875 349 2930; x_wconf 90' lang='lat' dir='ltr'><strong>verunt</strong></span> <span class='ocrx_word' id='word_1_221' title='bbox 370 2868 488 2948; x_wconf 91' lang='lat' dir='ltr'><strong>privato</strong></span> <span class='ocrx_word' id='word_1_222' title='bbox 510 2883 566 2928; x_wconf 92' lang='lat' dir='ltr'><strong>suo</strong></span> <span class='ocrx_word' id='word_1_223' title='bbox 585 2865 714 2948; x_wconf 87' lang='lat' dir='ltr'><strong>judicio,</strong></span> <span class='ocrx_word' id='word_1_224' title='bbox 738 2884 815 2947; x_wconf 84' lang='lat' dir='ltr'><strong>quae</strong></span> <span class='ocrx_word' id='word_1_225' title='bbox 837 2866 961 2946; x_wconf 78' lang='lat' dir='ltr'><strong>vigente</strong></span> <span class='ocrx_word' id='word_1_226' title='bbox 984 2866 1064 2928; x_wconf 90' lang='lat' dir='ltr'><strong>inter</strong></span> <span class='ocrx_word' id='word_1_227' title='bbox 1087 2863 1282 2928; x_wconf 86' lang='lat' dir='ltr'><strong>Occidentem</strong></span> <span class='ocrx_word' id='word_1_228' title='bbox 1301 2865 1515 2948; x_wconf 88' lang='lat' dir='ltr'><strong>Orientemque</strong></span> <span class='ocrx_word' id='word_1_229' title='bbox 1533 2883 1612 2928; x_wconf 92' lang='lat' dir='ltr'><strong>con-</strong></span> 
     </span>
     <span class='ocr_line' id='line_1_24' title="bbox 240 2963 1613 3046; baseline -0.001 -17"><span class='ocrx_word' id='word_1_230' title='bbox 240 2967 361 3045; x_wconf 88' lang='lat' dir='ltr'><strong>cordia,</strong></span> <span class='ocrx_word' id='word_1_231' title='bbox 385 2967 415 3028; x_wconf 94' lang='lat' dir='ltr'><strong>in</strong></span> <span class='ocrx_word' id='word_1_232' title='bbox 438 2965 578 3040; x_wconf 90' lang='lat' dir='ltr'><strong>Graecis,</strong></span> <span class='ocrx_word' id='word_1_233' title='bbox 602 2963 689 3046; x_wconf 87' lang='lat' dir='ltr'><strong>Syris</strong></span> <span class='ocrx_word' id='word_1_234' title='bbox 712 2970 743 3026; x_wconf 95' lang='lat' dir='ltr'><strong>et</strong></span> <span class='ocrx_word' id='word_1_235' title='bbox 765 2965 847 3041; x_wconf 90' lang='lat' dir='ltr'><strong>aliis,</strong></span> <span class='ocrx_word' id='word_1_236' title='bbox 876 2963 1014 3027; x_wconf 86' lang='lat' dir='ltr'><strong>Ecclesia</strong></span> <span class='ocrx_word' id='word_1_237' title='bbox 1041 2964 1183 3027; x_wconf 89' lang='lat' dir='ltr'><strong>universa</strong></span> <span class='ocrx_word' id='word_1_238' title='bbox 1213 2972 1244 3027; x_wconf 91' lang='lat' dir='ltr'><strong>et</strong></span> <span class='ocrx_word' id='word_1_239' title='bbox 1272 2965 1338 3045; x_wconf 88' lang='lat' dir='ltr'><strong>ipsa</strong></span> <span class='ocrx_word' id='word_1_240' title='bbox 1365 2966 1497 3028; x_wconf 85' lang='lat' dir='ltr'><strong>Romana</strong></span> <span class='ocrx_word' id='word_1_241' title='bbox 1525 2985 1613 3028; x_wconf 89' lang='lat' dir='ltr'><strong>com-</strong></span> 
     </span>
     <span class='ocr_line' id='line_1_25' title="bbox 239 3063 1613 3146; baseline 0.003 -20"><span class='ocrx_word' id='word_1_242' title='bbox 239 3065 391 3144; x_wconf 87' lang='lat' dir='ltr'><strong>probavit.</strong></span> <span class='ocrx_word' id='word_1_243' title='bbox 434 3065 529 3146; x_wconf 81' lang='lat' dir='ltr'><strong>lgitur</strong></span> <span class='ocrx_word' id='word_1_244' title='bbox 551 3084 591 3127; x_wconf 88' lang='lat' dir='ltr'><strong>cx</strong></span> <span class='ocrx_word' id='word_1_245' title='bbox 614 3065 837 3144; x_wconf 76' lang='lat' dir='ltr'><strong>computatione</strong></span> <span class='ocrx_word' id='word_1_246' title='bbox 861 3064 1047 3127; x_wconf 89' lang='lat' dir='ltr'><strong>diversarum</strong></span> <span class='ocrx_word' id='word_1_247' title='bbox 1069 3063 1262 3127; x_wconf 80' lang='lat' dir='ltr'><strong>formularum</strong></span> <span class='ocrx_word' id='word_1_248' title='bbox 1284 3083 1358 3146; x_wconf 90' lang='lat' dir='ltr'><strong>quas</strong></span> <span class='ocrx_word' id='word_1_249' title='bbox 1386 3065 1557 3145; x_wconf 91' lang='lat' dir='ltr'><strong>retulimus,</strong></span> <span class='ocrx_word' id='word_1_250' title='bbox 1582 3074 1613 3130; x_wconf 90' lang='lat' dir='ltr'><strong>et</strong></span> 
     </span>
     <span class='ocr_line' id='line_1_26' title="bbox 239 3162 1611 3245; baseline 0.001 -19"><span class='ocrx_word' id='word_1_251' title='bbox 239 3163 364 3228; x_wconf 90' lang='lat' dir='ltr'><strong>aliarum</strong></span> <span class='ocrx_word' id='word_1_252' title='bbox 384 3164 596 3245; x_wconf 85' lang='lat' dir='ltr'><strong>plurimarum,</strong></span> <span class='ocrx_word' id='word_1_253' title='bbox 623 3181 698 3244; x_wconf 88' lang='lat' dir='ltr'><strong>quas</strong></span> <span class='ocrx_word' id='word_1_254' title='bbox 721 3169 834 3226; x_wconf 90' lang='lat' dir='ltr'><strong>tantum</strong></span> <span class='ocrx_word' id='word_1_255' title='bbox 856 3162 1094 3244; x_wconf 80' lang='lat' dir='ltr'><strong>designavimus,</strong></span> <span class='ocrx_word' id='word_1_256' title='bbox 1124 3172 1185 3226; x_wconf 89' lang='lat' dir='ltr'><strong>tum</strong></span> <span class='ocrx_word' id='word_1_257' title='bbox 1209 3183 1248 3226; x_wconf 87' lang='lat' dir='ltr'><strong>ex</strong></span> <span class='ocrx_word' id='word_1_258' title='bbox 1277 3165 1426 3227; x_wconf 86' lang='lat' dir='ltr'><strong>immutata</strong></span> <span class='ocrx_word' id='word_1_259' title='bbox 1456 3183 1513 3245; x_wconf 91' lang='lat' dir='ltr'><strong>per</strong></span> <span class='ocrx_word' id='word_1_260' title='bbox 1542 3165 1611 3228; x_wconf 90' lang='lat' dir='ltr'><strong>edi-</strong></span> 
     </span>
     <span class='ocr_line' id='line_1_27' title="bbox 239 3262 1609 3345; baseline 0.001 -20"><span class='ocrx_word' id='word_1_261' title='bbox 239 3271 322 3328; x_wconf 87' lang='lat' dir='ltr'><strong>tores</strong></span> <span class='ocrx_word' id='word_1_262' title='bbox 345 3263 586 3327; x_wconf 86' lang='lat' dir='ltr'><strong>blaroniticarum</strong></span> <span class='ocrx_word' id='word_1_263' title='bbox 609 3264 758 3338; x_wconf 89' lang='lat' dir='ltr'><strong>lectione,</strong></span> <span class='ocrx_word' id='word_1_264' title='bbox 780 3271 813 3326; x_wconf 93' lang='lat' dir='ltr'><strong>ut</strong></span> <span class='ocrx_word' id='word_1_265' title='bbox 835 3270 867 3324; x_wconf 91' lang='lat' dir='ltr'><strong>et</strong></span> <span class='ocrx_word' id='word_1_266' title='bbox 889 3262 1082 3344; x_wconf 88' lang='lat' dir='ltr'><strong>quarumdam</strong></span> <span class='ocrx_word' id='word_1_267' title='bbox 1104 3263 1245 3338; x_wconf 88' lang='lat' dir='ltr'><strong>aliarum,</strong></span> <span class='ocrx_word' id='word_1_268' title='bbox 1268 3282 1346 3345; x_wconf 90' lang='lat' dir='ltr'><strong>quae</strong></span> <span class='ocrx_word' id='word_1_269' title='bbox 1360 3266 1485 3327; x_wconf 90' lang='lat' dir='ltr'><strong>mutatio</strong></span> <span class='ocrx_word' id='word_1_270' title='bbox 1510 3270 1609 3326; x_wconf 90' lang='lat' dir='ltr'><strong>tamen</strong></span> 
     </span>
     <span class='ocr_line' id='line_1_28' title="bbox 238 3357 1610 3444; baseline 0 -19"><span class='ocrx_word' id='word_1_271' title='bbox 238 3363 317 3426; x_wconf 89' lang='lat' dir='ltr'><strong>intra</strong></span> <span class='ocrx_word' id='word_1_272' title='bbox 338 3363 458 3425; x_wconf 89' lang='lat' dir='ltr'><strong>Latinas</strong></span> <span class='ocrx_word' id='word_1_273' title='bbox 482 3364 639 3426; x_wconf 88' lang='lat' dir='ltr'><strong>versiones</strong></span> <span class='ocrx_word' id='word_1_274' title='bbox 662 3363 811 3439; x_wconf 89' lang='lat' dir='ltr'><strong>constitit,</strong></span> <span class='ocrx_word' id='word_1_275' title='bbox 834 3362 952 3425; x_wconf 91' lang='lat' dir='ltr'><strong>intactis</strong></span> <span class='ocrx_word' id='word_1_276' title='bbox 974 3357 1136 3444; x_wconf 84' lang='lat' dir='ltr'><strong>primaevis</strong></span> <span class='ocrx_word' id='word_1_277' title='bbox 1160 3362 1400 3444; x_wconf 84' lang='lat' dir='ltr'><strong>exemplaribus,</strong></span> <span class='ocrx_word' id='word_1_278' title='bbox 1430 3365 1489 3428; x_wconf 94' lang='lat' dir='ltr'><strong>duo</strong></span> <span class='ocrx_word' id='word_1_279' title='bbox 1512 3365 1610 3426; x_wconf 88' lang='lat' dir='ltr'><strong>mani-</strong></span> 
     </span>
     <span class='ocr_line' id='line_1_29' title="bbox 240 3461 1609 3545; baseline 0.001 -19"><span class='ocrx_word' id='word_1_280' title='bbox 240 3463 317 3526; x_wconf 88' lang='lat' dir='ltr'><strong>lesta</strong></span> <span class='ocrx_word' id='word_1_281' title='bbox 345 3470 424 3526; x_wconf 92' lang='lat' dir='ltr'><strong>sunt.</strong></span> <span class='ocrx_word' id='word_1_282' title='bbox 475 3463 604 3526; x_wconf 90' lang='lat' dir='ltr'><strong>Primum</strong></span> <span class='ocrx_word' id='word_1_283' title='bbox 634 3471 697 3538; x_wconf 89' lang='lat' dir='ltr'><strong>est,</strong></span> <span class='ocrx_word' id='word_1_284' title='bbox 726 3461 951 3525; x_wconf 85' lang='lat' dir='ltr'><strong>invocationem</strong></span> <span class='ocrx_word' id='word_1_285' title='bbox 980 3462 1188 3542; x_wconf 76' lang='lat' dir='ltr'><strong>Aegyptiacae</strong></span> <span class='ocrx_word' id='word_1_286' title='bbox 1218 3461 1390 3543; x_wconf 77' lang='lat' dir='ltr'><strong>liturgiae,</strong></span> <span class='ocrx_word' id='word_1_287' title='bbox 1420 3463 1609 3545; x_wconf 90' lang='lat' dir='ltr'><strong>omniumque</strong></span> 
     </span>
     <span class='ocr_line' id='line_1_30' title="bbox 239 3560 1609 3645; baseline 0.001 -20"><span class='ocrx_word' id='word_1_288' title='bbox 239 3563 439 3644; x_wconf 87' lang='lat' dir='ltr'><strong>reliquarum,</strong></span> <span class='ocrx_word' id='word_1_289' title='bbox 463 3561 587 3624; x_wconf 88' lang='lat' dir='ltr'><strong>Graecis</strong></span> <span class='ocrx_word' id='word_1_290' title='bbox 609 3579 735 3643; x_wconf 88' lang='lat' dir='ltr'><strong>prorsus</strong></span> <span class='ocrx_word' id='word_1_291' title='bbox 757 3562 892 3624; x_wconf 81' lang='lat' dir='ltr'><strong>formulis</strong></span> <span class='ocrx_word' id='word_1_292' title='bbox 916 3578 986 3622; x_wconf 90' lang='lat' dir='ltr'><strong>esse</strong></span> <span class='ocrx_word' id='word_1_293' title='bbox 1009 3560 1152 3623; x_wconf 87' lang='lat' dir='ltr'><strong>similem:</strong></span> <span class='ocrx_word' id='word_1_294' title='bbox 1176 3560 1302 3623; x_wconf 89' lang='lat' dir='ltr'><strong>alterum</strong></span> <span class='ocrx_word' id='word_1_295' title='bbox 1320 3561 1401 3642; x_wconf 84' lang='lat' dir='ltr'><strong>quod</strong></span> <span class='ocrx_word' id='word_1_296' title='bbox 1418 3563 1609 3645; x_wconf 76' lang='lat' dir='ltr'><strong>interpolatio</strong></span> 
     </span>
     <span class='ocr_line' id='line_1_31' title="bbox 240 3659 1611 3745; baseline 0.002 -23"><span class='ocrx_word' id='word_1_297' title='bbox 240 3659 334 3737; x_wconf 85' lang='lat' dir='ltr'><strong>facta,</strong></span> <span class='ocrx_word' id='word_1_298' title='bbox 357 3662 422 3724; x_wconf 88' lang='lat' dir='ltr'><strong>sive</strong></span> <span class='ocrx_word' id='word_1_299' title='bbox 444 3661 475 3724; x_wconf 92' lang='lat' dir='ltr'><strong>in</strong></span> <span class='ocrx_word' id='word_1_300' title='bbox 499 3660 659 3724; x_wconf 81' lang='lat' dir='ltr'><strong>codicibus</strong></span> <span class='ocrx_word' id='word_1_301' title='bbox 681 3663 844 3745; x_wconf 80' lang='lat' dir='ltr'><strong>peregrina</strong></span> <span class='ocrx_word' id='word_1_302' title='bbox 866 3660 968 3741; x_wconf 84' lang='lat' dir='ltr'><strong>lingua</strong></span> <span class='ocrx_word' id='word_1_303' title='bbox 991 3661 1129 3740; x_wconf 87' lang='lat' dir='ltr'><strong>scriptis,</strong></span> <span class='ocrx_word' id='word_1_304' title='bbox 1152 3660 1218 3722; x_wconf 91' lang='lat' dir='ltr'><strong>sive</strong></span> <span class='ocrx_word' id='word_1_305' title='bbox 1240 3661 1269 3722; x_wconf 92' lang='lat' dir='ltr'><strong>in</strong></span> <span class='ocrx_word' id='word_1_306' title='bbox 1287 3678 1392 3723; x_wconf 90' lang='lat' dir='ltr'><strong>eorum</strong></span> <span class='ocrx_word' id='word_1_307' title='bbox 1410 3661 1522 3724; x_wconf 90' lang='lat' dir='ltr'><strong>Latinis</strong></span> <span class='ocrx_word' id='word_1_308' title='bbox 1535 3681 1611 3726; x_wconf 91' lang='lat' dir='ltr'><strong>ver-</strong></span> 
     </span>
     <span class='ocr_line' id='line_1_32' title="bbox 240 3759 1610 3842; baseline 0.001 -19"><span class='ocrx_word' id='word_1_309' title='bbox 240 3761 391 3836; x_wconf 88' lang='lat' dir='ltr'><strong>sionibus,</strong></span> <span class='ocrx_word' id='word_1_310' title='bbox 424 3761 602 3824; x_wconf 90' lang='lat' dir='ltr'><strong>sententiam</strong></span> <span class='ocrx_word' id='word_1_311' title='bbox 631 3762 745 3842; x_wconf 89' lang='lat' dir='ltr'><strong>primae</strong></span> <span class='ocrx_word' id='word_1_312' title='bbox 779 3759 917 3824; x_wconf 89' lang='lat' dir='ltr'><strong>lectionis</strong></span> <span class='ocrx_word' id='word_1_313' title='bbox 953 3761 993 3822; x_wconf 89' lang='lat' dir='ltr'><strong>ita</strong></span> <span class='ocrx_word' id='word_1_314' title='bbox 1021 3767 1198 3835; x_wconf 91' lang='lat' dir='ltr'><strong>commutet,</strong></span> <span class='ocrx_word' id='word_1_315' title='bbox 1233 3768 1263 3822; x_wconf 90' lang='lat' dir='ltr'><strong>ut</strong></span> <span class='ocrx_word' id='word_1_316' title='bbox 1293 3761 1387 3824; x_wconf 88' lang='lat' dir='ltr'><strong>altera</strong></span> <span class='ocrx_word' id='word_1_317' title='bbox 1417 3780 1484 3824; x_wconf 91' lang='lat' dir='ltr'><strong>cum</strong></span> <span class='ocrx_word' id='word_1_318' title='bbox 1515 3761 1610 3826; x_wconf 88' lang='lat' dir='ltr'><strong>altera</strong></span> 
     </span>
     <span class='ocr_line' id='line_1_33' title="bbox 240 3858 1610 3941; baseline 0.001 -18"><span class='ocrx_word' id='word_1_319' title='bbox 240 3859 395 3923; x_wconf 89' lang='lat' dir='ltr'><strong>conciliari</strong></span> <span class='ocrx_word' id='word_1_320' title='bbox 416 3859 496 3922; x_wconf 88' lang='lat' dir='ltr'><strong>nulla</strong></span> <span class='ocrx_word' id='word_1_321' title='bbox 519 3861 636 3923; x_wconf 91' lang='lat' dir='ltr'><strong>ratione</strong></span> <span class='ocrx_word' id='word_1_322' title='bbox 659 3861 764 3941; x_wconf 89' lang='lat' dir='ltr'><strong>possit.</strong></span> <span class='ocrx_word' id='word_1_323' title='bbox 808 3859 883 3922; x_wconf 89' lang='lat' dir='ltr'><strong>Nam</strong></span> <span class='ocrx_word' id='word_1_324' title='bbox 906 3858 1073 3922; x_wconf 89' lang='lat' dir='ltr'><strong>secundum</strong></span> <span class='ocrx_word' id='word_1_325' title='bbox 1096 3858 1175 3921; x_wconf 90' lang='lat' dir='ltr'><strong>illam</strong></span> <span class='ocrx_word' id='word_1_326' title='bbox 1213 3867 1317 3922; x_wconf 91' lang='lat' dir='ltr'><strong>oratur</strong></span> <span class='ocrx_word' id='word_1_327' title='bbox 1344 3859 1426 3922; x_wconf 89' lang='lat' dir='ltr'><strong>Deus</strong></span> <span class='ocrx_word' id='word_1_328' title='bbox 1456 3870 1488 3923; x_wconf 91' lang='lat' dir='ltr'><strong>ut</strong></span> <span class='ocrx_word' id='word_1_329' title='bbox 1516 3863 1610 3925; x_wconf 88' lang='lat' dir='ltr'><strong>mittat</strong></span> 
     </span>
     <span class='ocr_line' id='line_1_34' title="bbox 240 3958 1609 4041; baseline 0.001 -18"><span class='ocrx_word' id='word_1_330' title='bbox 240 3959 382 4040; x_wconf 88' lang='lat' dir='ltr'><strong>Spiritum</strong></span> <span class='ocrx_word' id='word_1_331' title='bbox 404 3967 557 4035; x_wconf 90' lang='lat' dir='ltr'><strong>sanctum,</strong></span> <span class='ocrx_word' id='word_1_332' title='bbox 580 3961 631 4040; x_wconf 85' lang='lat' dir='ltr'><strong>qni</strong></span> <span class='ocrx_word' id='word_1_333' title='bbox 654 3977 710 4022; x_wconf 92' lang='lat' dir='ltr'><strong>suo</strong></span> <span class='ocrx_word' id='word_1_334' title='bbox 732 3959 763 4020; x_wconf 91' lang='lat' dir='ltr'><strong>in</strong></span> <span class='ocrx_word' id='word_1_335' title='bbox 786 3959 864 4022; x_wconf 78' lang='lat' dir='ltr'><strong>dorla</strong></span> <span class='ocrx_word' id='word_1_336' title='bbox 885 3960 1042 4041; x_wconf 90' lang='lat' dir='ltr'><strong>proposita</strong></span> <span class='ocrx_word' id='word_1_337' title='bbox 1064 3958 1187 4039; x_wconf 91' lang='lat' dir='ltr'><strong>illapsu,</strong></span> <span class='ocrx_word' id='word_1_338' title='bbox 1210 3958 1473 4041; x_wconf 80' lang='lat' dir='ltr'><strong>efficacissimoque</strong></span> <span class='ocrx_word' id='word_1_339' title='bbox 1496 3977 1609 4041; x_wconf 89' lang='lat' dir='ltr'><strong>opera-</strong></span> 
     </span>
     <span class='ocr_line' id='line_1_35' title="bbox 238 4057 1611 4143; baseline 0.001 -21"><span class='ocrx_word' id='word_1_340' title='bbox 238 4059 337 4134; x_wconf 89' lang='lat' dir='ltr'><strong>tione,</strong></span> <span class='ocrx_word' id='word_1_341' title='bbox 360 4057 450 4121; x_wconf 86' lang='lat' dir='ltr'><strong>iaciat</strong></span> <span class='ocrx_word' id='word_1_342' title='bbox 472 4077 507 4122; x_wconf 87' lang='lat' dir='ltr'><strong>ea</strong></span> <span class='ocrx_word' id='word_1_343' title='bbox 530 4076 641 4140; x_wconf 88' lang='lat' dir='ltr'><strong>corpus</strong></span> <span class='ocrx_word' id='word_1_344' title='bbox 663 4067 693 4122; x_wconf 88' lang='lat' dir='ltr'><strong>at</strong></span> <span class='ocrx_word' id='word_1_345' title='bbox 716 4060 891 4142; x_wconf 79' lang='lat' dir='ltr'><strong>sanguinem</strong></span> <span class='ocrx_word' id='word_1_346' title='bbox 915 4058 1043 4134; x_wconf 89' lang='lat' dir='ltr'><strong>Christi,</strong></span> <span class='ocrx_word' id='word_1_347' title='bbox 1066 4057 1213 4137; x_wconf 89' lang='lat' dir='ltr'><strong>simulque</strong></span> <span class='ocrx_word' id='word_1_348' title='bbox 1229 4057 1365 4120; x_wconf 91' lang='lat' dir='ltr'><strong>lidellbus</strong></span> <span class='ocrx_word' id='word_1_349' title='bbox 1389 4079 1424 4122; x_wconf 90' lang='lat' dir='ltr'><strong>ea</strong></span> <span class='ocrx_word' id='word_1_350' title='bbox 1438 4061 1611 4143; x_wconf 90' lang='lat' dir='ltr'><strong>suscipien-</strong></span> 
     </span>
     <span class='ocr_line' id='line_1_36' title="bbox 239 4158 1610 4242; baseline 0.004 -23"><span class='ocrx_word' id='word_1_351' title='bbox 239 4159 319 4222; x_wconf 87' lang='lat' dir='ltr'><strong>tibus</strong></span> <span class='ocrx_word' id='word_1_352' title='bbox 347 4159 388 4220; x_wconf 89' lang='lat' dir='ltr'><strong>ita</strong></span> <span class='ocrx_word' id='word_1_353' title='bbox 416 4175 473 4238; x_wconf 89' lang='lat' dir='ltr'><strong>per</strong></span> <span class='ocrx_word' id='word_1_354' title='bbox 499 4158 626 4242; x_wconf 81' lang='lat' dir='ltr'><strong>gratiam</strong></span> <span class='ocrx_word' id='word_1_355' title='bbox 649 4177 734 4221; x_wconf 87' lang='lat' dir='ltr'><strong>suam</strong></span> <span class='ocrx_word' id='word_1_356' title='bbox 755 4160 966 4240; x_wconf 90' lang='lat' dir='ltr'><strong>superveniat,</strong></span> <span class='ocrx_word' id='word_1_357' title='bbox 990 4165 1021 4220; x_wconf 92' lang='lat' dir='ltr'><strong>et</strong></span> <span class='ocrx_word' id='word_1_358' title='bbox 1043 4158 1181 4220; x_wconf 89' lang='lat' dir='ltr'><strong>illabatur</strong></span> <span class='ocrx_word' id='word_1_359' title='bbox 1203 4159 1234 4219; x_wconf 93' lang='lat' dir='ltr'><strong>in</strong></span> <span class='ocrx_word' id='word_1_360' title='bbox 1257 4175 1361 4220; x_wconf 89' lang='lat' dir='ltr'><strong>eorum</strong></span> <span class='ocrx_word' id='word_1_361' title='bbox 1389 4159 1547 4237; x_wconf 88' lang='lat' dir='ltr'><strong>cordibus,</strong></span> <span class='ocrx_word' id='word_1_362' title='bbox 1577 4171 1610 4224; x_wconf 93' lang='lat' dir='ltr'><strong>ut</strong></span> 
     </span>
     <span class='ocr_line' id='line_1_37' title="bbox 239 4255 1609 4342; baseline 0.003 -23"><span class='ocrx_word' id='word_1_363' title='bbox 239 4255 344 4319; x_wconf 89' lang='lat' dir='ltr'><strong>eadem</strong></span> <span class='ocrx_word' id='word_1_364' title='bbox 367 4259 508 4339; x_wconf 81' lang='lat' dir='ltr'><strong>mysteria</strong></span> <span class='ocrx_word' id='word_1_365' title='bbox 531 4258 649 4337; x_wconf 90' lang='lat' dir='ltr'><strong>prosint</strong></span> <span class='ocrx_word' id='word_1_366' title='bbox 677 4257 735 4320; x_wconf 90' lang='lat' dir='ltr'><strong>illis</strong></span> <span class='ocrx_word' id='word_1_367' title='bbox 759 4258 796 4320; x_wconf 86' lang='lat' dir='ltr'><strong>ad</strong></span> <span class='ocrx_word' id='word_1_368' title='bbox 817 4259 1025 4322; x_wconf 90' lang='lat' dir='ltr'><strong>remissionem</strong></span> <span class='ocrx_word' id='word_1_369' title='bbox 1043 4265 1247 4341; x_wconf 89' lang='lat' dir='ltr'><strong>peccatorum,</strong></span> <span class='ocrx_word' id='word_1_370' title='bbox 1269 4261 1385 4342; x_wconf 81' lang='lat' dir='ltr'><strong>gratiae</strong></span> <span class='ocrx_word' id='word_1_371' title='bbox 1408 4269 1609 4342; x_wconf 82' lang='lat' dir='ltr'><strong>augmentum,</strong></span> 
     </span>
     <span class='ocr_line' id='line_1_38' title="bbox 238 4356 1610 4439; baseline 0.003 -21"><span class='ocrx_word' id='word_1_372' title='bbox 238 4362 271 4418; x_wconf 91' lang='lat' dir='ltr'><strong>et</strong></span> <span class='ocrx_word' id='word_1_373' title='bbox 292 4357 384 4418; x_wconf 89' lang='lat' dir='ltr'><strong>vitam</strong></span> <span class='ocrx_word' id='word_1_374' title='bbox 406 4364 569 4421; x_wconf 88' lang='lat' dir='ltr'><strong>aeternam.</strong></span> <span class='ocrx_word' id='word_1_375' title='bbox 613 4356 775 4420; x_wconf 83' lang='lat' dir='ltr'><strong>Conciliari</strong></span> <span class='ocrx_word' id='word_1_376' title='bbox 796 4376 872 4421; x_wconf 90' lang='lat' dir='ltr'><strong>vero</strong></span> <span class='ocrx_word' id='word_1_377' title='bbox 895 4357 979 4420; x_wconf 87' lang='lat' dir='ltr'><strong>visae</strong></span> <span class='ocrx_word' id='word_1_378' title='bbox 1002 4366 1072 4421; x_wconf 90' lang='lat' dir='ltr'><strong>sunt</strong></span> <span class='ocrx_word' id='word_1_379' title='bbox 1087 4359 1159 4439; x_wconf 91' lang='lat' dir='ltr'><strong>ipsis</strong></span> <span class='ocrx_word' id='word_1_380' title='bbox 1174 4357 1331 4421; x_wconf 90' lang='lat' dir='ltr'><strong>commode</strong></span> <span class='ocrx_word' id='word_1_381' title='bbox 1347 4358 1424 4421; x_wconf 91' lang='lat' dir='ltr'><strong>duae</strong></span> <span class='ocrx_word' id='word_1_382' title='bbox 1446 4358 1516 4422; x_wconf 89' lang='lat' dir='ltr'><strong>illae</strong></span> <span class='ocrx_word' id='word_1_383' title='bbox 1535 4379 1610 4424; x_wconf 92' lang='lat' dir='ltr'><strong>sen-</strong></span> 
     </span>
     <span class='ocr_line' id='line_1_39' title="bbox 237 4455 1611 4539; baseline 0.002 -22"><span class='ocrx_word' id='word_1_384' title='bbox 237 4455 365 4532; x_wconf 90' lang='lat' dir='ltr'><strong>tentiae,</strong></span> <span class='ocrx_word' id='word_1_385' title='bbox 396 4457 422 4517; x_wconf 91' lang='lat' dir='ltr'><strong>si</strong></span> <span class='ocrx_word' id='word_1_386' title='bbox 450 4455 490 4518; x_wconf 89' lang='lat' dir='ltr'><strong>lta</strong></span> <span class='ocrx_word' id='word_1_387' title='bbox 512 4457 606 4536; x_wconf 89' lang='lat' dir='ltr'><strong>prima</strong></span> <span class='ocrx_word' id='word_1_388' title='bbox 629 4455 719 4520; x_wconf 90' lang='lat' dir='ltr'><strong>lectio</strong></span> <span class='ocrx_word' id='word_1_389' title='bbox 743 4456 960 4539; x_wconf 81' lang='lat' dir='ltr'><strong>refingeretur,</strong></span> <span class='ocrx_word' id='word_1_390' title='bbox 982 4465 1015 4519; x_wconf 95' lang='lat' dir='ltr'><strong>ut</strong></span> <span class='ocrx_word' id='word_1_391' title='bbox 1037 4458 1105 4520; x_wconf 92' lang='lat' dir='ltr'><strong>loco</strong></span> <span class='ocrx_word' id='word_1_392' title='bbox 1128 4457 1262 4532; x_wconf 89' lang='lat' dir='ltr'><strong>illorum,</strong></span> <span class='ocrx_word' id='word_1_393' title='bbox 1289 4464 1340 4521; x_wconf 89' lang='lat' dir='ltr'><strong>aut</strong></span> <span class='ocrx_word' id='word_1_394' title='bbox 1368 4458 1505 4521; x_wconf 88' lang='lat' dir='ltr'><strong>similium</strong></span> <span class='ocrx_word' id='word_1_395' title='bbox 1534 4479 1611 4523; x_wconf 92' lang='lat' dir='ltr'><strong>ver-</strong></span> 
     </span>
     <span class='ocr_line' id='line_1_40' title="bbox 238 4553 1611 4639; baseline 0.003 -22"><span class='ocrx_word' id='word_1_396' title='bbox 238 4554 345 4617; x_wconf 90' lang='lat' dir='ltr'><strong>borum</strong></span> <span class='ocrx_word' id='word_1_397' title='bbox 367 4553 500 4634; x_wconf 72' lang='lat' dir='ltr'><strong>Spiritum</strong></span> <span class='ocrx_word' id='word_1_398' title='bbox 520 4563 645 4618; x_wconf 79' lang='lat' dir='ltr'><strong>mactra</strong></span> <span class='ocrx_word' id='word_1_399' title='bbox 663 4555 764 4635; x_wconf 75' lang='lat' dir='ltr'><strong>sociot</strong></span> <span class='ocrx_word' id='word_1_400' title='bbox 793 4575 832 4618; x_wconf 89' lang='lat' dir='ltr'><strong>eo</strong></span> <span class='ocrx_word' id='word_1_401' title='bbox 862 4577 974 4637; x_wconf 82' lang='lat' dir='ltr'><strong>cmpos</strong></span> <span class='ocrx_word' id='word_1_402' title='bbox 996 4566 1026 4619; x_wconf 93' lang='lat' dir='ltr'><strong>et</strong></span> <span class='ocrx_word' id='word_1_403' title='bbox 1054 4559 1230 4638; x_wconf 71' lang='lat' dir='ltr'><strong>sanquinem</strong></span> <span class='ocrx_word' id='word_1_404' title='bbox 1260 4555 1391 4632; x_wconf 76' lang='lat' dir='ltr'><strong>Christi,</strong></span> <span class='ocrx_word' id='word_1_405' title='bbox 1421 4577 1515 4638; x_wconf 79' lang='lat' dir='ltr'><strong>capue</strong></span> <span class='ocrx_word' id='word_1_406' title='bbox 1541 4561 1611 4639; x_wconf 90' lang='lat' dir='ltr'><strong>ipso</strong></span> 
     </span>
     <span class='ocr_line' id='line_1_41' title="bbox 237 4653 1612 4740; baseline 0.001 -24"><span class='ocrx_word' id='word_1_407' title='bbox 237 4653 326 4716; x_wconf 82' lang='lat' dir='ltr'><strong>mobis</strong></span> <span class='ocrx_word' id='word_1_408' title='bbox 343 4655 493 4734; x_wconf 78' lang='lat' dir='ltr'><strong>prodesse</strong></span> <span class='ocrx_word' id='word_1_409' title='bbox 514 4655 557 4717; x_wconf 85' lang='lat' dir='ltr'><strong>od</strong></span> <span class='ocrx_word' id='word_1_410' title='bbox 576 4657 784 4718; x_wconf 64' lang='lat' dir='ltr'><strong>contemnem</strong></span> <span class='ocrx_word' id='word_1_411' title='bbox 803 4665 1013 4737; x_wconf 71' lang='lat' dir='ltr'><strong>peccatam,</strong></span> <span class='ocrx_word' id='word_1_412' title='bbox 1035 4658 1076 4720; x_wconf 90' lang='lat' dir='ltr'><strong>ita</strong></span> <span class='ocrx_word' id='word_1_413' title='bbox 1105 4657 1239 4740; x_wconf 84' lang='lat' dir='ltr'><strong>legatur:</strong></span> <span class='ocrx_word' id='word_1_414' title='bbox 1266 4664 1301 4718; x_wconf 88' lang='lat' dir='ltr'><strong>ot</strong></span> <span class='ocrx_word' id='word_1_415' title='bbox 1327 4656 1460 4736; x_wconf 74' lang='lat' dir='ltr'><strong>Spiritum</strong></span> <span class='ocrx_word' id='word_1_416' title='bbox 1488 4665 1612 4718; x_wconf 84' lang='lat' dir='ltr'><strong>sanctas</strong></span> 
     </span>
     <span class='ocr_line' id='line_1_42' title="bbox 235 4751 1611 4838; baseline 0.002 -24"><span class='ocrx_word' id='word_1_417' title='bbox 235 4751 336 4832; x_wconf 80' lang='lat' dir='ltr'><strong>[octat</strong></span> <span class='ocrx_word' id='word_1_418' title='bbox 356 4753 433 4814; x_wconf 86' lang='lat' dir='ltr'><strong>baec</strong></span> <span class='ocrx_word' id='word_1_419' title='bbox 454 4756 615 4836; x_wconf 77' lang='lat' dir='ltr'><strong>mysterio,</strong></span> <span class='ocrx_word' id='word_1_420' title='bbox 637 4755 778 4818; x_wconf 83' lang='lat' dir='ltr'><strong>uidelicet</strong></span> <span class='ocrx_word' id='word_1_421' title='bbox 799 4775 910 4836; x_wconf 83' lang='lat' dir='ltr'><strong>corpas</strong></span> <span class='ocrx_word' id='word_1_422' title='bbox 939 4764 970 4818; x_wconf 89' lang='lat' dir='ltr'><strong>et</strong></span> <span class='ocrx_word' id='word_1_423' title='bbox 990 4759 1164 4838; x_wconf 65' lang='lat' dir='ltr'><strong>scaptiam</strong></span> <span class='ocrx_word' id='word_1_424' title='bbox 1192 4756 1321 4833; x_wconf 80' lang='lat' dir='ltr'><strong>Obristt,</strong></span> <span class='ocrx_word' id='word_1_425' title='bbox 1353 4756 1441 4819; x_wconf 86' lang='lat' dir='ltr'><strong>uobis</strong></span> <span class='ocrx_word' id='word_1_426' title='bbox 1462 4756 1611 4837; x_wconf 86' lang='lat' dir='ltr'><strong>prodesse</strong></span> 
     </span>
    </p>

    <p class='ocr_par' dir='ltr' id='par_1_4' title="bbox 199 4853 1612 5136">
     <span class='ocr_line' id='line_1_43' title="bbox 199 4853 1610 4937; baseline 0.002 -24"><span class='ocrx_word' id='word_1_427' title='bbox 199 4867 204 4878; x_wconf 95' lang='lat'><em>·</em></span> <span class='ocrx_word' id='word_1_428' title='bbox 239 4853 281 4913; x_wconf 89' lang='lat' dir='ltr'><strong>od</strong></span> <span class='ocrx_word' id='word_1_429' title='bbox 301 4854 396 4914; x_wconf 87' lang='lat' dir='ltr'><strong>citam</strong></span> <span class='ocrx_word' id='word_1_430' title='bbox 418 4861 595 4916; x_wconf 81' lang='lat' dir='ltr'><strong>aetermam:</strong></span> <span class='ocrx_word' id='word_1_431' title='bbox 616 4854 666 4935; x_wconf 85' lang='lat' dir='ltr'><strong>qui</strong></span> <span class='ocrx_word' id='word_1_432' title='bbox 688 4872 797 4918; x_wconf 89' lang='lat' dir='ltr'><strong>sensus</strong></span> <span class='ocrx_word' id='word_1_433' title='bbox 821 4857 942 4919; x_wconf 91' lang='lat' dir='ltr'><strong>omnino</strong></span> <span class='ocrx_word' id='word_1_434' title='bbox 955 4864 986 4918; x_wconf 93' lang='lat' dir='ltr'><strong>et</strong></span> <span class='ocrx_word' id='word_1_435' title='bbox 1001 4855 1039 4918; x_wconf 91' lang='lat' dir='ltr'><strong>ab</strong></span> <span class='ocrx_word' id='word_1_436' title='bbox 1056 4857 1176 4937; x_wconf 86' lang='lat' dir='ltr'><strong>antiqua</strong></span> <span class='ocrx_word' id='word_1_437' title='bbox 1187 4855 1362 4934; x_wconf 90' lang='lat' dir='ltr'><strong>traditione,</strong></span> <span class='ocrx_word' id='word_1_438' title='bbox 1386 4864 1417 4918; x_wconf 91' lang='lat' dir='ltr'><strong>et</strong></span> <span class='ocrx_word' id='word_1_439' title='bbox 1432 4855 1610 4919; x_wconf 90' lang='lat' dir='ltr'><strong>abomnium</strong></span> 
     </span>
     <span class='ocr_line' id='line_1_44' title="bbox 239 4950 1612 5040; baseline 0.004 -27"><span class='ocrx_word' id='word_1_440' title='bbox 239 4950 376 5013; x_wconf 91' lang='lat' dir='ltr'><strong>codicum</strong></span> <span class='ocrx_word' id='word_1_441' title='bbox 399 4951 551 5029; x_wconf 89' lang='lat' dir='ltr'><strong>lectione,</strong></span> <span class='ocrx_word' id='word_1_442' title='bbox 574 4962 605 5016; x_wconf 89' lang='lat' dir='ltr'><strong>et</strong></span> <span class='ocrx_word' id='word_1_443' title='bbox 627 4952 664 5017; x_wconf 90' lang='lat' dir='ltr'><strong>ab</strong></span> <span class='ocrx_word' id='word_1_444' title='bbox 688 4953 834 5018; x_wconf 87' lang='lat' dir='ltr'><strong>Orientali</strong></span> <span class='ocrx_word' id='word_1_445' title='bbox 856 4955 1043 5038; x_wconf 79' lang='lat' dir='ltr'><strong>¹lbeolopia,</strong></span> <span class='ocrx_word' id='word_1_446' title='bbox 1071 4963 1102 5018; x_wconf 92' lang='lat' dir='ltr'><strong>et</strong></span> <span class='ocrx_word' id='word_1_447' title='bbox 1123 4956 1161 5019; x_wconf 90' lang='lat' dir='ltr'><strong>ab</strong></span> <span class='ocrx_word' id='word_1_448' title='bbox 1184 4957 1281 5037; x_wconf 90' lang='lat' dir='ltr'><strong>ipsius</strong></span> <span class='ocrx_word' id='word_1_449' title='bbox 1310 4956 1465 5040; x_wconf 82' lang='lat' dir='ltr'><strong>Liturgiae</strong></span> <span class='ocrx_word' id='word_1_450' title='bbox 1494 4955 1612 5032; x_wconf 91' lang='lat' dir='ltr'><strong>ordine,</strong></span> 
     </span>
     <span class='ocr_line' id='line_1_45' title="bbox 238 5049 642 5136; baseline 0.015 -26"><span class='ocrx_word' id='word_1_451' title='bbox 238 5049 324 5114; x_wconf 88' lang='lat' dir='ltr'><strong>abest</strong></span> <span class='ocrx_word' id='word_1_452' title='bbox 346 5069 434 5132; x_wconf 87' lang='lat' dir='ltr'><strong>quarn</strong></span> <span class='ocrx_word' id='word_1_453' title='bbox 457 5050 642 5136; x_wconf 78' lang='lat' dir='ltr'><strong>longissime.</strong></span> 
     </span>
    </p>
   </div>
   <div class='ocr_carea' id='block_1_4' title="bbox 0 0 2344 6039">
    <p class='ocr_par' dir='ltr' id='par_1_5' title="bbox 0 0 2344 6039">
     <span class='ocr_line' id='line_1_46' title="bbox 0 0 2344 6039; baseline 0 0"><span class='ocrx_word' id='word_1_454' title='bbox 0 0 2344 6039; x_wconf 95' lang='lat' dir='ltr'><strong> </strong></span> 
     </span>
    </p>
   </div>
  </div>
 </body>
</html>
