4778 6034
646 513 683 641 s
1146 515 1536 594 nrssnnrrrro

648 713 683 776 et
710 727 808 800 quam
833 703 957 776 idcirco
984 705 1189 778 recentiores
1216 701 1362 776 nonnulli
1389 707 1533 778 seorsim
1561 705 1695 795 editam,
1719 704 1902 798 Litorgiam
1917 711 2023 780 sancti

648 818 829 898 Clementis
869 817 1130 915 appellaverunt.
1183 819 1310 892 Verum
1346 818 1411 892 duo
1450 823 1587 892 maximi
1619 824 1777 894 momenti
1809 824 1900 894 circa
1932 822 2023 894 illam
2127 867 2133 878 ·

647 933 862 1007 observanda
889 943 975 1006 sunt.
1010 933 1156 1006 Primum
1183 945 1247 1024 est,
1273 933 1364 1030 quod
1390 939 1454 1008 etsi
1480 939 1562 1010 viris
1590 936 1789 1010 doctissimis
1816 940 1935 1010 merito
1958 939 2022 1028 ju-

647 1050 791 1122 dicatum
817 1052 872 1140 sit,
899 1048 1163 1123 Constitutiones
1184 1049 1258 1122 illas
1286 1059 1363 1123 anto
1390 1048 1575 1124 Concilium
1600 1051 1783 1124 Nicaenum
1810 1049 1916 1124 inisse
1943 1051 2022 1124 col-

647 1166 765 1255 lectas,
791 1186 860 1237 non
885 1173 1012 1256 negant
1026 1174 1150 1255 tamem
1177 1163 1393 1260 interpolatas
1420 1166 1494 1238 illas
1520 1165 1629 1238 multis
1656 1169 1690 1237 in
1715 1166 1799 1240 locis
1825 1165 1942 1258 luisse,
1957 1189 2023 1239 nec

647 1279 690 1353 eb
717 1280 893 1354 haereticis
920 1278 1033 1369 modo,
1061 1280 1150 1374 quod
1177 1289 1364 1353 austerum
1378 1280 1513 1354 Patr-um
1539 1281 1701 1354 nonnullis
1721 1280 1936 1354 observatum
1961 1291 2026 1372 est,

648 1396 710 1468 sed
737 1399 836 1468 etiam
863 1417 882 1466 a
909 1393 1081 1467 Librariis.
1134 1394 1217 1467 lllud
1242 1418 1346 1491 porro
1369 1396 1545 1489 judicium,
1574 1400 1603 1470 si
1630 1399 1664 1468 in
1690 1396 1790 1468 ullam
1817 1397 2023 1470 collectionis

577 1596 581 1608 Ι
646 1522 776 1608 partem
803 1511 926 1584 cadere
953 1519 1081 1607 potest,
1113 1513 1148 1582 in
1182 1515 1277 1584 istam
1305 1533 1399 1602 sane,
1427 1535 1491 1608 qua
1515 1512 1688 1604 Liturgiae
1714 1511 1798 1584 ordo
1824 1515 2022 1599 continetur,

316 3395 417 3452 ³0usrrcs
424 3396 556 3466 liturgiae
568 3411 631 3466 par-

321 3493 361 3536 tes
392 3486 420 3537 in
450 3485 631 3553 antiquissimis

320 3571 426 3622 Petrum
439 3571 540 3639 scriptis
549 3587 629 3640 repe-

314 3657 426 3713 riuntur.

647 1638 713 1699 tam
739 1630 915 1723 perspicue
943 1635 977 1698 et
1002 1629 1182 1698 minutatim
1199 1630 1384 1721 expositus,
1411 1637 1507 1699 utcx
1523 1630 1704 1722 posteriori
1730 1627 1918 1722 disciplina,
1934 1647 2020 1720 quae

645 1742 822 1815 Ecclesiae
847 1764 966 1837 pacem
992 1745 1118 1834 agenti,
1144 1762 1212 1814 non
1238 1741 1527 1837 persecutionibus
1559 1745 1703 1835 agitatae
1737 1745 1927 1832 conveniat,
1954 1740 2021 1812 ad-

646 1858 713 1930 dita
741 1879 819 1932 esse
853 1856 955 1929 multa
989 1855 1198 1930 manifestum
1226 1861 1276 1930 sit
1331 1856 1513 1931 Confirmat
1547 1857 1633 1929 hanc
1668 1859 1894 1949 conjecturam
1929 1858 2021 1927 anti-

645 1977 804 2069 quissima
831 1970 1110 2046 Constitutionum
1146 1973 1289 2068 Syriaca
1322 1978 1451 2064 versio,
1487 1996 1533 2045 ex
1560 1971 1741 2045 Codicibus
1775 1975 1830 2068 qui
1857 1971 2022 2058 Graecos,

643 2099 680 2162 ut
705 2090 854 2178 videtur,
881 2091 1074 2184 antiquitate
1109 2097 1144 2158 et
1178 2091 1369 2160 sinceritate
1404 2098 1581 2184 superant;
1616 2098 1651 2160 et
1681 2098 1759 2159 ante
1792 2085 1881 2158 mille
1913 2105 2020 2157 annos

642 2205 732 2278 iacta
760 2215 829 2295 est,
855 2226 931 2276 cum
958 2207 992 2275 in
1018 2226 1059 2275 ea
1094 2213 1164 2276 tota
1191 2203 1246 2275 illa
1272 2204 1444 2297 liturgiae
1470 2203 1578 2278 iornra
1604 2225 1673 2275 non
1699 2211 1902 2296 compareat.
1950 2197 2020 2271 Al-

643 2330 752 2393 terum
786 2331 839 2393 est
873 2319 962 2414 quod
997 2321 1126 2391 etiamsi
1152 2315 1295 2411 Graeci,
1326 2323 1524 2415 praesertim
1562 2322 1596 2390 in
1635 2318 1756 2390 rebus.
1772 2316 2021 2388 Ecclesiastiois

644 2437 792 2510 Criticcn
817 2435 940 2506 nullam
966 2433 1132 2522 habeant,
1165 2443 1294 2530 partem
1320 2433 1406 2507 hanc
1431 2457 1599 2529 nunquam
1624 2436 1710 2504 inter
1735 2442 1872 2504 veteres
1899 2428 2018 2500 Litor-

643 2557 720 2646 gias
754 2551 957 2645 retulerunt,
990 2573 1032 2622 ea
1063 2550 1182 2646 procul
1217 2549 1316 2623 dubio
1350 2553 1479 2622 ratione
1520 2549 1626 2637 ducti,
1661 2547 1750 2643 quod
1775 2546 1853 2618 licet
1878 2545 2020 2616 formam

641 2668 823 2761 legitimam
856 2665 1032 2761 quamdam
1071 2667 1160 2740 sacri
1193 2665 1293 2737 officii
1324 2663 1542 2738 Eucharistioi
1581 2666 1677 2754 juxta
1712 2661 1880 2733 Graecam
1913 2658 2019 2730 disci-

641 2784 764 2880 plinam
790 2791 1036 2879 repracsentet,
1063 2784 1097 2852 in
1123 2780 1212 2852 nulla
1240 2780 1384 2854 Orientis
1410 2779 1565 2852 Ecclesia
1591 2787 1750 2872 usurpata
1780 2775 1886 2848 fuisse
1911 2795 2020 2868 repe-

642 2903 756 2972 riatur.
809 2899 922 2994 Atque
956 2897 1033 2970 inde
1065 2899 1286 2969 certissimum
1320 2904 1550 2987 argumentum
1584 2892 1768 2980 deducitur,
1804 2889 1846 2960 de
1884 2888 2020 2960 abarum

643 3015 782 3106 iacobi,
809 3014 923 3088 basilii
958 3023 992 3086 et
1019 3011 1254 3108 chrysostomi
1289 3011 1513 3102 Liturgiarum
1550 3011 1744 3096 autoritate,
1780 3027 1862 3100 quas
1896 3005 2021 3101 passim

644 3130 767 3205 Graeci
792 3131 1014 3204 laudaverunt
1041 3139 1075 3200 et
1101 3137 1312 3223 receperunt,
1341 3129 1416 3221 quia
1444 3124 1571 3198 scilicet
1592 3123 1726 3220 publico
1753 3145 1815 3195 usu
1842 3119 2020 3192 Ecclesia-

643 3271 716 3319 rum
742 3244 1070 3333 commendabantur,
1098 3243 1188 3338 quod
1215 3241 1443 3314 Clementinae
1471 3240 1597 3313 deerat.

747 3361 830 3437 Post
854 3362 1038 3434 Nicaenum
1073 3356 1277 3447 Concilium,
1313 3381 1379 3451 quo
1408 3360 1477 3449 jam
1510 3366 1662 3451 tempore
1693 3352 1884 3426 confirmata
1916 3350 2020 3441 longo

643 3503 804 3554 annorum
830 3479 973 3551 decursu
997 3473 1227 3548 Eucharistiae
1259 3471 1481 3545 celebrandae
1507 3471 1617 3544 forma
1642 3470 1769 3559 iuerat,
1806 3468 2020 3560 agnoscimus

642 3602 681 3671 in
704 3608 892 3672 sanctorum
919 3593 1055 3666 Petrum
1082 3592 1235 3685 scriptis,
1261 3588 1380 3661 multos
1408 3588 1493 3659 illius
1521 3585 1618 3659 cilicii
1643 3594 1756 3680 partes
1782 3602 1849 3654 non
1877 3579 2020 3652 obscure

644 3718 847 3810 designatos.
901 3711 954 3782 De
983 3705 1187 3782 orationibus
1214 3707 1474 3800 praeparatoriis
1502 3703 1615 3775 dicere
1642 3719 1929 3796 supervacaneum
1956 3704 2021 3782 est,

644 3856 719 3904 curn
744 3831 822 3903 illae
850 3827 891 3900 ad
919 3829 1083 3897 actionem
1111 3843 1243 3895 sacram
1269 3823 1404 3915 proprie
1430 3839 1498 3890 non
1515 3820 1711 3912 pertineant.
1765 3813 1890 3886 Verum
1909 3833 2021 3904 qnae-

645 3949 721 4020 dam
747 3949 914 4018 maximae
945 3941 1121 4013 vetustatis
1154 3947 1250 4008 notas
1284 3933 1425 4023 habent,
1461 3944 1497 4004 ut
1529 3955 1616 4028 quae
1650 3934 1684 4002 in
1716 3925 1836 4000 Jacobi
1870 3926 2022 4018 Liturgia

646 4071 847 4150 occurrunt,
868 4079 1020 4154 quaeque
1046 4059 1081 4127 in
1107 4053 1190 4125 alias
1217 4054 1427 4124 diversarum
1453 4049 1640 4140 lingrarum
1667 4055 1722 4116 aut
1748 4047 1891 4138 inipsas
1907 4041 2021 4114 Grae-

644 4201 703 4252 cas
730 4177 911 4252 translatae
939 4181 1031 4245 sunt:
1060 4191 1198 4265 quarum
1224 4167 1332 4238 forma
1357 4187 1423 4236 una
1449 4186 1517 4236 non
1543 4161 1616 4250 init,
1644 4183 1719 4232 cum
1731 4158 1925 4232 Sacerdotis
1951 4178 2022 4251 po·
2053 4213 2058 4220 .

615 4269 619 4279 Ι
644 4299 729 4385 tius,
756 4316 855 4390 quam
881 4290 1057 4362 Ecclesiae
1083 4306 1204 4382 preces
1229 4284 1349 4356 forent.
1402 4279 1508 4351 lllatio
1535 4280 1629 4374 panis
1663 4286 1697 4347 et
1732 4274 1845 4346 calicis
1880 4271 2024 4367 simplex

645 4409 830 4499 olimiuit,
858 4407 1009 4502 quamvis
1035 4405 1091 4498 pie
1118 4408 1252 4472 etcum
1284 4395 1450 4488 religione
1479 4393 1593 4484 beret,
1625 4391 1715 4486 quod
1746 4388 1910 4462 elementa
1942 4406 2024 4457 mox

644 4532 679 4600 in
711 4545 832 4622 corpus
868 4531 902 4595 ct
935 4522 1130 4612 sanguinem
1161 4514 1296 4586 Domini
1331 4510 1596 4599 transmutanda,
1632 4507 1816 4580 sanctitatis
1850 4500 2025 4596 quomdam

646 4647 795 4742 speciem
826 4637 952 4710 hahere
991 4634 1192 4706 viderentur.
1246 4630 1294 4702 At
1327 4631 1362 4699 in
1402 4626 1631 4700 Ecclesiamm
1667 4643 1752 4718 pace
1799 4619 1920 4722 addim
1945 4637 2024 4690 esse

645 4760 746 4834 multa
773 4780 858 4854 quac
885 4754 928 4826 ad
954 4751 1112 4823 decorem
1140 4746 1256 4819 domus
1282 4746 1348 4817 Dei
1375 4741 1563 4836 eugendum
1596 4747 1805 4838 spectarent,
1837 4744 1873 4806 ut
1905 4734 2024 4824 negari

645 4897 713 4949 non
734 4882 868 4970 potest,
903 4872 950 4940 ita
984 4865 1214 4960 superstitiose
1240 4861 1364 4934 iactrrn
1390 4860 1423 4931 id
1448 4858 1572 4947 tuisse,
1603 4877 1703 4928 nemo
1736 4855 1800 4925 nisi
1835 4871 1896 4945 per
1924 4869 2022 4920 sum-

645 5015 733 5064 mam
775 4988 990 5062 temeritatem
1030 4978 1289 5052 calumniabitur.
1345 4977 1462 5050 Lectio
1498 4994 1669 5048 sacrarum
1702 4971 1939 5063 scripturarum
1977 4986 2024 5036 err
