4686 6060
761 615 1295 696 ALEllblllllllllO.
1632 614 1708 689 403

340 781 614 903 spectaret‘cura
641 804 867 878 Ecclesiarum
893 804 979 878 illius
1006 815 1120 878 sectae
1148 808 1310 897 omnium,
1336 815 1444 877 tamen
1476 809 1509 877 in
1542 807 1617 900 ipsa
1650 826 1711 877 sua

340 926 542 996 institutione
576 923 730 1017 proprius
764 932 837 994 erat
867 921 1172 995 Alexandrinorum
1203 920 1410 1018 Episcopus,
1444 932 1543 1017 atque
1577 919 1619 993 ad
1650 942 1711 991 eos

340 1039 486 1132 idcirco,
513 1047 668 1134 tanquam
694 1037 737 1109 ad
762 1036 994 1111 Dioacesenos
1020 1035 1229 1110 immediatos
1256 1037 1448 1134 spectabat,
1474 1047 1521 1109 ut·
1536 1047 1712 1131 antequam

305 1161 310 1168 '
342 1159 585 1251 susciperetur,
619 1176 694 1225 cum
726 1177 768 1228 eo
807 1157 1029 1247 transigerent
1064 1153 1106 1226 dc
1138 1152 1380 1226 conditionibus
1417 1152 1596 1226 secundum
1630 1173 1712 1247 quas

343 1274 551 1344 autoritatem
578 1292 742 1342 exercere
768 1292 863 1344 suam
877 1271 1024 1344 deberet.
1082 1270 1311 1344 Observamus
1337 1269 1561 1343 tantummodo
1588 1267 1713 1344 fecisse

341 1389 375 1460 id
404 1385 545 1461 Oabirae
572 1391 684 1478 cirea,
711 1385 842 1482 quando
876 1391 1012 1485 propria
1045 1410 1126 1461 suae
1160 1387 1368 1459 Dioeceseos
1403 1383 1713 1483 Episcoporumque
1845 1465 1849 1472 ,

340 1507 415 1598 jura
443 1502 607 1577 adversus
633 1504 899 1576 Patriarcbarum
925 1502 1135 1576 ambitionem
1169 1503 1401 1576 conservanda
1435 1500 1575 1573 fuerunt.
1626 1497 1712 1572 Nain

343 1644 417 1692 cum
443 1623 498 1692 isti
524 1620 741 1711 negociorum
768 1617 1082 1692 Ecclesiasticorum
1114 1642 1217 1692 causa
1251 1641 1354 1715 saepe
1381 1616 1526 1692 Cabirae
1559 1637 1714 1688 commo-

343 1745 515 1826 rarentur,
542 1744 576 1807 et
603 1734 644 1805 ad
671 1733 859 1808 Ecclesiam
885 1736 1114 1808 Mobollecam
1140 1737 1277 1826 dictam,
1305 1759 1391 1832 quac
1418 1745 1491 1807 erat
1515 1737 1549 1806 in
1570 1734 1713 1804 Kacer-

255 1859 257 1874 '
345 1850 573 1941 el-cbemcb,
599 1850 695 1941 loco,
722 1862 758 1923 ut
783 1856 991 1944 existimant,
1022 1855 1148 1949 Pyraei
1181 1855 1325 1941 veteris,
1357 1849 1414 1924 ubi
1450 1854 1548 1923 etiam
1582 1851 1714 1943 antiqua

344 1966 499 2066 Babylon
524 1967 676 2064 Aegypti
702 1971 766 2040 sita
792 1979 883 2056 erat,
910 1966 1087 2064 hospitium
1113 1969 1289 2042 baberent:
1326 1992 1400 2041 eam
1426 1965 1614 2040 Ecclesiam
1640 1987 1715 2037 cum

346 2083 497 2158 domibus
523 2086 664 2171 vicinis,
690 2083 793 2158 hortis
821 2094 855 2157 et
879 2084 1024 2181 praediis
1052 2085 1195 2158 adeam
1229 2082 1474 2182 spectantibus,
1507 2082 1606 2176 aliqui
1640 2081 1714 2152 Pa-

344 2197 509 2273 triarclme
536 2201 586 2271 sui
609 2201 693 2292 juris
719 2198 832 2272 lacere
859 2204 968 2274 conati
996 2213 1086 2292 suunt,
1114 2211 1213 2298 atque
1239 2205 1324 2274 inter
1351 2201 1453 2289 alios,
1487 2196 1715 2272 Christodrdus

346 2315 465 2390 LXVI.
493 2316 548 2411 qui
575 2315 663 2386 illam
689 2315 874 2390 Ecclesiam
902 2330 937 2392 et
964 2319 1045 2390 alias
1073 2321 1209 2416 insuper
1235 2321 1317 2392 duas
1345 2319 1380 2390 S.
1408 2316 1582 2404 Mercurii,
1618 2323 1652 2386 et
1677 2311 1714 2385 S.

345 2433 475 2506 blariae
502 2435 535 2503 in
562 2435 639 2505 vico
667 2430 871 2505 Graecorum
899 2447 1126 2532 occupaverat
1151 2447 1229 2532 post
1262 2447 1403 2508 mortem
1435 2432 1596 2530 Episcopi
1629 2427 1715 2502 Pbi-

346 2549 457 2622 lotbei.
510 2549 625 2642 Itaque
652 2547 806 2622 defuncto
840 2546 985 2647 Cprillo,
1019 2555 1074 2648 qui
1107 2556 1262 2650 proxime
1294 2549 1504 2626 Christodulo
1541 2548 1715 2635 successit,

346 2665 472 2738 Illisrae
499 2668 594 2737 cives
621 2686 688 2736 oon
720 2666 811 2762 prius
838 2665 1036 2740 Michaelem
1071 2680 1107 2742 ut
1140 2669 1367 2744 Patriarcham
1400 2691 1494 2742 suum
1526 2672 1716 2760 acceptare,

346 2785 483 2876 ejusque
511 2783 676 2853 autoritati
703 2804 741 2854 se
768 2781 935 2877 subjicere
966 2786 1160 2878 voluerunt,
1195 2808 1292 2883 quam
1325 2783 1490 2881 pollicitus
1523 2780 1643 2855 luisset
1677 2801 1716 2852 se

345 2897 418 2971 illas
445 2896 633 2986 Ecclesias,
661 2909 695 2971 et
728 2898 810 2972 elias
843 2901 1003 2996 quasdam
1038 2928 1058 2975 a
1093 2907 1161 2977 suis
1195 2902 1432 2976 decessoribus
1468 2905 1649 2995 occupatas
1682 2899 1716 2966 in

346 3013 489 3087 diversis
502 3014 741 3105 Dioacesibus,
768 3015 948 3114 Episcopis
964 3023 1110 3115 propriis
1125 3023 1358 3093 restituturum.
1402 3018 1569 3090 Dixerunt
1584 3015 1715 3109 quippe,

344 3129 572 3204 Patriarcham
596 3153 664 3202 non
691 3133 834 3203 omnium
859 3131 1100 3226 Ecclesiarum,
1127 3135 1188 3209 sed
1213 3139 1327 3224 unius,
1355 3137 1409 3207 cui
1433 3155 1496 3229 per
1518 3129 1715 3203 Ordinatio-

343 3267 420 3317 nem
454 3269 548 3318 suam
582 3244 735 3338 alligatus
776 3259 885 3338 esset,
925 3249 1196 3342 Alexandrinae,
1236 3274 1314 3324 esse
1352 3251 1574 3348 Episcopum,
1605 3267 1715 3340 neque

300 3455 308 3467 ο
344 3365 452 3453 magis
479 3361 525 3432 illi
550 3360 652 3432 licere
679 3383 848 3458 occuparo
874 3363 1012 3440 aliorum
1039 3366 1284 3465 Episcoporum
1310 3367 1494 3453 Ecclesias,
1522 3387 1618 3458 quam
1638 3365 1714 3434 viro

345 3481 525 3570 conjugato
554 3478 688 3551 alterius
714 3500 855 3551 uxorem
882 3503 1012 3577 rapere.
1066 3483 1208 3557 lllichael
1234 3508 1333 3573 vero,
1360 3486 1423 3556 etsi
1450 3482 1637 3576 subscripto
1655 3481 1714 3550 in-

346 3602 529 3668 strumento
554 3594 719 3691 pollicitus
754 3597 874 3670 luisset
906 3599 1150 3674 satisfacturam
1184 3625 1223 3675 sc
1257 3600 1426 3698 Episcopo
1461 3599 1587 3671 lllisrae
1622 3593 1716 3667 San-

344 3707 441 3800 huto,
468 3733 543 3782 cum
569 3721 678 3783 tamen
704 3710 793 3784 illum
819 3714 998 3789 inauditum
1025 3719 1299 3808 condemnasset,
1326 3729 1360 3791 et
1386 3718 1616 3814 deposuisset,
1648 3739 1715 3788 co-

344 3833 439 3898 natus
467 3837 519 3900 est
543 3850 604 3923 per
631 3831 703 3920 ejus
730 3827 934 3922 absentiam,
960 3856 1036 3907 nam
1062 3841 1136 3932 ipse
1150 3835 1230 3929 luga
1250 3836 1389 3910 salutem
1405 3842 1579 3934 quaesivit,
1608 3860 1716 3909 occu-

344 3964 426 4038 pare
465 3941 653 4015 Ecclesiam
694 3944 730 4018 S.
765 3947 876 4041 Sergii
907 3972 1013 4048 prope
1054 3951 1292 4043 bluhallacam3
1327 3955 1462 4050 jamque
1497 3959 1634 4028 miserat
1673 3953 1716 4026 ad

346 4057 575 4134 Oeconomum
600 4059 687 4133 illius
713 4059 910 4157 Ecclesiae,
937 4090 1022 4162 quae
1048 4073 1240 4142 necessaria
1276 4081 1372 4144 erant
1405 4071 1448 4143 ad
1481 4069 1715 4144 celebrandam

344 4177 378 4245 in
405 4198 445 4247 ea
473 4178 645 4250 solennem
672 4175 874 4272 Liturgiam,
901 4185 934 4254 in
961 4183 1048 4259 festo
1075 4185 1302 4261 Pentecostes.
1354 4187 1559 4261 Promiserat
1580 4191 1716 4283 insuper

344 4295 510 4388 primariis
536 4293 728 4384 Laicorum,
755 4295 918 4371 iacturum
944 4323 984 4374 se
1009 4313 1045 4374 ut
1071 4302 1126 4375 illa
1158 4302 1313 4376 Ecclesia
1344 4304 1576 4377 Patriarchalis
1611 4313 1716 4394 esset,

345 4408 500 4505 velleque
533 4432 571 4484 se
605 4433 683 4484 esse
707 4410 911 4511 Episcopum
938 4441 1072 4490 eorum:
1101 4419 1161 4493 sed
1188 4424 1297 4493 omnia
1327 4425 1399 4514 ejus
1433 4420 1571 4496 consilia
1608 4421 1715 4495 subita

344 4547 436 4598 mors
463 4530 658 4602 intervertit.
711 4527 858 4605 Conatus
885 4543 938 4606 est
964 4540 1063 4608 etiam
1081 4535 1318 4635 Episcopatum
1343 4536 1486 4611 Cabirae
1509 4561 1570 4611 seu
1590 4535 1716 4608 Misrae

345 4643 521 4731 invadere,
551 4667 691 4741 eumque
716 4670 779 4743 per
803 4651 950 4724 vicarios
978 4675 1074 4742 suos,
1108 4665 1164 4726 aut
1194 4659 1454 4752 perseipsum
1486 4655 1716 4728 administrare

344 4754 515 4831 Macarius
541 4758 661 4833 LXIX.
690 4768 745 4859 qui
771 4763 925 4838 lllichaeli
952 4781 1180 4861 successerat,
1207 4794 1314 4868 eaque
1340 4775 1470 4843 ratione
1501 4769 1717 4868 protrahebat

345 4875 601 4949 nominationem
626 4877 787 4976 Episcopi
813 4893 890 4976 post
916 4882 1054 4958 Sanbuti
1081 4899 1239 4976 mortem,
1276 4888 1389 4961 dicens
1418 4885 1589 4961 Oahiranis
1617 4887 1715 4962 ordi-

344 4999 497 5064 naturum
523 5015 562 5066 se
590 5016 688 5090 quem
714 5000 778 5092 ipsi
804 4995 938 5071 vellent.
975 5001 1042 5098 lpsi
1069 5005 1194 5076 interea
1213 5027 1275 5100 per
1290 5015 1416 5078 sortem
1430 5002 1714 5097 Ecclesiasticam,

345 5103 410 5180 sibi
447 5106 651 5206 Episcopum
691 5113 883 5206 elegerunt,
919 5119 1108 5209 rejicientes
1148 5123 1445 5195 extraordinariam
1477 5121 1567 5195 illam
1597 5123 1712 5195 Patri-

373 5247 489 5291 Tomust
1458 5243 1507 5320 67
