4736 6064
526 608 566 682 ΙΝ
587 604 769 683 chionen
787 605 1012 683 GENERALEM
1028 607 1112 682 SIVE
1128 604 1336 682 allubenti
1349 603 1615 682 Autumnum.
1682 603 1756 677 507

805 876 866 947 12.
908 877 1030 949 Oratio
1052 898 1121 970 pro
1145 899 1254 970 poce,
1282 885 1345 948 etc.

497 1084 534 1164 lu
556 1097 695 1160 omnihus
717 1115 814 1177 prope
838 1095 999 1161 codicibus
1021 1097 1183 1179 Liturgicis
1210 1098 1314 1178 plures
1336 1095 1497 1178 aliquando
1521 1096 1674 1158 orationes
1698 1111 1762 1156 oc-

389 1207 513 1264 currunt
541 1218 597 1281 pro
626 1217 702 1281 pace
733 1199 846 1278 danda,
883 1217 939 1262 seu
968 1199 1193 1280 Osctdopccis
1212 1189 1411 1280 Ἀσπασμῷ,
1439 1206 1471 1261 ut
1501 1198 1609 1262 Graeci
1638 1202 1762 1276 vocant,

387 1318 477 1381 quam
498 1317 606 1362 vocem
629 1316 691 1362 nou
714 1297 852 1378 Coptitae
875 1299 971 1362 solum
993 1301 1200 1377 retinuerunt,
1230 1299 1286 1362 sod
1313 1298 1432 1362 Arabes
1462 1297 1624 1379 aliquando
1656 1297 1762 1358 eadem

388 1390 521 1462 utuntur.¹
566 1398 726 1461 Orationes
750 1405 850 1460 autem
872 1396 941 1460 illae
965 1415 1026 1461 non
1049 1415 1154 1460 omnes
1182 1397 1333 1477 dicumur,
1357 1396 1412 1461 sed
1439 1413 1500 1459 una
1528 1396 1566 1458 ad
1589 1395 1763 1460 Sacerdotis

387 1498 553 1562 arbitrium.
598 1495 697 1577 Vulgo
727 1503 827 1558 autem
855 1499 954 1558 statim
986 1505 1077 1576 atque
1107 1495 1250 1560 Osculum
1277 1498 1361 1576 pacis
1391 1495 1491 1558 datum
1519 1502 1581 1572 est,
1612 1494 1762 1558 Praelatio

386 1597 501 1677 incipit,
524 1603 555 1658 et
577 1602 610 1657 ιιι
631 1595 725 1677 vulgo
748 1594 881 1658 Rituales
911 1581 1075 1677 loquuntur
1095 1593 1273 1674 Ancpltorc,
1296 1592 1427 1670 oblatio,
1451 1596 1516 1656 sive
1546 1611 1642 1655 sacro
1662 1595 1762 1657 Actio.

389 1695 464 1759 Cum
487 1701 585 1756 autem
608 1693 769 1756 Orationes
792 1711 849 1774 pro
871 1711 959 1775 pace,
981 1712 1039 1775 pro
1062 1692 1218 1771 Ecclesia,
1247 1701 1278 1757 et
1308 1694 1374 1774 ejus
1402 1691 1582 1766 Ordinibus,
1614 1701 1675 1756 tum
1704 1713 1763 1775 pro

389 1792 455 1856 aliis
477 1793 618 1874 personis
641 1801 671 1854 et
695 1793 799 1869 rebus,
821 1794 977 1874 proprium
999 1791 1080 1871 alibi,
1104 1800 1134 1855 et
1157 1793 1277 1874 quidem
1289 1793 1414 1855 aliarum
1430 1791 1630 1874 liturgiarum
1656 1812 1763 1855 exem-

388 1892 440 1973 plo
464 1890 691 1954 determinatum
715 1891 814 1954 locum
836 1891 977 1966 habeant,
1001 1909 1129 1973 eumque
1158 1891 1323 1974 duplicem:
1354 1909 1464 1973 nempe
1486 1898 1556 1953 ante
1579 1889 1763 1954 oblationem

388 2008 555 2064 munerum,
579 1999 609 2053 et
632 1997 703 2070 post
725 1989 949 2053 invocationem
973 1989 1101 2071 Spiritus
1124 1993 1232 2067 sancti,
1255 2001 1325 2054 ante
1348 1992 1599 2064 communionem,
1623 1991 1763 2072 singula-

388 2092 431 2154 ris
454 2098 501 2153 est
523 2089 579 2151 hae
602 2089 631 2150 in
655 2096 742 2170 parte
765 2087 965 2170 Aethiopicae
989 2089 1101 2153 hlissae
1132 2089 1302 2171 dispositio,
1325 2091 1412 2171 cujus
1434 2089 1543 2152 idonea
1572 2090 1651 2151 ratio
1681 2087 1764 2152 nulla

389 2188 532 2252 occurrit.
577 2187 621 2249 lta
644 2187 676 2249 bt
697 2195 730 2249 ut
752 2203 814 2248 non
836 2195 952 2250 temere
975 2188 1307 2270 suspicari-possimus,
1329 2188 1480 2251 turbatum
1507 2187 1556 2250 hic
1584 2186 1679 2250 luisse
1706 2206 1763 2269 per

389 2287 594 2350 Librariorurn
617 2294 668 2348 aut
690 2285 838 2348 editorum
861 2287 1014 2365 incuriam,
1039 2289 1124 2368 cujus
1147 2288 1239 2351 multa
1262 2295 1439 2370 argumenta
1461 2297 1539 2350 sunt.

474 2384 529 2447 Est
550 2403 672 2467 quoque
694 2384 885 2448 observanda
908 2403 970 2448 non
992 2385 1069 2449 levis
1082 2387 1251 2452 dillerentia
1273 2390 1352 2450 inter
1367 2387 1524 2467 exemplar
1536 2385 1761 2466 Aethiopicum,

388 2485 583 2564 Latinumque
605 2485 785 2547 versionem
806 2486 836 2547 in
858 2487 972 2548 sanctis
995 2488 1274 2551 commemorandis.
1315 2486 1391 2549 Nam
1413 2487 1443 2547 in
1465 2485 1516 2548 illo
1537 2485 1682 2568 leguntur
1703 2504 1763 2548 no-

389 2585 467 2645 mina
490 2581 619 2644 inlausta
641 2583 754 2665 aliquot
775 2584 996 2663 Jaoohitarum,
1025 2592 1058 2647 ut
1087 2587 1167 2649 inter
1190 2587 1264 2650 alios
1286 2587 1451 2650 Barsomae
1473 2585 1603 2665 damnati
1629 2587 1660 2648 iu
1690 2581 1764 2648 Cal-

389 2681 574 2746 ohedonensi
598 2680 744 2760 Concilio,
768 2691 799 2746 et
822 2683 935 2764 aliquot
953 2682 1185 2764 llonachorum,
1209 2686 1260 2766 qui
1284 2687 1315 2747 in
1338 2685 1443 2748 eadem
1468 2684 1590 2748 haeresi
1611 2685 1762 2749 vixerunt.

390 2781 450 2846 Sed
473 2780 545 2844 nihil
567 2783 672 2845 mirum
696 2783 722 2846 si
744 2781 773 2844 id
804 2783 1007 2846 commiserint
1029 2783 1208 2866 Aethiopes,
1232 2802 1299 2846 eum
1321 2783 1393 2846 illud
1416 2785 1495 2848 idem
1517 2785 1681 2847 Barsomae
1703 2801 1764 2846 no-

389 2898 474 2958 men,
509 2888 542 2943 ut
575 2883 664 2944 etiam
697 2881 854 2944 Philoxeni
887 2890 918 2944 et
951 2882 1065 2962 aliquot
1098 2884 1223 2947 aliorum
1255 2883 1535 2967 blonophysitarum
1564 2884 1702 2960 nomina,
1733 2884 1765 2943 in

389 2979 504 3042 hlissali
526 2979 754 3058 Maronitarum,
777 2981 829 3060 qui
851 2977 954 3042 Canon
978 2980 1182 3046 orthodoxiae
1206 3000 1276 3045 esse
1299 2982 1438 3060 debebat,
1461 2983 1567 3046 relicta
1590 2983 1658 3046 sint.

417 3270 478 3341 13.
511 3271 661 3364 Accepit
685 3293 818 3364 panon,
841 3277 904 3340 eto.
930 3272 1058 3358 diceas,
1083 3273 1152 3343 llio
1167 3269 1276 3364 panis
1296 3281 1348 3346 est
1363 3265 1507 3367 vCorpus
1529 3297 1644 3362 mum,
1673 3281 1736 3344 cto.

504 3479 560 3557 lrn
583 3497 675 3552 totam
691 3473 774 3552 hanc
796 3497 912 3571 partem
936 3488 1067 3554 Cononis
1095 3493 1125 3553 in
1153 3508 1213 3572 qua
1243 3491 1433 3554 consecratio
1462 3495 1636 3573 perficitur,
1667 3495 1765 3558 inter-

392 3595 507 3678 pretari
528 3601 660 3674 oportet,
685 3613 725 3656 ex
749 3593 909 3656 Codicibus
932 3593 1129 3676 Aethiopicis,
1152 3594 1234 3657 edito
1258 3600 1288 3656 et
1311 3597 1530 3676 manuscriptis.
1567 3596 1601 3659 ln
1623 3599 1765 3660 versione

391 3694 496 3756 Latina
520 3711 606 3773 quam
630 3693 688 3775 ipsi
711 3691 879 3774 Aethiopes
902 3693 1071 3770 ediderunt,
1095 3694 1188 3757 forma
1216 3692 1376 3757 verborum
1400 3691 1511 3757 Christi
1532 3696 1664 3757 refertur
1686 3695 1766 3759 hunc

393 3795 424 3856 in
446 3792 576 3857 modum.
621 3791 687 3855 Hoc
709 3800 756 3853 cst
778 3789 897 3871 Corpus
919 3813 1026 3869 mmm,
1049 3796 1130 3874 qaod
1148 3813 1206 3874 pro
1228 3793 1316 3856 cobis
1337 3793 1476 3855 tradetur
1498 3795 1530 3855 ia
1559 3797 1766 3858 rescissionem

389 3901 595 3974 peccatoram
617 3887 722 3953 Amen.
747 3889 821 3951 'lum
844 3891 1038 3974 subjecerunt
1061 3893 1155 3955 verba
1171 3891 1363 3971 Aethiopica,
1387 3891 1508 3956 diuersa
1531 3891 1568 3953 ab
1591 3891 1662 3972 illis,
1688 3913 1766 3974 quae

392 3989 547 4076 Liturgiae
571 3989 726 4070 exemplar
748 3989 859 4052 editum
881 3999 1103 4072 repraesentat,
1126 4010 1184 4054 nec
1206 3991 1319 4054 Latinis
1342 3989 1571 4072 respondentia:
1600 4010 1666 4054 nam
1690 4012 1766 4056 ver-

394 4091 513 4154 tendum
537 4097 615 4150 erat:
639 4087 705 4150 Hoc
727 4096 773 4149 est
788 4086 906 4168 Corpus
927 4109 1033 4166 meum,
1056 4092 1137 4171 quod
1155 4109 1214 4170 pro
1231 4089 1319 4151 cobis
1330 4089 1485 4169 sraupitur
1507 4077 1547 4150 τὸ
1569 4080 1653 4176 ὑπὲρ
1676 4081 1767 4170 ὑμῶν

394 4176 567 4267 κλώμενοι,
589 4197 623 4252 ut
645 4188 775 4252 habetur
802 4189 833 4249 in
863 4189 998 4251 omnibus
1026 4205 1125 4268 prope
1148 4189 1291 4272 liturgiis
1322 4187 1446 4250 Graecis
1477 4197 1508 4250 et
1538 4187 1681 4269 Syriacis.
1734 4190 1768 4252 ln

394 4289 508 4371 aliquot
531 4287 756 4368 exemplaribus
779 4287 920 4350 editionis
942 4285 1067 4349 Latinae
1101 4287 1279 4350 addiderunt
1301 4288 1468 4369 Aethiopes
1499 4289 1640 4350 monitum
1670 4288 1767 4352 istud:

393 4387 462 4450 Noa
483 4393 512 4447 tc
533 4395 676 4449 moveam
697 4387 827 4449 candide
848 4384 961 4447 Lector
984 4388 1171 4466 ecernploriu
1192 4386 1371 4466 Aethiopico
1399 4387 1480 4467 quod
1501 4389 1533 4448 in
1554 4389 1594 4448 iis
1623 4390 1769 4468 scriptum

395 4489 435 4548 sit
455 4485 504 4546 hic
526 4487 612 4565 panis
635 4493 682 4550 est
705 4503 817 4565 corpus
844 4503 959 4562 meum,
990 4485 1063 4564 quio
1091 4487 1288 4548 astutissimi
1315 4493 1345 4547 et
1372 4487 1610 4548 emendatissimi
1639 4485 1768 4549 Codices

395 4584 591 4665 Coptitorum,
613 4587 678 4646 sive
699 4584 913 4667 Aepyptiorum
934 4602 955 4645 a
976 4583 1084 4664 quibus
1105 4593 1138 4646 at
1159 4585 1293 4647 dicimus
1313 4603 1454 4666 mappam
1476 4585 1629 4666 relipionis
1648 4592 1768 4664 portem

395 4685 528 4763 majores
548 4684 648 4745 nostri
668 4691 860 4763 occeperunt,
882 4682 993 4745 hubent
1021 4682 1086 4745 lloc
1114 4691 1162 4746 est
1190 4683 1309 4764 Corpus
1338 4703 1446 4749 meum.
1491 4684 1525 4747 ln
1556 4683 1766 4763 manuscriptis

396 4781 520 4845 aliarum
535 4785 736 4867 liturgiarum
759 4784 850 4846 lectio
873 4781 979 4844 eadam
1002 4788 1060 4858 est,
1083 4799 1119 4844 ac
1140 4783 1170 4844 in
1193 4783 1317 4866 vulgato
1332 4782 1444 4845 Codice
1467 4784 1558 4860 edito,
1582 4791 1613 4846 ot
1635 4785 1677 4847 ita
1698 4783 1767 4846 illos

396 4899 472 4962 quos
495 4885 524 4944 in
547 4883 727 4964 Aethiopico
752 4883 891 4945 viderunt
912 4881 1095 4944 Missionarii
1118 4881 1212 4944 verba
1235 4881 1345 4945 Christi
1367 4891 1616 4962 repraesentasse
1639 4891 1769 4946 testatur

395 4980 533 5046 Baltazar
554 4982 721 5046 Tellezius:
753 4984 804 5063 qui
829 4981 939 5063 adjecit
970 4999 1006 5043 ea
1033 4982 1194 5044 occasione
1225 4980 1378 5044 dubitasse
1408 4980 1553 5061 quosdam
1584 4983 1768 5066 Theologos,
1815 4973 1878 5026 ¹¹5¹*-
1897 4971 2017 5042 ‘lmu-

394 5097 432 5142 au
453 5079 511 5146 illis
532 5081 636 5148 verbis
660 5083 855 5147 consecratio
877 5080 1088 5164 perficeretur.
1141 5079 1279 5163 Arripuit
1302 5097 1460 5145 censuram
1483 5081 1569 5144 istam
1590 5081 1768 5146 Albertinus

440 5216 544 5266 uonna
1509 5198 1560 5272 80
