4736 6064
550 575 592 654 Ill
612 573 796 654 amonuit
816 573 1040 654 ommutui
1057 573 1362 655 SlllELlTURGlAM
1376 575 1646 658 lnlfflouolu
1711 579 1786 656 sot

313 775 318 781 “
413 765 527 830 tionum
556 759 726 824 Orientales
754 759 901 824 formulae
928 758 1005 824 tales
1033 767 1119 839 sunt,
1149 767 1182 822 ut
1214 759 1390 842 plurimum:
1417 760 1658 842 jurisdictionem
1688 773 1789 830 nmen

413 861 633 928 sacerdotalem
655 861 798 942 supponit
820 860 1007 925 necessario.
1029 857 1111 924 luter
1124 859 1320 924 Sacerdotem
1336 877 1427 940 porro
1440 868 1471 924 ct
1482 861 1648 926 Diaconum
1671 865 1788 929 medius

412 960 647 1027 Ecclesiasticus
677 958 760 1022 Ordo
789 957 889 1022 nullus
917 966 979 1022 est:
1008 975 1075 1020 cum
1105 958 1219 1021 Memor
1248 959 1327 1041 apud
1354 959 1525 1044 Aegyptios
1552 970 1586 1026 ut
1607 961 1788 1044 Aethiopes,

414 1059 612 1128 Sacerdotem
634 1058 779 1140 dignitate
802 1065 834 1120 et
854 1059 1014 1120 autoritate
1035 1058 1204 1122 antecedat.

627 1319 662 1389 7.
699 1317 851 1391 Absolve
876 1317 1023 1390 Domine
1049 1317 1297 1390 Putriorebcnn
1322 1326 1484 1410 nostrum,
1512 1326 1577 1392 etc.
1650 1425 1653 1430 Ι

527 1527 765 1607 Inruiuiouuous
803 1545 850 1600 est
886 1536 1059 1602 Patriarcha
1093 1540 1280 1621 Coptitarum
1309 1539 1551 1622 Alexandrinus,
1586 1542 1638 1624 qui
1667 1540 1788 1622 plenam

413 1644 502 1720 etium
525 1643 618 1725 longo
640 1642 719 1706 ultra
737 1640 892 1705 Cauonum
914 1643 1113 1724 praescripta,
1137 1645 1328 1709 autoritatem
1350 1643 1441 1708 hahet
1463 1645 1494 1706 in
1507 1644 1646 1707 Ecclesia
1657 1643 1789 1708 Aethio-

413 1745 492 1825 pica,
517 1744 557 1805 ita
579 1749 612 1806 ut
636 1742 673 1806 ah
697 1757 735 1805 eo
758 1740 826 1806 solo
849 1741 1041 1822 Metropohtu
1063 1742 1206 1826 eligutur,
1229 1751 1259 1806 ct
1281 1743 1439 1806 ordinetur
1462 1742 1552 1824 pleno
1571 1744 1653 1826 jure,
1676 1743 1788 1806 incon·

412 1842 500 1908 sultis
522 1841 695 1924 Episcopis,
718 1859 786 1904 cum
809 1840 879 1904 olim
901 1848 1020 1921 septem
1052 1849 1166 1906 esseut.
1219 1841 1280 1906 Sed
1307 1842 1380 1904 nulli
1408 1842 1518 1904 dudum
1548 1843 1678 1906 suntab
1702 1843 1787 1906 annis

413 1942 536 2004 circiter
559 1940 803 2022 quadringentis,
832 1947 864 2001 ut
894 1940 932 2003 de
961 1958 1018 2003 suo
1042 1948 1176 2022 temporo
1206 1949 1334 2005 testatur
1362 1941 1529 2024 Gregorius
1559 1940 1787 2024 Abulluragius.

412 2040 550 2103 videnda
573 2046 643 2102 sunt
666 2057 746 2120 quae
768 2038 923 2102 retulimus
946 2039 976 2100 in
999 2040 1130 2104 Historia
1158 2039 1373 2104 Alexandrina.
1417 2040 1626 2121 Metropolita,
1649 2058 1705 2104 seu
1728 2040 1788 2102 Pa·
1853 2033 1916 2085 ¹¹5¹!-
1940 2031 2013 2089 Patr.
2038 2035 2115 2089 ntes.

411 2158 479 2221 pas,
502 2147 535 2202 ut
559 2146 669 2202 vocant
690 2137 773 2201 illum
794 2137 973 2220 Aethiopes,
996 2146 1044 2202 est
1065 2139 1185 2202 illorum
1207 2157 1367 2221 supremus
1389 2139 1536 2204 Antistcs.
1582 2139 1669 2203 Hunc
1691 2137 1786 2222 vulgo
1819 2137 1846 2189 Ρ·
1875 2119 1937 2171 ¹⁷⁰·
1961 2120 2024 2172 273.
2051 2121 2114 2176 283.

412 2238 613 2302 Patriarcham
635 2244 745 2299 vocant
768 2236 903 2300 homines
926 2237 1032 2318 nostri,
1056 2256 1145 2321 quem
1162 2239 1277 2302 titulum
1300 2241 1331 2302 in
1347 2239 1471 2304 Oriente
1493 2255 1643 2320 nunquam
1665 2238 1787 2313 habuit;
1823 2204 2035 2259 mmm·
2049 2206 2116 2262 ⁵⁶⁰⁶

411 2337 467 2401 sed
490 2336 651 2418 aliquando
674 2333 831 2414 Catholici,
854 2338 886 2398 in
909 2335 1086 2418 quibusdam
1102 2337 1338 2401 Collectionibus
1354 2337 1509 2403 Curionum
1531 2338 1652 2402 illorum
1673 2337 1786 2400 Nicae-

411 2455 519 2500 norum
542 2436 593 2519 qui
616 2433 912 2514 dicunturArahici‚
936 2437 1071 2517 quamvis
1095 2437 1269 2520 improprie.
1320 2437 1395 2500 Num
1420 2435 1593 2501 Catholicus
1617 2437 1785 2514 dicebatur,
1835 2443 1898 2498 Cae.
1916 2447 1962 2498 42.

411 2537 438 2600 is
462 2536 513 2615 qui
534 2535 705 2617 Episcopos
727 2540 758 2597 ct
780 2533 989 2615 Metropolitas
1020 2535 1163 2600 ordinare
1184 2545 1321 2618 poterat;
1351 2538 1433 2619 quod
1455 2556 1516 2600 nou
1545 2544 1647 2620 potest
1675 2535 1787 2601 dudum

411 2635 593 2715 Aethiopum
615 2633 754 2714 praesul;
785 2633 841 2696 sed
864 2633 914 2695 diu
936 2633 1104 2716 Episcopos
1128 2643 1241 2698 tantum
1264 2637 1424 2717 ordinavit,
1446 2655 1546 2718 neque
1569 2637 1673 2718 plures
1697 2654 1786 2717 quam

411 2742 545 2817 septem;
569 2740 677 2815 postea
700 2732 813 2796 nullos:
837 2732 1046 2814 Metropolitas
1065 2752 1228 2816 nunquam,
1251 2754 1320 2801 cum
1342 2738 1372 2799 in
1383 2735 1547 2818 Aethiopia
1568 2735 1668 2799 nullus
1691 2753 1787 2816 prac-

411 2841 459 2898 ter
483 2853 551 2898 eum
574 2833 717 2898 extiterit.
762 2832 867 2914 ltaque
890 2851 958 2896 cum
980 2835 1011 2897 in
1041 2833 1107 2897 aliis
1130 2835 1195 2916 ejus
1218 2836 1277 2899 loci
1300 2836 1487 2902 orationihus
1518 2844 1550 2900 et
1576 2836 1607 2898 in
1629 2833 1786 2916 Diptychis

411 2941 480 3015 post
502 2931 714 3011 Patriarcham,
738 2940 769 2995 et
797 2933 1028 3015 Metropolitum,
1059 2935 1203 2998 momoria
1232 2936 1283 2999 fiat
1311 2936 1533 3018 Episcoporum
1560 2933 1634 2999 loci:
1669 2933 1718 2995 hic
1748 2933 1787 2996 de

412 3033 469 3100 illis
493 3034 604 3096 mentio
615 3031 697 3095 nulla
720 3041 768 3096 est
775 3053 785 3110 ;
808 3050 917 3113 nempe
930 3033 1010 3114 quod
1024 3031 1123 3095 nullus
1137 3042 1221 3097 esset
1233 3044 1358 3116 praeter
1368 3036 1590 3117 Metropolitum
1602 3033 1785 3114 Episcopus.

550 3321 586 3394 8.
606 3395 608 3400 ,
626 3323 794 3422 Memento
821 3323 967 3396 Domine
995 3329 1183 3398 animorum
1208 3348 1383 3398 cereorum
1409 3333 1559 3418 tauron,
1586 3333 1651 3399 etc.

513 3539 584 3619 Cau
607 3543 756 3608 hocloco
779 3547 876 3610 oratio
906 3546 957 3610 fiat
985 3564 1041 3627 pro
1068 3547 1127 3610 illis
1150 3565 1227 3630 quos
1249 3546 1388 3610 Ecclesia
1409 3545 1591 3628 Aethiopica
1619 3557 1787 3613 ueneratur

412 3663 552 3738 tanquam
574 3659 707 3729 sanctos,
731 3658 762 3714 et
784 3650 823 3713 ad
846 3667 922 3730 quos
945 3668 1054 3730 preces
1077 3651 1187 3714 multae
1209 3651 1379 3734 diriguntur
1408 3652 1439 3714 in
1461 3650 1654 3733 Synaxariis,
1685 3671 1786 3716 excu-

412 3755 476 3818 sari
498 3771 559 3816 non
581 3757 709 3834 possunt
730 3748 909 3829 Aethiopes,
932 3749 1013 3830 quod
1036 3768 1096 3814 uon
1113 3751 1397 3827 alitarsanotorum,
1420 3769 1508 3833 quam
1531 3769 1635 3814 corum
1658 3767 1786 3832 quorum

413 3855 495 3918 salus
518 3854 635 3916 incerta
657 3857 715 3929 est,
739 3849 1053 3912 commemorationem
1076 3849 1193 3913 saciant.
1237 3849 1330 3913 Nesus
1360 3851 1480 3933 quidem
1509 3869 1580 3914 esse
1609 3868 1699 3915 orare
1729 3868 1786 3932 pro

413 3961 546 4036 martyre
568 3958 697 4015 testatur
717 3947 905 4032 Augustinus
928 3967 989 4012 non
1012 3967 1072 4013 uno
1093 3950 1178 4013 loeo:
1202 3968 1306 4012 verum
1328 3952 1463 4033 quamvis
1485 3952 1583 4014 sancti
1605 3967 1733 4032 quorum
1754 3948 1787 4010 in

414 4054 470 4116 hae
493 4053 631 4117 oratione
653 4048 772 4113 nomina
793 4047 948 4132 leguntur,
971 4057 1120 4131 martyres
1142 4065 1203 4112 non
1224 4048 1347 4129 luerint,
1362 4047 1474 4133 'agnita
1496 4057 1596 4113 tamen
1619 4058 1667 4114 est
1689 4056 1720 4112 et
1742 4057 1788 4112 tot

414 4153 567 4215 miraculis
588 4149 762 4214 continuata
793 4147 912 4211 illorum
942 4149 1100 4228 sanctitas,
1130 4157 1163 4211 ut
1190 4149 1220 4211 in
1243 4149 1385 4212 universa
1407 4148 1546 4212 Ecclesia
1574 4147 1787 4212 commendare

414 4252 591 4316 suillorum
614 4247 812 4330 apudDeum
845 4248 1116 4311 interventionibus
1145 4248 1251 4327 fideles
1281 4247 1362 4311 soliti
1391 4245 1518 4326 suerint,
1550 4264 1611 4310 non
1640 4265 1697 4329 pro
1728 4247 1787 4309 illis

414 4369 504 4414 orare
527 4359 557 4414 et
579 4349 799 4414 ahsolutionem
821 4353 941 4427 petere.
987 4346 1019 4410 Si
1047 4348 1085 4411 de
1112 4347 1264 4412 nonnullis
1287 4349 1338 4429 qui
1361 4348 1409 4410 hic
1431 4348 1638 4423 nondnuntur,
1667 4345 1788 4410 dubium

414 4450 534 4533 aliquod
556 4448 646 4528 foret,
670 4456 700 4511 at
721 4447 834 4512 nullum
864 4447 903 4509 de
931 4446 985 4512 SS.
1008 4446 1140 4510 Antonio
1171 4455 1203 4511 et
1229 4448 1380 4527 Macario,
1412 4455 1444 4511 ut
1472 4464 1573 4528 neque
1601 4447 1640 4510 de
1668 4444 1786 4509 Salamu

414 4569 503 4634 quem
526 4549 663 4613 eumdem
685 4565 756 4612 esse
779 4546 941 4610 verisimile
974 4555 1031 4627 est,
1055 4548 1107 4628 qui
1128 4547 1319 4611 Frumentius
1343 4547 1507 4610 a‘Graecis
1530 4545 1716 4628 appellatur,
1746 4563 1787 4607 ex

414 4668 476 4731 quo
498 4650 619 4714 nomine
642 4647 811 4729 Aethiopes
835 4643 973 4710 lecerunt
993 4647 1201 4712 Frcmonotee.
1253 4645 1335 4710 ldam
1362 4653 1518 4729 peccatum
1546 4646 1727 4710 observatur
1755 4645 1787 4708 in

415 4747 519 4812 Olllcio
543 4747 686 4813 Generali
708 4746 835 4828 Syriaco
856 4744 937 4826 quod
960 4763 978 4807 a
999 4746 1087 4810 nohis
1110 4746 1223 4810 editum
1237 4753 1294 4825 cst,
1317 4745 1370 4809 uhi
1390 4763 1453 4809 uon
1475 4745 1572 4810 solum
1594 4763 1651 4827 pro
1676 4745 1786 4827 aliqui-

413 4843 472 4908 hus
494 4849 607 4910 sanctis
630 4854 744 4921 oratur,
767 4853 797 4908 et
819 4845 905 4926 quies
935 4846 1121 4926 postulatur,
1149 4864 1256 4910 verum
1277 4853 1310 4908 et
1330 4863 1388 4926 pro
1409 4843 1444 4911 Β.
1467 4846 1606 4930 Virgine,
1632 4864 1692 4927 quo
1715 4844 1787 4908 nihil

414 4943 583 5011 absurdius.
629 4944 663 5006 ln
684 4943 820 5026 liturgia
843 4943 969 5027 Coptica
991 4943 1112 5026 Basilii,
1133 4963 1235 5029 neque
1257 4945 1289 5007 in
1311 4945 1428 5008 Graeca
1451 4946 1589 5027 ejusdem
1610 4945 1687 5010 tituli
1709 4944 1787 5008 Ale·

412 5044 559 5112 xaudrina
581 5041 681 5109 simile
704 5040 864 5123 quidquam
887 5045 1031 5126 occurrit,
1053 5053 1086 5109 ut
1115 5062 1175 5110 uec
1196 5047 1228 5109 iu
1250 5045 1317 5110 eliis
1340 5044 1478 5109 omnihus
1501 5044 1658 5131 hiturgiis.
1703 5043 1788 5108 Unde

1494 5164 1577 5241 ’ἴθ’
