4670 6046
582 467 658 542 238
1074 463 1462 544 COMMENTARIUS

582 652 661 736 gulis
685 653 850 735 subjungi,
868 661 953 715 erute
977 671 1034 732 pro
1060 652 1164 730 nobie,
1193 669 1254 714 non
1284 658 1330 713 est
1358 669 1397 712 cx
1427 649 1571 714 Orientali
1599 653 1825 718 consuetudine.
1869 655 1943 718 Nam

583 751 664 833 qnod
687 758 791 815 extant
812 753 842 816 in
866 751 1028 814 Codicibus
1048 749 1267 815 recentioribus
1291 749 1436 830 quaedam
1457 749 1591 814 litaniae
1613 755 1724 816 nostris
1747 754 1871 835 similes,
1894 757 1943 818 vel

580 869 678 932 prope
701 850 841 930 eaedem,
865 849 991 914 debetur
1011 851 1267 914 blissionariorum
1280 849 1470 933 diligentiae,
1492 849 1543 930 qui
1564 849 1630 912 illas
1650 851 1853 916 Orientalibus
1876 865 1944 918 sunt

581 950 787 1031 interpretati,
810 957 842 1011 ut
864 948 1000 1012 diversas
1023 969 1063 1012 ex
1084 950 1196 1012 nostris
1218 949 1302 1011 libris
1325 948 1478 1010 orationes
1501 949 1585 1012 atius.

667 1049 712 1110 De
734 1056 916 1111 mortuorum
939 1051 1220 1112 commemoratione
1243 1055 1274 1110 et
1294 1046 1436 1129 precibus
1459 1065 1514 1128 pro
1538 1049 1670 1128 ipsorum
1693 1050 1810 1132 quiete,
1833 1051 1941 1114 dictum

582 1157 628 1210 est
651 1149 807 1228 superius,
830 1147 898 1229 quia
922 1147 1057 1229 duplices
1079 1155 1112 1210 ut
1134 1149 1223 1211 etiam
1244 1147 1435 1210 observatum
1457 1155 1516 1224 est,
1538 1147 1649 1210 inllitu
1664 1148 1854 1232 Aegyptiaco
1877 1151 1943 1214 lieri

580 1247 689 1326 solent,
712 1264 768 1328 pro
791 1247 918 1310 diversis
941 1248 1032 1310 rebus
1055 1256 1085 1311 et
1106 1248 1246 1330 personis
1268 1251 1428 1310 orationes.

982 1505 1199 1578 Prooemium
1224 1513 1304 1578 ante
1326 1510 1541 1601 fractionum

680 1729 863 1808 Pnoonmur
885 1739 1052 1822 appellatur
1078 1741 1108 1803 in
1135 1741 1234 1802 multis
1258 1740 1411 1805 codicibus
1433 1741 1509 1804 baec
1531 1742 1640 1821 oratio,
1662 1742 1731 1823 quia
1758 1762 1799 1805 ex
1825 1745 1940 1808 ittnmrm

582 1862 697 1928 genere
721 1851 767 1908 est
789 1860 867 1925 quae
890 1841 1028 1904 dicuntur
1050 1846 1118 1901 ante
1141 1857 1256 1902 sacram
1279 1840 1406 1920 aliquam
1420 1841 1578 1919 actionem,
1601 1839 1639 1903 ad
1661 1841 1844 1906 Sacrificium
1866 1864 1941 1926 per·
2028 1889 2031 1900 .

582 1945 735 2022 tinentem‚
758 1949 791 2004 ut
814 1942 869 2004 ista
893 1957 970 2020 quae
992 1938 1141 2001 antecedit
1171 1939 1345 2001 tractionem
1368 1938 1512 2021 Corporis
1535 1939 1660 2017 Cbristi,
1689 1941 1728 2004 de
1756 1944 1841 2026 quus
1863 1962 1938 2008 oon.

580 2051 724 2107 summata
746 2039 990 2104 transmutatione
1013 2039 1073 2120 jam
1096 2055 1155 2100 non
1180 2037 1339 2116 dubitatur,
1363 2046 1503 2101 ettamen
1525 2046 1623 2117 orant,
1644 2049 1677 2102 ut
1699 2041 1782 2123 digni
1804 2042 1941 2106 allician-

579 2151 629 2206 tur
650 2143 858 2206 communione
886 2147 916 2202 et
945 2127 1174 2219 participatione
1203 2139 1414 2218 mysteriorum
1444 2137 1509 2219 ejus
1539 2137 1724 2217 divinorum,
1757 2158 1834 2220 quae
1863 2161 1941 2208 nove

578 2243 716 2323 probatio
739 2247 786 2302 est
808 2237 954 2299 adversus
983 2234 1154 2298 abnormem
1184 2235 1300 2299 Claudii
1329 2236 1465 2301 salmasii
1494 2236 1787 2319 interpretationem,
1816 2242 1853 2304 de
1883 2261 1940 2324 qua

580 2343 697 2405 dicetur
719 2342 749 2403 in
771 2339 850 2401 notis
873 2335 910 2398 ad
933 2335 1095 2416 secundam
1112 2333 1287 2418 liturgiam.
1310 2336 1430 2399 Fraotio
1453 2343 1551 2399 autern
1573 2335 1701 2414 hostiae,
1723 2339 1788 2403 sive
1811 2341 1940 2420 oblatae,

580 2439 693 2522 duplex
716 2447 780 2520 est,
810 2439 904 2518 prima
927 2452 965 2498 eo
987 2436 1054 2517 ipso
1077 2442 1212 2516 ternpore
1243 2452 1302 2515 quo
1333 2437 1570 2516 pronunciantur
1591 2435 1666 2498 baec
1693 2437 1788 2500 verba
1819 2438 1939 2518 Christi,

579 2539 690 2621 Fregit,
714 2537 850 2618 adquae
874 2534 1084 2597 adnotaturin
1108 2533 1254 2611 rubricis,
1285 2542 1315 2596 et
1343 2532 1490 2596 Gabrielis
1517 2533 1642 2613 liituali,
1676 2537 1802 2618 aliisque
1831 2540 1939 2601 rituum

580 2636 814 2719 expositoribus,
839 2634 1032 2697 Sacerdotem
1054 2633 1197 2717 frangere
1224 2633 1351 2697 oblatam
1382 2635 1496 2696 intres
1519 2643 1637 2715 partes,
1669 2655 1742 2719 quas
1770 2646 1867 2700 tamen
1899 2639 1939 2702 ita

579 2739 708 2800 invicem
730 2736 895 2818 conjungit,
919 2743 951 2796 ut
973 2732 1068 2795 fracta
1090 2751 1151 2796 non
1173 2741 1326 2815 appareat.
1379 2733 1517 2796 Secundo
1546 2753 1621 2798 vero
1652 2744 1682 2798 et
1709 2739 1833 2818 proprie
1860 2739 1939 2801 dicta

578 2837 716 2916 Fractio,
747 2852 824 2918 quae
847 2833 994 2896 hocloco
1017 2832 1187 2915 perimitur,
1216 2841 1262 2896 est
1284 2833 1401 2895 illarum
1428 2833 1555 2913 partiunt
1585 2834 1616 2896 in
1642 2834 1748 2897 multas
1775 2837 1938 2918 particulas

581 2937 700 3014 divisio,
725 2935 761 2997 ad
785 2933 1018 2997 distribuendam
1049 2933 1294 2996 communionem.
1344 2931 1427 2994 llitns
1458 2932 1623 2995 Fractionis
1652 2933 1749 2996 nullus
1778 2936 1939 3018 singularis

580 3044 642 3111 est;
665 3033 720 3097 sed
742 3031 923 3115 particulae,
953 3040 986 3094 ut
1016 3030 1094 3113 apud
1118 3029 1262 3107 Graecos,
1284 3032 1314 3092 in
1337 3030 1420 3094 disco
1444 3031 1646 3111 collocantur,
1676 3042 1706 3095 et
1735 3043 1841 3117 postea
1869 3036 1938 3098 velo

579 3142 732 3217 teguntur.
777 3133 850 3195 Tum
873 3131 1023 3196 Sacerdos
1046 3132 1145 3214 signat
1168 3149 1207 3194 ex
1229 3131 1375 3213 sanguine
1397 3131 1428 3191 in
1451 3148 1538 3211 quem
1566 3131 1690 3215 digitum
1712 3135 1841 3217 intingit,
1864 3154 1938 3216 par-

577 3241 639 3296 tem
661 3233 777 3295 hostiae
805 3232 963 3313 majorem:
988 3249 1023 3294 ea
1046 3232 1124 3292 enim
1146 3238 1193 3293 est
1215 3248 1302 3310 quam
1325 3229 1485 3292 lobodicon
1507 3239 1635 3308 vocant,
1658 3251 1735 3312 quae
1756 3252 1833 3308 vox,
1856 3232 1940 3295 nullo·

559 3334 609 3414 ,in
630 3330 698 3394 loeo
722 3331 872 3414 explicate
895 3347 912 3391 a
934 3329 1020 3393 nobis
1043 3337 1164 3410 reperta
1187 3337 1249 3402 est;
1273 3329 1385 3409 qnippe
1397 3329 1550 3392 notissima
1570 3347 1636 3392 cum
1652 3339 1745 3410 esset,
1769 3350 1857 3395 nemo
1872 3351 1937 3394 eom

579 3431 785 3512 explicandam
803 3428 956 3513 judicavit.
999 3429 1032 3491 ln
1056 3427 1168 3492 Codice
1199 3428 1316 3492 Graeco
1338 3429 1434 3510 Regio
1457 3419 1655 3509 Σπουδικόν,
1684 3449 1762 3511 quae
1789 3433 1938 3512 scriptura

577 3530 648 3593 iacit
670 3539 702 3592 ut
719 3529 887 3612 judicemus
910 3547 1017 3593 vocem
1039 3528 1187 3592 detortam
1210 3547 1278 3592 esse
1302 3546 1319 3590 a
1342 3527 1457 3590 Graeco
1480 3516 1690 3610 Aaonorexo'r,
1714 3537 1747 3592 ut
1768 3531 1938 3593 subintelli-

577 3638 667 3712 gatur
690 3627 800 3706 σώμαι
823 3647 932 3710 nempe
954 3647 1065 3708 corpus
1086 3628 1283 3702 Dominimim,
1306 3645 1373 3689 nam
1395 3627 1510 3689 literam
1523 3628 1557 3692 Τ.
1572 3626 1716 3711 Aegyptii
1740 3628 1769 3690 in
1791 3629 1825 3691 Δ
1844 3630 1936 3715 vulgo

579 3737 766 3792 convertunt.
797 3729 870 3792 Cum
891 3744 967 3792 vero
989 3745 1138 3808 nunquam
1162 3745 1197 3790 ea
1219 3745 1281 3789 vox
1299 3735 1463 3810 usurpatur
1485 3727 1524 3790 de
1546 3725 1643 3790 hostia
1665 3745 1725 3790 non
1748 3738 1935 3809 consecrata,

578 3830 775 3892 certissimum
801 3828 921 3891 uidetur
948 3828 1124 3908 particulam
1153 3826 1295 3906 mediam,
1325 3845 1402 3907 quae
1431 3825 1469 3888 ad
1497 3828 1755 3890 consecrationem
1784 3827 1935 3910 deligitur,

577 3927 704 4010 intelligi
731 3926 860 4006 debere,
890 3928 968 3990 sicut
998 3928 1062 4008 ojus
1091 3926 1177 3988 etiam
1205 3928 1338 3990 minores
1367 3933 1488 4007 partos,
1517 3943 1582 3988 cum
1613 3944 1650 3988 ea
1679 3944 1740 3988 vox
1766 3930 1936 4009 reperiatur

577 4025 684 4110 plurali
707 4044 842 4090 numero.
883 4025 979 4109 lgitur
1000 4044 1056 4107 per
1077 4027 1166 4089 istum
1194 4026 1281 4086 ritum
1309 4024 1341 4086 lit
1362 4024 1456 4088 unitio
1479 4032 1510 4087 et
1532 4025 1721 4089 consecratio
1744 4029 1881 4109 corporis
1904 4035 1935 4090 et

576 4125 730 4210 sanguinis
753 4125 880 4204 Domini,
903 4125 953 4188 rel
975 4126 1075 4206 potius
1099 4123 1264 4199 inchoatum
1287 4140 1364 4202 cum,
1386 4130 1420 4187 ut
1442 4141 1481 4184 ex
1503 4126 1696 4204 sequentibus
1718 4127 1846 4190 rubricis
1869 4137 1938 4190 rua*

577 4223 717 4288 nilestum
741 4231 798 4303 est,
821 4226 962 4288 immissio
984 4223 1149 4306 particulae
1166 4232 1360 4286 consecratae
1375 4224 1404 4284 in
1420 4222 1552 4303 calicem,
1576 4232 1608 4286 et
1621 4225 1750 4308 signatio
1765 4245 1805 4290 ex
1820 4226 1938 4303 eadem,

578 4323 790 4405 particularum
811 4340 889 4405 quae
912 4324 1032 4386 suntin
1055 4323 1148 4401 disco,
1172 4323 1222 4385 srot
1242 4331 1313 4404 post
1333 4323 1474 4385 recitatas
1497 4323 1648 4385 orationes
1661 4323 1836 4401 drautionis,
1860 4342 1934 4405 quas

578 4423 636 4486 hoo
665 4422 735 4486 loco
765 4423 899 4506 liturgia
927 4428 1152 4505 repraesentat,
1176 4429 1225 4485 aut
1248 4438 1367 4501 omnes,
1390 4429 1441 4484 aut
1470 4439 1557 4484 unam
1587 4441 1627 4484 ex
1654 4423 1758 4488 tribus.
1810 4423 1934 4486 Omnem

578 4528 677 4585 autem
699 4521 867 4586 Fractionis
889 4523 977 4584 ritum
1000 4521 1130 4602 explicat
1148 4520 1268 4583 Gabriel
1283 4518 1517 4598 Alexandrinus,
1540 4522 1625 4602 cujus
1653 4521 1746 4585 verba
1769 4523 1817 4586 hie
1838 4541 1936 4604 appo-

577 4637 692 4684 nemus.
742 4620 868 4697 Potres,
896 4621 1006 4702 inquit,
1039 4622 1137 4684 nostri
1156 4623 1383 4694 contineant,
1412 4627 1461 4696 ut,
1490 4637 1548 4701 qno
1575 4627 1707 4702 ternpore
1733 4623 1809 4684 baec
1835 4625 1935 4685 oratio

577 4718 698 4793 dicitnr,
719 4717 871 4782 Sccenios
892 4739 1000 4782 manns
1025 4721 1057 4781 in
1079 4721 1180 4781 crucis
1202 4719 1319 4780 modum
1347 4725 1550 4798 connpcneret,
1578 4728 1667 4800 omne
1692 4722 1736 4782 ito
1763 4721 1937 4802 designaret

577 4815 672 4877 Deum
695 4835 761 4878 esse
779 4827 967 4896 proruentem
988 4821 1066 4881 inter
1085 4838 1150 4882 noo.
1197 4817 1270 4880 Cum
1291 4818 1375 4893 dicit,
1398 4835 1509 4900 corpus
1532 4825 1683 4893 sanctum;
1710 4823 1838 4900 accipiet
1858 4840 1933 4884 cor-

573 4933 633 4996 pus
654 4923 800 4991 sunctum,
820 4918 1004 5000 imponetque
1025 4919 1099 4981 illud
1119 4937 1209 4999 nuper
1222 4935 1341 4980 monum
1362 4935 1448 4980 ntem
1469 4918 1634 4995 musteum,
1656 4929 1686 4982 et
1696 4928 1788 5000 ponet
1808 4921 1932 5001 digitum
