4686 6060
741 617 819 690 roo
1115 617 1723 696 nnrnrrrnnonl
1805 603 1807 612 ’

740 807 873 898 tiquae,
899 807 1062 895 veritate,
1090 802 1175 876 adeo
1203 813 1238 875 ut
1265 803 1373 879 multis
1399 827 1596 901 persuasum
1623 803 1741 895 luerit,
1768 816 1868 902 caput
1893 807 2000 880 fuisse
2027 811 2115 884 Petri

740 917 1016 1015 HieromartpriS,
1041 941 1109 991 non
1135 919 1242 990 Marci
1273 917 1531 1012 Evangelistae,
1568 921 1655 1015 quod
1690 922 1786 994 sirmd
1822 948 1895 996 cum
1932 929 2006 1018 ejus
2034 950 2115 998 cor-

740 1058 837 1132 pore,
863 1034 1026 1107 Venetiae
1053 1059 1074 1108 a
1095 1033 1255 1108 Rumaeis
1283 1059 1343 1111 seu
1362 1035 1502 1108 Graecis
1527 1045 1732 1131 asportatum
1760 1037 1869 1111 luerit.
1908 1039 2114 1130 Abulbircat,

518 1215 528 1232 ,
631 1175 635 1188 ·
740 1149 837 1243 hujus
865 1150 1088 1224 translationis
1115 1161 1269 1246 tanquam
1298 1173 1359 1224 suo
1387 1162 1549 1246 tempore,
1577 1161 1691 1223 certae
1705 1158 1868 1228 meminit:
1896 1165 2114 1253 caputtamen

741 1265 892 1338 relictum
918 1266 1006 1363 apud
1032 1266 1190 1340 familiam
1215 1267 1398 1357 Electum,
1424 1277 1563 1342 testatus
1591 1275 1652 1339 εει.

470 1397 655 1452 eaeremoniis
673 1407 730 1468 poc
845 1382 1030 1454 LXXXIII.
1059 1383 1156 1470 Quod
1183 1406 1268 1455 vero
1296 1383 1338 1456 ad
1370 1387 1477 1478 ipsam
1504 1382 1755 1456 Ordinatiouem
1786 1405 1854 1457 non
1888 1387 2023 1476 attiuet,
2058 1387 2114 1458 scd

417 1482 619 1540 ⁰¹ffi¹¹⁸¹³⁰¹¹⁰¹¹l
742 1497 785 1570 ad
810 1501 892 1571 novi
918 1497 1131 1570 Patriarcbae
1158 1503 1424 1594 susceptionem,
1460 1499 1591 1595 quando
1618 1521 1686 1571 non
1722 1501 1785 1572 nisi
1811 1523 1858 1572 ex
1881 1499 2024 1574 historia
2051 1505 2114 1598 peti

741 1622 876 1711 potest,
904 1636 951 1684 ex
978 1613 1095 1686 eadem
1122 1614 1294 1710 explicare
1317 1619 1387 1707 jam
1414 1614 1658 1708 aggrediemur.
1690 1613 1843 1686 Diximus
1865 1616 2113 1691 ordinationem

741 1752 808 1801 non
835 1728 935 1802 modo
962 1733 1076 1824 primis
1103 1731 1267 1822 saeculis,
1294 1729 1354 1804 sed
1382 1732 1480 1802 etiam
1513 1730 1633 1802 dudum
1664 1740 1841 1825 postquam
1868 1733 2050 1830 Aegyptus
2081 1740 2113 1806 in

739 1844 891 1920 Arabum
917 1855 1117 1942 potestatem
1143 1849 1247 1936 venit,
1273 1845 1503 1918 Alexandriae
1529 1846 1662 1935 laetam,
1691 1869 1737 1918 ex
1763 1849 1896 1942 antiqua
1924 1849 2112 1945 disciplina:

740 1971 860 2059 postea
888 1970 923 2033 et
949 1966 1056 2034 serius
1083 1961 1155 2033 lieri
1182 1964 1292 2057 coepit
1320 1960 1478 2035 OabIrae:
1515 1985 1635 2058 nempe
1665 1971 1702 2033 ut
1728 1985 1774 2033 cx
1799 1967 1985 2060 principum
2012 1977 2113 2038 auto-

740 2081 839 2150 ritate
865 2081 971 2149 minus
1000 2075 1195 2149 turbaretur.
1247 2077 1296 2149 Ita
1332 2088 1442 2150 tamen
1473 2081 1643 2150 immutata
1676 2085 1728 2149 εει
1753 2088 1851 2151 vetus
1877 2079 1935 2152 illa
1962 2103 2112 2153 consue-

664 2289 666 2296 Α
741 2195 838 2283 tudo,
865 2204 901 2266 ut
927 2185 1057 2288 qnando
1085 2193 1220 2295 liceret,
1245 2192 1476 2266 Alexandriae
1502 2195 1612 2288 potius
1645 2217 1744 2289 quam
1772 2185 1914 2267 Cabirae
1942 2195 2112 2267 Ordinatio

741 2308 975 2383 celebraretur.

467 2419 727 2478 proclamationis·
843 2425 1030 2498 LXXXIV.
1059 2423 1199 2510 Quando
1226 2424 1260 2495 in
1285 2422 1349 2495 bac
1380 2425 1465 2498 urbe
1497 2423 1585 2498 lacta
1616 2423 1744 2516 fuerat,
1779 2423 1958 2520 oportebat
1988 2449 2111 2500 novum

413 2506 537 2560 xandriae
563 2508 682 2563 iacienda
705 2512 727 2562 si
822 2544 829 2560 .
1064 2544 1071 2559 .
1318 2543 1326 2558 ·
1524 2545 1531 2560 .
1575 2546 1582 2560 .
1714 2544 1721 2559 .
1903 2547 1910 2562 .
2042 2535 2066 2562 .-

413 2594 450 2647 Μ
467 2596 599 2650 ⁰,de
615 2613 668 2651 non
682 2539 964 2650 fu„Patriarcbam
997 2551 1106 2615 statim
1138 2539 1381 2614 Alexandriam
1416 2541 1602 2637 proticisci,
1640 2551 1676 2612 ut
1710 2564 1744 2613 m
1777 2541 1932 2614 Ecclesia
1959 2545 2111 2617 Patriar-

413 2681 483 2736 Μ
741 2657 826 2729 chali
853 2661 925 2751 ejus
951 2655 1170 2753 proclamatio
1197 2656 1308 2746 fieret3
1343 2665 1377 2728 et
1410 2656 1518 2730 donec
1552 2681 1593 2729 ea
1620 2654 1707 2729 lacta
1734 2659 1865 2750 fuisset,
1891 2659 2111 2731 Alexandrini

741 2772 1007 2846 Patriarcbarum
1034 2794 1199 2845 novorum
1222 2771 1485 2866 jurisdictionem
1511 2795 1579 2845 non
1606 2773 1848 2866 agnoscebant,
1875 2796 1984 2869 neque
1997 2795 2111 2848 eorum

740 2908 862 2960 nomen
889 2893 923 2961 in
949 2888 1115 2987 Diptyeba
1141 2886 1343 2961 referebant.
1396 2887 1515 2962 Novus
1543 2891 1642 2981 igitur
1660 2889 1853 2962 Patriarcba
1871 2891 2110 2966 Alexandriam

740 3001 940 3098 adveniens,
968 3003 1198 3102 excipiebatur
1225 3027 1245 3075 a
1273 3002 1374 3076 Clero
1401 3013 1434 3076 et
1461 3003 1661 3099 primoribus
1689 3007 1850 3099 civitatis,
1878 3008 2029 3103 aliisque,
2057 3011 2110 3102 qui

738 3119 817 3192 lieet
844 3145 884 3193 ea
909 3124 943 3193 in
969 3120 1053 3194 urbe
1080 3119 1279 3195 domicilium
1304 3142 1373 3193 non
1399 3119 1579 3210 baberent,
1613 3144 1654 3193 co
1688 3132 1798 3194 tamen
1829 3121 2033 3218 pergebant,
2070 3123 2111 3196 ad

737 3235 901 3310 bonorem
928 3242 959 3312 ei
987 3239 1209 3312 deserendum.
1262 3235 1463 3334 Exemplum
1490 3241 1636 3310 occurrit
1661 3240 1695 3309 in
1722 3243 1792 3311 vita
1819 3239 1959 3311 loannis
1974 3239 2110 3312 LXXII.

737 3376 834 3448 quem
860 3360 1007 3452 primum·
1027 3357 1153 3429 illisrae
1180 3354 1364 3427 ordinatum
1392 3353 1533 3446 legimns
1567 3375 1654 3425 anno
1689 3353 1718 3428 J.
1752 3354 1790 3428 C.
1823 3353 2025 3428 IICXLVII.
2077 3355 2109 3426 Is

740 3474 862 3566 quippe
888 3471 1130 3546 Alexandriam
1156 3479 1234 3567 post
1261 3470 1507 3543 ordinationem
1535 3467 1650 3540 ductus
1677 3479 1760 3560 est,
1775 3481 1873 3566 atque
1900 3471 1947 3544 ibi
1971 3471 2109 3567 procla-

734 3589 835 3659 matio
863 3593 936 3681 ejus
962 3587 1064 3671 lacta,
1113 3587 1234 3661 Modus
1263 3595 1372 3659 autem
1404 3586 1433 3656 is
1464 3583 1541 3656 fuit:
1577 3593 1612 3658 ut
1648 3595 1746 3658 extra
1778 3585 1895 3659 urbem
1930 3590 1963 3660 in
1998 3587 2107 3682 aliquo

735 3700 929 3796 Coenobio,
956 3703 1013 3776 vel
1042 3703 1197 3776 Ecclesia
1228 3693 1462 3798 pernoctaret:
1495 3702 1657 3796 postridie
1690 3705 1821 3774 veniret
1853 3702 1895 3774 ad
1922 3702 2108 3774 Ecclesiam

733 3818 775 3890 D.
802 3820 924 3912 Marci,
951 3831 1007 3893 aut
1033 3821 1156 3912 aliam,
1184 3843 1258 3892 cum
1285 3821 1461 3891 continnae
1488 3842 1508 3889 a
1535 3816 1784 3891 Mubamedanis
1810 3822 2022 3906 vexationes,
2051 3821 2108 3888 in-

611 3925 617 3938 ’
733 3935 869 4027 cendia,
896 3940 1036 4028 ruinae,
1063 3941 1096 4008 in
1124 3937 1242 4008 eadem
1269 3935 1374 4007 officia
1400 3932 1639 4006 Ecclesiastica
1672 3934 1836 4006 celebrari
1863 3957 2014 4031 semper,
2041 3955 2108 4006 non

732 4055 970 4148 permitterent.
1001 4055 1040 4126 In
1065 4053 1221 4125 Ecclesia
1247 4056 1347 4145 igitur
1374 4050 1416 4123 ad
1444 4050 1617 4122 solennem
1643 4051 1940 4146 proclamationem
1967 4050 2107 4137 delecta,

731 4190 842 4243 novus
869 4168 1061 4243 Patriarcba
1089 4192 1188 4244 sacra
1213 4166 1372 4258 faciebat,
1399 4174 1433 4238 ει
1459 4178 1636 4261 antequam
1652 4165 1824 4260 Liturgiae
1849 4169 1975 4239 initium
2001 4167 2106 4253 beret,

731 4285 820 4360 Acta
847 4287 912 4359 duo
941 4284 1127 4382 dequibus
1156 4285 1276 4357 dictum
1305 4292 1356 4358 est
1383 4287 1548 4378 superius,
1575 4281 1702 4356 scilicet
1717 4282 1899 4355 Electionis
1915 4281 2106 4370 Decretum,

732 4410 767 4472 et
800 4403 993 4500 Systatica,
1026 4407 1101 4478 siva
1132 4402 1249 4473 literae
1283 4401 1520 4474 testimoniales
1554 4398 1777 4472 Ordinationis
1814 4395 2022 4485 celebratae,
2062 4421 2106 4469 cx

730 4517 879 4592 Anbone
905 4519 1103 4613 legebantur
1130 4517 1273 4607 Graece,
1302 4518 1443 4612 Coptica
1469 4526 1503 4588 et
1529 4514 1691 4588 Arabiae:
1719 4527 1752 4588 et
1771 4515 1813 4587 ad
1834 4513 1965 4586 illarum
1982 4512 2105 4584 leotIo-

730 4657 829 4728 nem,
855 4634 1167 4732 EpiScoporumque
1195 4637 1250 4730 qui
1278 4633 1370 4705 illum
1401 4631 1639 4703 ordinaverant
1669 4631 1836 4726 publicum
1871 4629 2104 4716 testimonium,

733 4749 960 4824 acclamabant
987 4774 1103 4825 omnes
1120 4749 1259 4840 Ἄξιος,
1295 4751 1380 4823 sicut
1406 4749 1438 4819 in
1473 4747 1635 4824 electione
1669 4755 1704 4819 et
1731 4747 1948 4820 Ordinatione
1984 4744 2106 4816 facturn

730 4865 848 4940 fuerat.
902 4868 986 4943 Tum
1013 4873 1087 4963 ipse
1113 4867 1297 4959 Liturgiam
1325 4861 1520 4936 celebrabat
1546 4885 1668 4956 magno
1688 4873 1861 4959 apparatu,
1889 4860 2105 4956 omnibusque
2126 4943 2132 4952 ¹

677 5043 693 5068 ,
731 4993 798 5054 tam
824 4981 1094 5076 Ecclesiasticis,
1122 5005 1218 5079 quam
1246 4979 1475 5056 saecularibus
1501 4977 1742 5052 Eucharistiam
1777 4974 2006 5053 distribuebat.
