4680 6044
699 599 811 677 168·
1169 599 1598 680 COMMENTARIUS

1160 893 1281 963 Oratio
1310 891 1510 981 oblationis,
1537 899 1601 965 etc.

793 1097 927 1178 Trruaus
955 1113 1042 1196 hujus
1069 1111 1221 1176 Orationis
1249 1111 1334 1173 varie
1360 1128 1394 1174 se
1422 1111 1550 1176 babet'
1541 1131 1572 1175 m
1602 1115 1722 1197 optimis
1745 1115 1911 1181 codicibus.
1940 1117 1974 1180 lu
1997 1121 2067 1200 qui-

694 1213 820 1277 busdam
848 1213 1051 1277 Bibliothecae
1078 1213 1184 1296 regiae
1214 1198 1306 1294 Εὕχῆ
1330 1207 1599 1296 ’πεπροθὲσεωςι
1629 1215 1660 1278 in
1682 1214 1749 1277 aliis
1772 1203 1865 1299 Εὖχή
1887 1212 2066 1302 mecaenat

694 1332 782 1392 pron,
801 1315 831 1374 iu
861 1321 965 1376 nostro
994 1299 1183 1398 Πρόθεσις,
1213 1329 1291 1390 quae
1313 1317 1377 1374 tres
1405 1309 1545 1375 diversae
1568 1313 1716 1377 lectiones
1739 1313 1864 1376 lotidem
1885 1333 1994 1380 seusus
2017 1318 2067 1380 di-

694 1429 803 1475 versos
839 1412 989 1474 efficiunt:
1020 1419 1156 1494 quartum
1193 1410 1295 1472 versia
1329 1408 1478 1488 Arabica,
1514 1429 1592 1493 quac
1627 1413 1776 1496 siguificat
1808 1412 2011 1494 Oblationem,
2040 1418 2068 1482 si

694 1511 863 1575 Maronitas
885 1511 1052 1575 credimus:
1075 1510 1180 1572 melius
1203 1509 1479 1572 tamenillotioaem
1501 1510 1620 1574 oblatae
1634 1512 1873 1591 consecrandae,
1897 1522 1927 1577 et
1950 1515 2065 1579 calicis.

693 1611 808 1674 Primus
832 1629 940 1674 sensus
963 1619 1010 1674 est
1039 1618 1072 1672 ut
1099 1610 1194 1672 verba
1222 1627 1299 1689 pure
1328 1608 1446 1671 Graeca
1475 1609 1661 1694 significant,
1691 1609 1798 1678 Oratio
1823 1615 2064 1693 propositionis‚·

693 1711 758 1772 sive
778 1712 974 1790 protheseos,
1002 1728 1071 1772 nam
1102 1717 1258 1790 utramque
1285 1708 1535 1790 significationem
1571 1728 1607 1772 ea
1638 1730 1701 1774 vox
1730 1710 1842 1774 babere
1869 1720 1987 1792 potest:
2010 1733 2067 1778 sc-

693 1809 809 1872 cundus
826 1809 933 1872 Oratio
952 1810 1119 1890 prooemii:
1141 1810 1247 1870 tertius
1261 1809 1357 1870 nostri
1377 1805 1498 1870 Codicis
1521 1806 1628 1872 Oratio
1649 1829 1741 1889 sapor
1759 1811 1923 1889 protbesin.
1945 1811 2066 1875 Arabes

700 1917 734 1971 at
755 1908 845 1971 multa
869 1909 927 1972 alia
940 1894 1113 1995 Πρόθεσιν
1133 1907 1348 1970 intellexerunt
1369 1907 1573 1988 grammatice,
1596 1908 1697 1988 potius
1727 1927 1815 1990 mam
1837 1909 2003 1993 Liturgice,
2026 1913 2067 1974 ita

696 2016 730 2071 ul
749 2011 985 2089 propositionem
1007 2026 1063 2072 seu
1084 2009 1247 2070 illationem
1268 2026 1423 2069 macram
1452 2007 1728 2070 consecrandorum
1755 2009 1927 2090 siguificare
1955 2010 2066 2074 volue-

694 2107 764 2185 rint,
795 2125 884 2187 quam
905 2101 1004 2170 'etiam
1033 2107 1174 2189 designat
1196 2104 1326 2168 Rubrica
1358 2104 1479 2169 Codicis
1509 2106 1597 2188 Regii
1627 2107 1750 2180 alterius
1779 2107 1923 2188 Coptica,
1951 2109 1982 2172 ia
2005 2127 2065 2190 quo

693 2206 807 2289 legitur
831 2195 880 2270 Oai
901 2194 979 2291 εὐχή
1001 2227 1063 2268 rra
1084 2193 1250 2290 πρόθεσις
1273 2222 1334 2268 ‘mc
1356 2224 1470 2284 πιωικ,
1494 2205 1601 2268 Oratio
1620 2209 1840 2287 propositionis
1858 2210 1959 2287 ponas.
2005 2208 2066 2272 Sed

694 2303 752 2368 bae
779 2306 928 2369 lectiones
957 2305 1098 2369 diversae
1127 2304 1282 2368 conciliari
1311 2311 1448 2387 possunt.
1488 2305 1584 2367 Prima
1608 2323 1686 2385 quae
1710 2313 1756 2368 cst
1779 2304 1885 2368 Oratio
1905 2310 2064 2388 prooemii,

696 2405 754 2467 elsi
783 2404 919 2492 deterior
944 2406 1087 2487 reliquis,
1118 2412 1200 2467 stare
1230 2413 1329 2467 tamen
1357 2410 1476 2485 potest,
1506 2405 1576 2485 quia
1605 2404 1681 2467 baec
1711 2406 1808 2467 oratic
1835 2408 2065 2490 praeparatoria

694 2504 917 2585 quodammodo
941 2513 998 2584 est,
1022 2505 1059 2567 ad
1090 2504 1272 2567 oblationem
1302 2521 1472 2566 munerum:
1502 2511 1563 2566 tum
1593 2503 1673 2584 quod
1696 2503 1774 2565 inter
1797 2503 1932 2567 diversas
1955 2525 2064 2587 preces

374 2614 469 2668 cauae
486 2602 927 2684 nerra.„,1oa,Ecclesiasticas
954 2611 1149 2667 numerantur
1179 2605 1266 2666 eliam
1295 2601 1458 2665 Prooemia
1487 2603 1518 2664 in
1547 2602 1734 2666 collectione
1763 2601 1915 2666 Caranum
1938 2603 2065 2667 Africa-

395 3714 467 3768 Ritus
482 3716 508 3768 iu
524 3731 575 3785 qao
591 3681 678 3768 cousi-

370 3808 426 3853 stat.

694 2721 811 2780 norum,
834 2712 867 2766 ul
889 2704 968 2785 apud
990 2721 1047 2767 nos
1069 2701 1292 2781 Praefationes,
1315 2702 1370 2764 sed
1394 2702 1515 2765 diverso
1538 2710 1639 2766 tamon
1662 2721 1765 2766 seusu.
1801 2703 1876 2764 Nam
1899 2703 1979 2784 apud
2001 2705 2064 2767 La-

696 2803 775 2864 tinos
798 2804 923 2884 proprie
945 2802 1155 2885 intelliguntur
1167 2801 1328 2864 Orationes
1351 2800 1420 2862 illae
1443 2800 1596 2878 solennes,
1619 2819 1698 2884 quae
1711 2802 1801 2882 paulo
1824 2809 1894 2864 ante
1910 2800 2064 2866 Cononem

694 2901 871 2979 recitantur,
894 2909 924 2964 et
947 2903 978 2964 in
1006 2901 1116 2983 hymno
1140 2899 1312 2963 Cherubico
1335 2900 1482 2965 desinunt.
1522 2901 1606 2983 Syris
1636 2909 1666 2963 et
1688 2900 1861 2985 Aegyptiis,
1883 2909 1916 2964 ut
1938 2912 2065 2984 apparet

695 3007 758 3062 tum
781 3021 821 3063 ex
851 3001 910 3064 istc
933 3001 1013 3074 loco,
1037 3008 1098 3063 lum
1121 3019 1161 3062 ex
1183 2999 1309 3081 Syriaca
1336 2998 1443 3062 iacobi
1470 2999 1616 3083 Lilurgia,
1646 3000 1829 3080 Proumion,
1858 3009 1891 3063 ut
1921 3001 2062 3079 elierunt,

693 3098 783 3162 aliter
815 3100 1007 3182 intelligitur,
1036 3117 1144 3181 nempe
1172 3117 1228 3180 pro
1252 3098 1378 3180 quadam
1402 3098 1557 3178 Oratione,
1579 3107 1612 3160 ul
1634 3117 1728 3181 saepe
1751 3103 1884 3162 occurrit
1906 3101 1937 3163 in
1959 3100 2062 3164 Litur-

693 3198 751 3282 giis
771 3197 885 3279 Syris,
915 3198 1105 3262 Prooemium
1134 3200 1177 3260 ad
1202 3197 1378 3278 Deiparam.
1422 3197 1527 3279 Itaque
1554 3198 1699 3280 Aegyptii
1729 3217 1769 3262 ex
1804 3217 1880 3262 voca
1912 3203 2063 3281 prooemii

693 3315 781 3378 quam
803 3299 834 3359 iu
857 3298 1032 3378 quibusdam
1055 3297 1209 3360 codicibus
1231 3304 1422 3378 repererunt,
1443 3297 1605 3361 Arabicam
1628 3298 1828 3376 deduxerunt,
1851 3317 1929 3380 quae
1951 3309 1983 3364 et
2005 3301 2062 3364 ob·

692 3396 833 3458 lationem
850 3397 1055 3460 stillationem
1068 3417 1232 3474 munemne,
1256 3405 1287 3460 et
1303 3383 1473 3482 HpbOearr
1485 3397 1657 3480 significare
1679 3417 1719 3460 ex
1733 3416 1808 3461 suae
1818 3400 1944 3482 originis
1954 3409 2061 3466 aalura

691 3495 857 3576 aequaliter
879 3504 993 3578 posset,
1017 3503 1049 3558 ut
1070 3496 1186 3560 facilius
1208 3496 1394 3580 intelligetur
1416 3517 1456 3560 ex
1478 3499 1572 3578 ipsius
1595 3498 1671 3560 ritus
1694 3499 1725 3559 iu
1747 3514 1807 3579 quo
1820 3515 1980 3562 versamur
2001 3521 2061 3565 cx-

691 3596 862 3676 plicatione.
1577 3584 1579 3595 ¹

777 3694 806 3758 ls
830 3703 886 3773 est,
909 3703 942 3758 ut
965 3693 1116 3760 Sacerdos
1138 3712 1245 3776 panem
1267 3693 1505 3758 Eucharislicrua
1530 3703 1561 3758 et
1584 3695 1708 3758 calicem
1730 3694 1847 3758 deierat
1869 3695 2062 3760 cxProtbesi

690 3796 755 3858 sive
780 3794 952 3872 credentia,
973 3803 1007 3858 ut
1027 3794 1120 3880 vulgo
1144 3795 1321 3877 appellatur.
1344 3795 1399 3858 Est
1414 3803 1514 3858 autem
1536 3797 1566 3857 in
1584 3795 1702 3858 Graeco
1726 3797 1785 3858 ritu
1807 3796 1972 3873 Protbesis,
1987 3815 2059 3877 pars

690 3892 800 3956 illaad
824 3893 960 3956 dextram
983 3893 1119 3956 Remotis
1140 3895 1207 3975 sita,
1231 3896 1261 3956 ia
1285 3913 1343 3976 qua
1365 3895 1487 3957 Missum
1510 3897 1720 3976 auspicaturus
1744 3895 1905 3973 Sacerdos,
1930 3897 2060 3977 quaead

690 3992 869 4057 sacrificium
885 3991 1093 4077 peragendum
1107 3995 1283 4056 necessaria
1299 4002 1369 4058 sunt
1384 3993 1515 4075 disponit
1535 4013 1571 4056 ac
1582 4002 1758 4077 praeparat,
1777 4012 1941 4076 sacrasque
1956 4003 2058 4057 vestas

694 4091 803 4172 induit,
839 4090 969 4173 indeque
1003 4092 1042 4154 ad
1075 4091 1170 4155 altare
1203 4093 1321 4156 solenni
1352 4092 1480 4176 quodam
1509 4095 1568 4157 ritu
1597 4095 1746 4177 procedit.
1787 4095 1831 4158 lta
1859 4095 1965 4176 paucis
1994 4113 2060 4158 rem
2181 4117 2185 4124 ¹

690 4191 802 4272 optime
824 4191 987 4272 explicavit
1010 4190 1138 4255 Carolus
1157 4187 1300 4276 Congius,
1324 4201 1414 4275 atquc
1435 4195 1477 4256 ita
1499 4200 1621 4257 autores
1645 4195 1769 4276 antiqui,
1792 4194 1958 4258 Germanus
1973 4193 2059 4257 Con-

689 4291 971 4371 stantinopolitaaus
1001 4298 1031 4354 et
1055 4291 1119 4370 alii,
1140 4309 1270 4372 quorum
1298 4293 1476 4357 testimoniis
1506 4296 1614 4357 utitur:
1638 4295 1717 4356 inter
1738 4295 1939 4372 recentiores,
1962 4311 2060 4374 prae-

593 4451 596 4462 ,
690 4393 796 4472 cipuus
818 4389 877 4452 boc
899 4389 930 4453 in
951 4409 1068 4475 genere
1088 4389 1220 4454 Jacobus
1241 4394 1376 4459 Goarius.
1422 4392 1509 4465 Ouod
1532 4403 1631 4458 autem
1653 4395 1881 4475 processionem
1903 4392 1941 4455 ad
1964 4393 2059 4458 altare

692 4507 709 4553 a
731 4489 869 4554 Prctbesi
891 4509 1002 4554 vocare
1024 4509 1196 4572 possumus,
1219 4491 1249 4553 id
1272 4491 1381 4556 Graeci
1403 4501 1515 4557 vocant
1535 4487 1680 4579 μεγάλην
1701 4483 1834 4568 decan.
1870 4491 1916 4554 Ea
1937 4491 1970 4556 fit
1990 4511 2059 4556 ma-

686 4591 747 4671 jori
773 4597 919 4671 apparatu
941 4607 1027 4670 quam
1050 4579 1151 4676 μικροὶ
1179 4580 1303 4666 sicodor
1331 4595 1362 4656 in
1392 4610 1451 4674 qua
1487 4593 1684 4677 Evangelium
1717 4592 1831 4656 deferri
1860 4592 1954 4656 solet:
1987 4601 2058 4674 post

689 4689 798 4751 lectum
820 4689 1017 4772 Evangelium
1038 4689 1205 4755 Sacerdote
1227 4711 1315 4756 sacra
1337 4692 1416 4755 dona
1437 4691 1569 4755 nondum
1592 4700 1768 4756 consecrata
1790 4692 1829 4755 ad
1851 4693 1946 4754 altare
1968 4689 2057 4754 dcis-

690 4795 788 4865 rente,
817 4788 1071 4870 praecedentibus
1101 4788 1291 4870 Lectoribus,
1325 4791 1468 4855 Diaconis
1500 4801 1530 4855 et
1551 4791 1774 4857 Sacerdotibus
1797 4809 1865 4854 cum
1886 4792 2001 4866 cercis;
2022 4797 2057 4854 ut

690 4886 768 4949 idem
791 4887 842 4949 ait.
888 4887 1053 4951 Cabasilas
1072 4879 1164 4952 ιὲΟό
1184 4879 1305 4976 ‘lapsae
1325 4888 1389 4977 βοῇ
1415 4879 1470 4953 riv
1491 4879 1571 4953 θεὸν
1594 4880 1867 4975 δοξολογὴσας,”
1844 4909 1976 4977 ερχεται
1997 4884 2056 4955 ἐπὶ

690 4974 733 5048 coi
768 4980 859 5070 δῶρα
891 4983 948 5050 καὶ
984 4974 1173 5068 ανελίμινος
1201 4983 1260 5053 ἐπὶ
1293 4987 1352 5075 τῆς
1389 4985 1534 5105 κεφαλῆς
1560 4976 1652 5070 μάλα
1684 4984 1828 5070 κοσμίως
1855 4980 1970 5067 ἔξεισι,
1998 4985 2056 5053 καὶ

690 5073 793 5158 οὕτως
815 5073 1061 5167 eirenopolim
1083 5075 1198 5152 e'nl
1160 5109 1199 5152 ao
1225 5077 1469 5186 Oooccccpocov
1490 5081 1627 5175 ctgdyor,
1657 5075 1821 5178 περιάγων
1842 5081 2036 5164 ἕπίπιδες’
2017 5109 2053 5154 ev
