4680 6044
725 595 799 668 190
1198 593 1613 672 COMMENTARIUS

719 779 873 842 literarum
896 779 1016 861 publice
1048 780 1226 860 scriptarum
1254 779 1422 856 exemplum
1449 779 1601 859 reperitur
1631 780 1661 840 in
1689 776 1854 840 Pontificuli
1880 779 2088 862 Seguieriano‚

650 922 653 932 ·
721 879 857 957 Graece,
881 879 1008 959 Coptice
1031 885 1062 941 et
1083 878 1228 944 Arabico.

431 1001 557 1055 Pmoatar
580 1020 612 1056 ex
630 1001 708 1057 dios·
809 978 945 1044 Suadere
968 995 1089 1058 qnoque
1107 979 1141 1039 dd
1164 984 1291 1059 possunt
1314 976 1371 1039 alia
1399 975 1512 1038 diversi
1539 977 1664 1057 generis
1695 977 1733 1039 ab
1759 977 1817 1040 illis
1847 995 1924 1056 quae
1954 997 2089 1042 comme-

396 1091 479 1144 seriis.

719 1079 901 1140 moravimus
935 1076 1089 1140 Glossaria
1124 1076 1265 1158 Coptica,
1298 1094 1376 1156 quae
1408 1083 1512 1138 extant
1542 1077 1573 1136 in
1601 1077 1731 1140 diversis
1759 1076 1965 1142 Bibliothecis.
2016 1079 2089 1143 Cum
2188 1101 2195 1116 ·

719 1179 800 1240 enim
829 1172 887 1238 alia
920 1193 1015 1240 voees
1051 1177 1256 1259 Aegyptiacos
1296 1176 1468 1242 contineant
1495 1175 1629 1239 Arabiae
1666 1178 1838 1257 expositas,
1868 1178 1926 1239 ista
1956 1175 2089 1240 Graecas
2140 1249 2144 1258 ¹

719 1276 828 1340 multas
858 1283 889 1338 et
919 1274 1039 1356 quidem
1067 1276 1288 1358 uulgatissimas
1317 1274 1439 1357 linguae
1468 1275 1651 1355 particulas,
1681 1275 1807 1355 Coptica
1836 1275 1950 1356 primo,
1981 1275 2090 1340 deinde

693 1375 852 1438 ·Arabice
875 1376 1039 1456 expositas.
1084 1375 1148 1437 Hae
1172 1381 1271 1438 autem
1300 1373 1426 1436 Glossae
1455 1391 1541 1436 usum
1563 1374 1676 1438 babere
1708 1374 1819 1438 nullum
1847 1383 2004 1456 poterant,
2032 1376 2090 1438 nisi

719 1474 758 1536 ad
781 1473 898 1536 Graeca
920 1474 1067 1556 legenda:
1089 1493 1189 1554 neque
1212 1473 1329 1552 omnia,
1353 1473 1407 1535 sed
1430 1491 1466 1535 ea
1489 1472 1587 1536 solum
1608 1491 1687 1555 quae
1699 1475 1736 1537 ad
1749 1473 1982 1544 Ecclesiastioos
1995 1474 2089 1538 libros

657 1595 662 1612 ·
717 1574 925 1653 pertinebant3
949 1573 1029 1636 unde
1050 1591 1141 1635 unum
1164 1593 1204 1636 ex
1225 1574 1289 1636 istis
1306 1571 1468 1636 Glossariis
1490 1573 1578 1636 scala
1589 1572 2090 1654 EcclesiasticaSabidioaappel-

717 1672 814 1749 latur,
837 1673 906 1752 quia
929 1670 1045 1760 scilicet
1073 1673 1246 1736 continebat
1274 1690 1369 1734 voces
1398 1691 1439 1734 ex
1467 1673 1562 1734 sacris
1589 1670 1674 1736 libris
1705 1672 1893 1754 depromas,
1926 1680 1958 1734 et
1985 1672 2089 1755 lingua

718 1772 833 1847 Sobid,
869 1789 925 1835 seu
958 1771 1134 1847 Thebaidis,
1168 1791 1246 1854 quac
1277 1768 1386 1852 puribr
1419 1778 1502 1850 erat,
1532 1772 1709 1852 explicatas.
1767 1771 1966 1854 Conjccturas
1994 1789 2089 1853 porro

717 1879 839 1934 nostras
861 1871 982 1953 adjuvat
1004 1872 1203 1934 testinnonium
1225 1872 1314 1934 unius
1337 1869 1485 1952 ejusmodi
1508 1869 1702 1935 Collectionis
1726 1871 1915 1954 glossarium,
1943 1871 2030 1950 cuius
2059 1872 2091 1933 in

717 1969 905 2050 praefatione
927 1972 970 2033 sic
993 1969 1136 2034 habetur:
1166 1970 1328 2052 Antiquam
1348 1990 1463 2032 morem
1490 1970 1589 2049 fnisse
1617 1979 1651 2032 nt
1679 1973 1828 2034 sectiones
1857 1989 1898 2031 ea
1929 1973 2091 2049 scripturis

716 2067 886 2148 leqerentnr
908 2069 1041 2146 Graece,
1063 2078 1293 2152 sequereturque
1312 2068 1439 2149 Coptica
1451 2071 1677 2148 interpretatio,
1699 2071 1788 2150 idque
1802 2069 1919 2148 [actum
1930 2077 2091 2150 anteqtrom

715 2169 778 2230 olla
800 2170 920 2231 omnino
942 2170 1024 2248 epod
1047 2167 1240 2232 Christianos
1258 2169 1343 2248 foret
1362 2167 1518 2230 Arabicae
1539 2169 1659 2248 linquae
1681 2171 1821 2249 coqnitio.
1867 2168 1930 2230 Sed
1937 2189 1995 2249 per
2017 2173 2091 2232 aeri-

715 2284 836 2327 oersonr
856 2265 1036 2350 Aeqpptnm,
1065 2270 1228 2348 antiquitus
1257 2266 1424 2330 cbristiani
1449 2267 1587 2347 leqebant
1611 2270 1773 2330 sectionem
1801 2268 1934 2344 Graece,
1966 2288 2091 2350 canaque

717 2363 840 2443 Coptice
866 2367 1061 2444 explicabant
1081 2375 1111 2429 et
1129 2376 1236 2446 posteo
1258 2368 1366 2443 abiam,
1396 2367 1475 2428 nen
1499 2385 1588 2444 nnnc,
1617 2367 1718 2446 leqnnt
1737 2369 1900 2428 sectionem
1922 2365 2089 2448 Copticant,

716 2472 747 2526 et
767 2483 834 2525 eam
855 2463 989 2526 Arabice
1009 2468 1256 2546 interpretentur.
1300 2465 1405 2547 ltaque
1429 2484 1469 2526 ex
1491 2481 1530 2528 eo
1552 2466 1722 2528 testimonio
1737 2465 1896 2547 multisque
1911 2466 1977 2528 aliis
1991 2485 2090 2550 argu-

715 2563 823 2624 mentis
847 2570 975 2638 constat,
998 2580 1084 2626 usum
1107 2565 1218 2647 duplici
1241 2565 1343 2646 lingua
1366 2565 1532 2644 scripturas
1555 2562 1678 2647 legendi
1701 2582 1771 2628 csse
1792 2566 1823 2627 in
1837 2565 1982 2648 Aegypto
1995 2574 2089 2638 vetu-

716 2659 876 2723 stissimum
898 2661 1183 2744 Muhamedanisque
1201 2664 1387 2744 temporibus
1409 2663 1608 2745 superiorem.
1653 2661 1719 2725 Jam
1742 2681 1817 2727 vero
1840 2663 1871 2725 in
1891 2667 2014 2746 antiqua
2025 2665 2087 2743 illa,

715 2768 748 2822 ut
770 2767 802 2822 et
823 2762 939 2823 recenti
961 2760 1117 2842 disciplina
1139 2762 1378 2826 animadvertere
1400 2763 1472 2826 licet
1500 2780 1588 2826 usum
1614 2763 1738 2844 ignotae
1759 2763 1881 2847 linguae
1909 2783 1998 2844 mem
2025 2763 2089 2826 Ca-

715 2858 835 2922 tholicis
857 2861 1063 2925 Protestantes
1085 2870 1145 2924 tam
1168 2862 1277 2926 acerbe
1300 2861 1436 2943 objicere
1457 2862 1574 2942 solent,
1597 2861 1677 2942 apud
1699 2861 1870 2926 Orientales
1899 2881 1961 2925 non
1990 2864 2088 2926 minus

716 2977 805 3041 quam
832 2959 910 3040 apud
932 2978 989 3023 nos
1011 2963 1134 3046 vigere,
1157 2962 1216 3025 imo
1240 2963 1328 3024 ctiam
1350 2962 1442 3024 multo
1466 2962 1572 3044 magis.
1617 2963 1693 3024 Nam
1714 2964 1776 3024 rari
1805 2970 1876 3026 sunt
1904 2962 2088 3026 Sacerdotes

715 3060 768 3141 qui
789 3059 895 3122 Latine
918 3077 1045 3141 prorsus
1068 3063 1222 3140 nesciant,
1245 3062 1340 3143 magis
1363 3062 1424 3123 rari
1448 3061 1528 3142 apud
1550 3062 1723 3143 Aegyptios
1751 3062 1802 3143 qui
1825 3061 1952 3143 Coptice
1975 3063 2087 3126 sciant:

714 3160 794 3222 inter
821 3159 931 3222 Laicos
957 3159 1053 3222 ferme
1079 3161 1168 3224 nulli:
1196 3180 1252 3224 nec
1281 3170 1381 3224 tamen
1403 3160 1516 3224 idcirco
1547 3160 1686 3224 desinunt
1717 3160 1907 3245 Aegyptiace
1933 3161 2087 3245 liturgias

715 3257 874 3321 celebrare
895 3277 982 3338 suas,
1005 3266 1056 3322 aut
1077 3263 1242 3341 scripturas
1265 3259 1370 3324 eadem
1393 3259 1497 3342 linqua
1511 3260 1631 3340 publice
1651 3260 1768 3343 legere.
1811 3261 1855 3324 Ita
1871 3260 2086 3343 quoqueSyri,

715 3376 841 3438 quorum
863 3358 922 3438 ipsi
945 3357 1126 3424 Sacerdotes
1148 3361 1206 3422 nisi
1228 3359 1325 3437 docti,
1349 3359 1455 3440 Syram
1467 3359 1599 3441 lingnam
1612 3361 1664 3422 vix
1679 3359 1860 3442 intelligunt.
1893 3361 2086 3424 ImoNesto-

713 3459 822 3537 rionis,
845 3459 896 3539 qui
918 3474 979 3520 non
1004 3457 1061 3519 alia
1082 3457 1185 3542 lingua
1208 3459 1239 3521 in
1260 3460 1355 3522 sacris
1377 3464 1500 3520 utuntur
1522 3459 1677 3542 singulare
1699 3459 1772 3522 illud
1798 3459 1870 3538 luit,
1901 3461 1982 3542 quod
2004 3480 2084 3540 eam,

638 3555 640 3560 ’
714 3559 893 3640 ubicumque
915 3557 1069 3622 Ecclesiae
1092 3557 1261 3622 habuerunt
1288 3559 1319 3620 in
1348 3557 1488 3637 Perside,
1519 3558 1671 3638 Tariona,
1703 3556 1786 3622 India
1816 3567 1847 3622 et
1875 3561 2084 3624 remotissimis

713 3658 906 3742 regionibus,
928 3664 1166 3738 usurpaverunt,
1190 3660 1248 3721 etsi
1270 3659 1359 3739 plane
1382 3658 1515 3739 ignotam
1538 3665 1568 3720 et
1579 3660 1781 3740 peregrinam,
1804 3676 1864 3720 non
1884 3658 2084 3736 oneratione,

715 3776 802 3837 quam
833 3756 914 3839 quod
944 3759 1122 3838 antiquitus,
1158 3776 1261 3820 sacras
1290 3758 1472 3838 scripturas,
1507 3765 1538 3820 et
1567 3757 1674 3820 Ollicia
1703 3777 1739 3822 ea
1767 3749 1870 3842 lingua
1899 3758 2084 3827 habuissent.

713 3855 820 3937 Neque
842 3858 930 3919 etiam
953 3857 1115 3921 omittenda
1138 3865 1186 3921 est
1207 3857 1395 3921 consuetudo
1417 3860 1541 3940 propria
1569 3859 1755 3923 ltlonasterio
1785 3859 1816 3924 S.
1845 3860 1969 3922 Macarii
1996 3861 2083 3942 cujus

713 3957 845 4017 meminit
867 3956 1044 4019 Abulhircat
1065 3966 1099 4019 nt
1119 3959 1151 4019 in
1171 3955 1313 4038 Litnrqr'u
1333 3957 1465 4024 Arabiae
1486 3959 1563 4020 nibil
1582 3951 1712 4022 dicem.
1759 3957 1832 4040 Cap.
1861 3958 1912 4022 29.
1955 3959 2082 4040 Leqnn-

714 4063 764 4117 tnr
784 4057 892 4117 dende
914 4057 1054 4133 abortae,
1077 4057 1117 4119 ita
1140 4059 1306 4139 scripturas
1328 4065 1454 4135 vocant,
1484 4060 1578 4120 sectio
1601 4059 1717 4121 sedbel
1745 4079 1785 4120 esc
1807 4057 1953 4138 Epistolis
1980 4060 2082 4136 Pauli,

714 4153 778 4216 alio
800 4175 840 4216 ea
863 4154 1040 4232 Catbolieis,
1064 4159 1154 4219 tertia
1176 4177 1216 4219 en
1236 4157 1323 4219 Actis
1343 4175 1420 4238 quae
1441 4155 1576 4219 Arabiae
1597 4158 1829 4238 explicabantur
1850 4166 1885 4220 nt
1905 4160 1987 4238 plebi
2006 4179 2082 4222 sen-

713 4272 767 4315 sns
788 4255 907 4316 illarum
926 4257 1029 4335 palam
1048 4258 1137 4336 liat..
1161 4265 1287 4336 eccepto
1308 4255 1495 4318 Monaslerio
1517 4256 1549 4318 S.
1572 4256 1705 4319 biaoarii
1731 4257 1785 4320 ubi
1812 4259 1888 4320 nibil
1919 4259 2080 4338 quidquam

713 4351 848 4415 Arabico
877 4356 998 4436 leqitnr,
1021 4355 1064 4416 od
1084 4355 1164 4418 banc
1184 4374 1278 4435 nsque
1299 4356 1397 4418 dien:
1419 4355 1499 4436 quod
1523 4355 1561 4418 de
1579 4356 1747 4439 Evangelio
1771 4357 1891 4438 quidem
1918 4331 1999 4434 diei,
2022 4357 2079 4420 sed

714 4451 753 4515 de
775 4453 900 4534 reliquis
923 4454 1079 4536 scripturis
1102 4455 1190 4517 etiam
1212 4462 1260 4518 est
1281 4454 1524 4538 intelligendum
1546 4457 1578 4517 in
1600 4455 1708 4536 quibus
1720 4455 1858 4538 legendis
1875 4456 1955 4520 idern
1969 4457 2081 4520 obser-

714 4554 780 4616 vari
802 4553 881 4616 solet
903 4561 992 4636 atque
1013 4555 1045 4616 in
1066 4553 1245 4637 Evangelio.
1484 4555 1485 4566 ’

426 4665 701 4739 versioquacopnne
801 4652 898 4715 Etiam
921 4659 950 4714 et
974 4643 1073 4716 obiter
1095 4653 1168 4716 illud
1191 4652 1412 4717 observandum
1435 4661 1481 4716 est
1498 4653 1779 4735 Interpretationem
1794 4653 1948 4735 Copticam
1963 4674 2004 4718 ex
2020 4673 2080 4735 qua

389 4761 495 4808 utuntur
512 4755 701 4810 conserendum
714 4753 862 4816 lectiones
885 4752 1092 4833 desumuntur,
1117 4753 1223 4816 factam
1247 4771 1316 4816 esse
1330 4771 1370 4815 ex
1389 4750 1512 4816 Graecis
1535 4753 1758 4839 exemplaribus
1772 4755 1964 4838 septuaginta
1979 4753 2080 4816 luter-

391 4841 567 4913 Septuaginta.

712 4858 848 4931 pretum,
877 4870 953 4933 quae
983 4853 1014 4914 in
1036 4852 1178 4916 Dioecesi
1199 4852 1405 4915 Alexandrina
1432 4869 1554 4934 semper
1584 4853 1616 4915 in
1648 4871 1705 4916 usu
1734 4853 1872 4917 luerunt:
1906 4860 2079 4933 tantumque

715 4949 800 5012 abest
828 4958 862 5012 ut
884 4969 923 5013 ex
952 4949 1094 5034 Origenis
1123 4953 1308 5034 aliorumque
1335 4951 1488 5015 laboribus
1513 4952 1716 5034 profecerint,
1739 4972 1774 5016 ea
1798 4972 1864 5017 cum
1885 4953 2078 5016 versionibus

715 5066 756 5111 ex
784 5047 889 5111 codice
919 5049 1058 5115 Hebraeo
1089 5050 1175 5115 lactis
1204 5052 1425 5134 comparando,
1460 5059 1493 5114 ut
1522 5054 1553 5114 in
1582 5052 1643 5116 vita
1675 5053 1819 5117 Demetrii
1846 5061 2006 5116 accusetur
2034 5070 2074 5115 eo
