<?xml version="1.0" encoding="UTF-8"?>
<!DOCTYPE html PUBLIC "-//W3C//DTD XHTML 1.0 Transitional//EN"
    "http://www.w3.org/TR/xhtml1/DTD/xhtml1-transitional.dtd">
<html xmlns="http://www.w3.org/1999/xhtml" xml:lang="en" lang="en">
 <head>
  <title>
</title>
<meta http-equiv="Content-Type" content="text/html;charset=utf-8" />
  <meta name='ocr-system' content='tesseract 3.04.00' />
  <meta name='ocr-capabilities' content='ocr_page ocr_carea ocr_par ocr_line ocrx_word'/>
</head>
<body>
  <div class='ocr_page' id='page_1' title='image "./liturgiarumorie03renagoog_0143.png"; bbox 0 0 4760 6038; ppageno 0'>
   <div class='ocr_carea' id='block_1_1' title="bbox 632 519 1544 602">
    <p class='ocr_par' dir='ltr' id='par_1_1' title="bbox 632 519 1544 602">
     <span class='ocr_line' id='line_1_1' title="bbox 632 519 1544 602; baseline -0.005 0"><span class='ocrx_word' id='word_1_1' title='bbox 632 526 710 602; x_wconf 90' lang='lat' dir='ltr'>CVI</span> <span class='ocrx_word' id='word_1_2' title='bbox 1158 519 1544 600; x_wconf 77' lang='lat' dir='ltr'>utssuuuauto</span> 
     </span>
    </p>
   </div>
   <div class='ocr_carea' id='block_1_2' title="bbox 308 683 2145 5077">
    <p class='ocr_par' dir='ltr' id='par_1_2' title="bbox 564 683 2007 1158">
     <span class='ocr_line' id='line_1_2' title="bbox 564 683 2006 808; baseline -0.006 -20"><span class='ocrx_word' id='word_1_3' title='bbox 564 711 568 718; x_wconf 82' lang='lat'>&#39;</span> <span class='ocrx_word' id='word_1_4' title='bbox 631 716 791 789; x_wconf 91' lang='lat' dir='ltr'>Nicosiae</span> <span class='ocrx_word' id='word_1_5' title='bbox 816 720 951 808; x_wconf 87' lang='lat' dir='ltr'>reperta</span> <span class='ocrx_word' id='word_1_6' title='bbox 977 709 1138 802; x_wconf 89' lang='lat' dir='ltr'>Liturgia.</span> <span class='ocrx_word' id='word_1_7' title='bbox 1192 707 1229 780; x_wconf 94' lang='lat' dir='ltr'>ld</span> <span class='ocrx_word' id='word_1_8' title='bbox 1254 728 1340 778; x_wconf 83' lang='lat' dir='ltr'>vero</span> <span class='ocrx_word' id='word_1_9' title='bbox 1368 729 1389 778; x_wconf 90' lang='lat' dir='ltr'>a</span> <span class='ocrx_word' id='word_1_10' title='bbox 1416 705 1514 778; x_wconf 87' lang='lat' dir='ltr'>nohis</span> <span class='ocrx_word' id='word_1_11' title='bbox 1550 705 1769 798; x_wconf 88' lang='lat' dir='ltr'>conjectando</span> <span class='ocrx_word' id='word_1_12' title='bbox 1797 717 1921 779; x_wconf 68' lang='lat' dir='ltr'>mutum</span> <span class='ocrx_word' id='word_1_13' title='bbox 1949 683 2006 780; x_wconf 87' lang='lat' dir='ltr'>di-</span> 
     </span>
     <span class='ocr_line' id='line_1_3' title="bbox 632 822 2007 923; baseline -0.006 -20"><span class='ocrx_word' id='word_1_14' title='bbox 632 836 737 921; x_wconf 79' lang='lat' dir='ltr'>citur,</span> <span class='ocrx_word' id='word_1_15' title='bbox 767 839 803 901; x_wconf 91' lang='lat' dir='ltr'>ut</span> <span class='ocrx_word' id='word_1_16' title='bbox 837 829 893 923; x_wconf 84' lang='lat' dir='ltr'>qui</span> <span class='ocrx_word' id='word_1_17' title='bbox 918 825 1032 922; x_wconf 88' lang='lat' dir='ltr'>plures</span> <span class='ocrx_word' id='word_1_18' title='bbox 1064 823 1170 896; x_wconf 74' lang='lat' dir='ltr'>fibros</span> <span class='ocrx_word' id='word_1_19' title='bbox 1206 824 1432 922; x_wconf 81' lang='lat' dir='ltr'>tractaverint,</span> <span class='ocrx_word' id='word_1_20' title='bbox 1467 831 1663 914; x_wconf 88' lang='lat' dir='ltr'>argumenta</span> <span class='ocrx_word' id='word_1_21' title='bbox 1698 822 1740 893; x_wconf 92' lang='lat' dir='ltr'>ad</span> <span class='ocrx_word' id='word_1_22' title='bbox 1774 845 1848 893; x_wconf 86' lang='lat' dir='ltr'>eom</span> <span class='ocrx_word' id='word_1_23' title='bbox 1883 825 2007 914; x_wconf 77' lang='lat' dir='ltr'>conie-</span> 
     </span>
     <span class='ocr_line' id='line_1_4' title="bbox 632 927 2004 1035; baseline -0.006 -15"><span class='ocrx_word' id='word_1_24' title='bbox 632 958 759 1020; x_wconf 89' lang='lat' dir='ltr'>cturam</span> <span class='ocrx_word' id='word_1_25' title='bbox 786 927 1023 1035; x_wconf 76' lang='lat' dir='ltr'>evertendam,</span> <span class='ocrx_word' id='word_1_26' title='bbox 1057 950 1113 1012; x_wconf 91' lang='lat' dir='ltr'>aut</span> <span class='ocrx_word' id='word_1_27' title='bbox 1139 936 1397 1012; x_wconf 87' lang='lat' dir='ltr'>confirmandam</span> <span class='ocrx_word' id='word_1_28' title='bbox 1424 940 1554 1032; x_wconf 79' lang='lat' dir='ltr'><strong>possint</strong></span> <span class='ocrx_word' id='word_1_29' title='bbox 1580 941 1790 1034; x_wconf 80' lang='lat' dir='ltr'>conquirere.</span> <span class='ocrx_word' id='word_1_30' title='bbox 1826 937 1915 1010; x_wconf 89' lang='lat' dir='ltr'>Nam</span> <span class='ocrx_word' id='word_1_31' title='bbox 1941 940 2004 1012; x_wconf 90' lang='lat' dir='ltr'>ulia</span> 
     </span>
     <span class='ocr_line' id='line_1_5' title="bbox 630 1052 1432 1158; baseline -0.014 -24"><span class='ocrx_word' id='word_1_32' title='bbox 630 1067 922 1158; x_wconf 88' lang='lat' dir='ltr'>interpretamenta</span> <span class='ocrx_word' id='word_1_33' title='bbox 948 1055 1038 1128; x_wconf 94' lang='lat' dir='ltr'>nullo</span> <span class='ocrx_word' id='word_1_34' title='bbox 1064 1054 1142 1128; x_wconf 93' lang='lat' dir='ltr'>loco</span> <span class='ocrx_word' id='word_1_35' title='bbox 1168 1052 1321 1126; x_wconf 88' lang='lat' dir='ltr'>habenda</span> <span class='ocrx_word' id='word_1_36' title='bbox 1348 1063 1432 1126; x_wconf 87' lang='lat' dir='ltr'>suut.</span> 
     </span>
    </p>

    <p class='ocr_par' dir='ltr' id='par_1_3' title="bbox 326 1168 2005 1270">
     <span class='ocr_line' id='line_1_6' title="bbox 326 1168 2005 1270; baseline -0.004 -21"><span class='ocrx_word' id='word_1_37' title='bbox 326 1180 366 1232; x_wconf 76' lang='lat'>⁰⁰</span> <span class='ocrx_word' id='word_1_38' title='bbox 380 1178 618 1233; x_wconf 54' lang='grc' dir='ltr'>οᾶῑῑῑοῡθῦουῐθῦ-</span> <span class='ocrx_word' id='word_1_39' title='bbox 748 1176 788 1249; x_wconf 83' lang='lat' dir='ltr'>t.</span> <span class='ocrx_word' id='word_1_40' title='bbox 833 1171 996 1270; x_wconf 81' lang='lat' dir='ltr'><strong>Superest</strong></span> <span class='ocrx_word' id='word_1_41' title='bbox 1026 1181 1064 1242; x_wconf 95' lang='lat' dir='ltr'>ut</span> <span class='ocrx_word' id='word_1_42' title='bbox 1103 1190 1317 1258; x_wconf 73' lang='lat' dir='ltr'>moneamus,</span> <span class='ocrx_word' id='word_1_43' title='bbox 1359 1191 1406 1240; x_wconf 85' lang='lat' dir='ltr'>ex</span> <span class='ocrx_word' id='word_1_44' title='bbox 1444 1169 1552 1263; x_wconf 90' lang='lat' dir='ltr'>prima</span> <span class='ocrx_word' id='word_1_45' title='bbox 1592 1168 1799 1264; x_wconf 86' lang='lat' dir='ltr'>Coptitarum</span> <span class='ocrx_word' id='word_1_46' title='bbox 1841 1170 2005 1262; x_wconf 72' lang='lat' dir='ltr'>Litrmgia‚</span> 
     </span>
    </p>

    <p class='ocr_par' dir='ltr' id='par_1_4' title="bbox 308 1263 2085 1405">
     <span class='ocr_line' id='line_1_7' title="bbox 308 1263 2085 1405; baseline -0.004 -38"><span class='ocrx_word' id='word_1_47' title='bbox 308 1263 620 1405; x_wconf 52' lang='lat' dir='ltr'>&#39;ifi’ffifflffi‘o&#39;</span> <span class='ocrx_word' id='word_1_48' title='bbox 633 1317 720 1393; x_wconf 88' lang='lat' dir='ltr'>quae</span> <span class='ocrx_word' id='word_1_49' title='bbox 745 1289 861 1363; x_wconf 90' lang='lat' dir='ltr'>Basilii</span> <span class='ocrx_word' id='word_1_50' title='bbox 887 1309 1009 1360; x_wconf 89' lang='lat' dir='ltr'>nomen</span> <span class='ocrx_word' id='word_1_51' title='bbox 1035 1283 1185 1381; x_wconf 87' lang='lat' dir='ltr'>praefert</span> <span class='ocrx_word' id='word_1_52' title='bbox 1210 1294 1318 1357; x_wconf 86' lang='lat' dir='ltr'>sumta</span> <span class='ocrx_word' id='word_1_53' title='bbox 1345 1301 1442 1373; x_wconf 86' lang='lat' dir='ltr'>esse,</span> <span class='ocrx_word' id='word_1_54' title='bbox 1469 1305 1556 1376; x_wconf 84' lang='lat' dir='ltr'>quae</span> <span class='ocrx_word' id='word_1_55' title='bbox 1586 1285 1641 1354; x_wconf 86' lang='lat' dir='ltr'>vir</span> <span class='ocrx_word' id='word_1_56' title='bbox 1667 1283 1878 1359; x_wconf 88' lang='lat' dir='ltr'>doctissimus</span> <span class='ocrx_word' id='word_1_57' title='bbox 1906 1287 2005 1360; x_wconf 85' lang='lat' dir='ltr'>Guil-</span> <span class='ocrx_word' id='word_1_58' title='bbox 2082 1373 2085 1380; x_wconf 24' lang='grc' dir='ltr'>Ι</span> 
     </span>
    </p>

    <p class='ocr_par' dir='ltr' id='par_1_5' title="bbox 308 1367 2145 5077">
     <span class='ocr_line' id='line_1_8' title="bbox 308 1367 2006 1496; baseline -0.001 -13"><span class='ocrx_word' id='word_1_59' title='bbox 308 1367 366 1490; x_wconf 69' lang='lat' dir='ltr'>l„</span> <span class='ocrx_word' id='word_1_60' title='bbox 383 1438 458 1490; x_wconf 62' lang='lat' dir='ltr'>earu,</span> <span class='ocrx_word' id='word_1_61' title='bbox 632 1409 750 1481; x_wconf 84' lang='lat' dir='ltr'>lelrnus</span> <span class='ocrx_word' id='word_1_62' title='bbox 781 1405 931 1496; x_wconf 90' lang='lat' dir='ltr'>Bonjour</span> <span class='ocrx_word' id='word_1_63' title='bbox 963 1402 1225 1494; x_wconf 85' lang='lat' dir='ltr'>Augustinianus</span> <span class='ocrx_word' id='word_1_64' title='bbox 1260 1420 1347 1471; x_wconf 93' lang='lat' dir='ltr'>anno</span> <span class='ocrx_word' id='word_1_65' title='bbox 1384 1396 1606 1470; x_wconf 87' lang='lat' dir='ltr'>MDCXCIX.</span> <span class='ocrx_word' id='word_1_66' title='bbox 1645 1397 1777 1472; x_wconf 90' lang='lat' dir='ltr'>Romae</span> <span class='ocrx_word' id='word_1_67' title='bbox 1809 1404 1910 1478; x_wconf 78' lang='lat' dir='ltr'>edidit</span> <span class='ocrx_word' id='word_1_68' title='bbox 1941 1409 2006 1482; x_wconf 91' lang='lat' dir='ltr'>hoc</span> 
     </span>
     <span class='ocr_line' id='line_1_9' title="bbox 633 1513 2145 1624; baseline -0.002 -25"><span class='ocrx_word' id='word_1_69' title='bbox 633 1525 737 1600; x_wconf 90' lang='lat' dir='ltr'>titulo.</span> <span class='ocrx_word' id='word_1_70' title='bbox 765 1521 806 1594; x_wconf 82' lang='lat' dir='ltr'>ln</span> <span class='ocrx_word' id='word_1_71' title='bbox 832 1521 1051 1592; x_wconf 82' lang='lat' dir='ltr'>Monumeete</span> <span class='ocrx_word' id='word_1_72' title='bbox 1065 1515 1219 1609; x_wconf 77' lang='lat' dir='ltr'>Coptica,</span> <span class='ocrx_word' id='word_1_73' title='bbox 1247 1536 1307 1586; x_wconf 87' lang='lat' dir='ltr'>seu</span> <span class='ocrx_word' id='word_1_74' title='bbox 1321 1513 1540 1608; x_wconf 74' lang='lat' dir='ltr'>Aegyptiace</span> <span class='ocrx_word' id='word_1_75' title='bbox 1554 1513 1795 1588; x_wconf 74' lang='lat' dir='ltr'>Bibliothecae</span> <span class='ocrx_word' id='word_1_76' title='bbox 1817 1519 2007 1598; x_wconf 82' lang='lat' dir='ltr'>Vaticanue</span> <span class='ocrx_word' id='word_1_77' title='bbox 2132 1607 2145 1624; x_wconf 41' lang='lat'><em>⁰</em></span> 
     </span>
     <span class='ocr_line' id='line_1_10' title="bbox 633 1628 2006 1723; baseline -0.001 -9"><span class='ocrx_word' id='word_1_78' title='bbox 633 1641 747 1714; x_wconf 83' lang='lat' dir='ltr'>brevis</span> <span class='ocrx_word' id='word_1_79' title='bbox 779 1637 997 1709; x_wconf 73' lang='lat' dir='ltr'>exercitatio.</span> <span class='ocrx_word' id='word_1_80' title='bbox 1049 1633 1088 1705; x_wconf 94' lang='lat' dir='ltr'>ln</span> <span class='ocrx_word' id='word_1_81' title='bbox 1119 1653 1159 1702; x_wconf 89' lang='lat' dir='ltr'>ee</span> <span class='ocrx_word' id='word_1_82' title='bbox 1197 1628 1455 1703; x_wconf 86' lang='lat' dir='ltr'>Confessicnem</span> <span class='ocrx_word' id='word_1_83' title='bbox 1496 1652 1582 1723; x_wconf 86' lang='lat' dir='ltr'>quae</span> <span class='ocrx_word' id='word_1_84' title='bbox 1624 1639 1702 1703; x_wconf 89' lang='lat' dir='ltr'>ante</span> <span class='ocrx_word' id='word_1_85' title='bbox 1741 1641 2006 1714; x_wconf 87' lang='lat' dir='ltr'>communionem</span> 
     </span>
     <span class='ocr_line' id='line_1_11' title="bbox 634 1742 2006 1846; baseline 0.001 -18"><span class='ocrx_word' id='word_1_86' title='bbox 634 1757 699 1829; x_wconf 92' lang='lat' dir='ltr'>dici</span> <span class='ocrx_word' id='word_1_87' title='bbox 726 1754 814 1829; x_wconf 89' lang='lat' dir='ltr'>solet</span> <span class='ocrx_word' id='word_1_88' title='bbox 840 1750 1000 1846; x_wconf 83' lang='lat' dir='ltr'>Coptica,</span> <span class='ocrx_word' id='word_1_89' title='bbox 1034 1747 1184 1820; x_wconf 85' lang='lat' dir='ltr'>Arabico</span> <span class='ocrx_word' id='word_1_90' title='bbox 1211 1755 1245 1816; x_wconf 89' lang='lat' dir='ltr'>et</span> <span class='ocrx_word' id='word_1_91' title='bbox 1269 1743 1388 1816; x_wconf 86' lang='lat' dir='ltr'>Latine</span> <span class='ocrx_word' id='word_1_92' title='bbox 1415 1743 1513 1816; x_wconf 84' lang='lat' dir='ltr'>dedit</span> <span class='ocrx_word' id='word_1_93' title='bbox 1555 1742 1631 1817; x_wconf 89' lang='lat' dir='ltr'>lloc</span> <span class='ocrx_word' id='word_1_94' title='bbox 1658 1746 1848 1844; x_wconf 86' lang='lat' dir='ltr'>exemplum</span> <span class='ocrx_word' id='word_1_95' title='bbox 1876 1773 2006 1829; x_wconf 90' lang='lat' dir='ltr'>cousu-</span> 
     </span>
     <span class='ocr_line' id='line_1_12' title="bbox 632 1859 2006 1966; baseline 0 -23"><span class='ocrx_word' id='word_1_96' title='bbox 632 1871 705 1944; x_wconf 89' lang='lat' dir='ltr'>lere</span> <span class='ocrx_word' id='word_1_97' title='bbox 731 1876 887 1966; x_wconf 89' lang='lat' dir='ltr'>potenmt</span> <span class='ocrx_word' id='word_1_98' title='bbox 918 1865 1104 1956; x_wconf 76' lang='lat' dir='ltr'>linguramm</span> <span class='ocrx_word' id='word_1_99' title='bbox 1136 1863 1250 1956; x_wconf 77' lang='lat' dir='ltr'>periti,</span> <span class='ocrx_word' id='word_1_100' title='bbox 1287 1882 1362 1932; x_wconf 88' lang='lat' dir='ltr'>cum</span> <span class='ocrx_word' id='word_1_101' title='bbox 1393 1871 1550 1956; x_wconf 81' lang='lat' dir='ltr'>typorum</span> <span class='ocrx_word' id='word_1_102' title='bbox 1581 1859 1733 1953; x_wconf 69' lang='lat' dir='ltr'>defectu,</span> <span class='ocrx_word' id='word_1_103' title='bbox 1764 1874 1798 1935; x_wconf 88' lang='lat' dir='ltr'>et</span> <span class='ocrx_word' id='word_1_104' title='bbox 1824 1867 2006 1943; x_wconf 89' lang='lat' dir='ltr'>studiorum</span> 
     </span>
     <span class='ocr_line' id='line_1_13' title="bbox 632 1974 2006 2075; baseline -0.005 -15"><span class='ocrx_word' id='word_1_105' title='bbox 632 1989 764 2060; x_wconf 91' lang='lat' dir='ltr'>illorum</span> <span class='ocrx_word' id='word_1_106' title='bbox 789 1982 963 2075; x_wconf 85' lang='lat' dir='ltr'>neglectu,</span> <span class='ocrx_word' id='word_1_107' title='bbox 990 2001 1034 2051; x_wconf 93' lang='lat' dir='ltr'>ne</span> <span class='ocrx_word' id='word_1_108' title='bbox 1064 1975 1260 2074; x_wconf 86' lang='lat' dir='ltr'>particulam</span> <span class='ocrx_word' id='word_1_109' title='bbox 1292 1974 1424 2068; x_wconf 86' lang='lat' dir='ltr'>quidem</span> <span class='ocrx_word' id='word_1_110' title='bbox 1448 1974 1674 2068; x_wconf 84' lang='lat' dir='ltr'>Liturgiarum</span> <span class='ocrx_word' id='word_1_111' title='bbox 1709 1998 1769 2050; x_wconf 90' lang='lat' dir='ltr'>sua</span> <span class='ocrx_word' id='word_1_112' title='bbox 1795 1978 1909 2074; x_wconf 91' lang='lat' dir='ltr'>lingua</span> <span class='ocrx_word' id='word_1_113' title='bbox 1936 2008 2006 2057; x_wconf 85' lang='lat' dir='ltr'>ex-</span> 
     </span>
     <span class='ocr_line' id='line_1_14' title="bbox 633 2089 2006 2195; baseline -0.003 -20"><span class='ocrx_word' id='word_1_114' title='bbox 633 2101 749 2175; x_wconf 89' lang='lat' dir='ltr'>hibere</span> <span class='ocrx_word' id='word_1_115' title='bbox 775 2100 990 2195; x_wconf 88' lang='lat' dir='ltr'>potuerimus.</span> <span class='ocrx_word' id='word_1_116' title='bbox 1030 2093 1232 2165; x_wconf 89' lang='lat' dir='ltr'>Versionom</span> <span class='ocrx_word' id='word_1_117' title='bbox 1259 2089 1391 2180; x_wconf 74' lang='lat' dir='ltr'>dudum,</span> <span class='ocrx_word' id='word_1_118' title='bbox 1419 2101 1596 2186; x_wconf 85' lang='lat' dir='ltr'>antequam</span> <span class='ocrx_word' id='word_1_119' title='bbox 1623 2091 1740 2165; x_wconf 74' lang='lat' dir='ltr'>eltera&#39;</span> <span class='ocrx_word' id='word_1_120' title='bbox 1755 2095 1921 2187; x_wconf 76' lang='lat' dir='ltr'>ederetur,</span> <span class='ocrx_word' id='word_1_121' title='bbox 1939 2099 2006 2171; x_wconf 86' lang='lat' dir='ltr'>alr-</span> 
     </span>
     <span class='ocr_line' id='line_1_15' title="bbox 634 2203 2008 2301; baseline -0.002 -12"><span class='ocrx_word' id='word_1_122' title='bbox 634 2214 864 2301; x_wconf 75' lang='lat' dir='ltr'>solveramus‚</span> <span class='ocrx_word' id='word_1_123' title='bbox 901 2221 934 2283; x_wconf 90' lang='lat' dir='ltr'>et</span> <span class='ocrx_word' id='word_1_124' title='bbox 959 2213 1046 2281; x_wconf 88' lang='lat' dir='ltr'>inter</span> <span class='ocrx_word' id='word_1_125' title='bbox 1078 2217 1253 2301; x_wconf 89' lang='lat' dir='ltr'>utramque</span> <span class='ocrx_word' id='word_1_126' title='bbox 1279 2203 1368 2276; x_wconf 91' lang='lat' dir='ltr'>nulla</span> <span class='ocrx_word' id='word_1_127' title='bbox 1400 2217 1453 2278; x_wconf 89' lang='lat' dir='ltr'>est</span> <span class='ocrx_word' id='word_1_128' title='bbox 1484 2205 1684 2283; x_wconf 84' lang='lat' dir='ltr'>differentia:</span> <span class='ocrx_word' id='word_1_129' title='bbox 1718 2219 1752 2281; x_wconf 90' lang='lat' dir='ltr'>at</span> <span class='ocrx_word' id='word_1_130' title='bbox 1778 2213 1810 2282; x_wconf 93' lang='lat' dir='ltr'>iu</span> <span class='ocrx_word' id='word_1_131' title='bbox 1847 2212 2008 2286; x_wconf 83' lang='lat' dir='ltr'>Oratione</span> 
     </span>
     <span class='ocr_line' id='line_1_16' title="bbox 633 2322 2009 2428; baseline -0.003 -25"><span class='ocrx_word' id='word_1_132' title='bbox 633 2331 882 2418; x_wconf 69' lang='lat' dir='ltr'>Absolutionem,</span> <span class='ocrx_word' id='word_1_133' title='bbox 910 2348 1008 2420; x_wconf 89' lang='lat' dir='ltr'>quam</span> <span class='ocrx_word' id='word_1_134' title='bbox 1033 2325 1088 2396; x_wconf 85' lang='lat' dir='ltr'>vir</span> <span class='ocrx_word' id='word_1_135' title='bbox 1114 2322 1345 2428; x_wconf 68' lang='lat' dir='ltr'>doctissimus,</span> <span class='ocrx_word' id='word_1_136' title='bbox 1383 2325 1622 2394; x_wconf 83' lang='lat' dir='ltr'>communionis</span> <span class='ocrx_word' id='word_1_137' title='bbox 1655 2347 1715 2396; x_wconf 91' lang='lat' dir='ltr'>seu</span> <span class='ocrx_word' id='word_1_138' title='bbox 1743 2331 2009 2400; x_wconf 81' lang='lat' dir='ltr'>consociationis</span> 
     </span>
     <span class='ocr_line' id='line_1_17' title="bbox 634 2435 2007 2535; baseline -0.004 -15"><span class='ocrx_word' id='word_1_139' title='bbox 634 2451 747 2535; x_wconf 73' lang='lat' dir='ltr'>vertit,</span> <span class='ocrx_word' id='word_1_140' title='bbox 773 2466 842 2517; x_wconf 93' lang='lat' dir='ltr'>non</span> <span class='ocrx_word' id='word_1_141' title='bbox 868 2440 1051 2514; x_wconf 89' lang='lat' dir='ltr'>audiendus</span> <span class='ocrx_word' id='word_1_142' title='bbox 1078 2448 1142 2528; x_wconf 82' lang='lat' dir='ltr'>est,</span> <span class='ocrx_word' id='word_1_143' title='bbox 1176 2448 1213 2508; x_wconf 93' lang='lat' dir='ltr'>ut</span> <span class='ocrx_word' id='word_1_144' title='bbox 1238 2446 1338 2508; x_wconf 77' lang='lat' dir='ltr'>nome</span> <span class='ocrx_word' id='word_1_145' title='bbox 1374 2436 1416 2507; x_wconf 92' lang='lat' dir='ltr'>ad</span> <span class='ocrx_word' id='word_1_146' title='bbox 1442 2435 1531 2508; x_wconf 89' lang='lat' dir='ltr'>illam</span> <span class='ocrx_word' id='word_1_147' title='bbox 1565 2443 1751 2512; x_wconf 90' lang='lat' dir='ltr'>orationem</span> <span class='ocrx_word' id='word_1_148' title='bbox 1776 2454 1913 2516; x_wconf 86' lang='lat' dir='ltr'>nostras</span> <span class='ocrx_word' id='word_1_149' title='bbox 1940 2443 2007 2515; x_wconf 89' lang='lat' dir='ltr'>de-</span> 
     </span>
     <span class='ocr_line' id='line_1_18' title="bbox 634 2553 2008 2648; baseline -0.002 -14"><span class='ocrx_word' id='word_1_150' title='bbox 634 2571 827 2634; x_wconf 89' lang='lat' dir='ltr'>monstrant.</span> <span class='ocrx_word' id='word_1_151' title='bbox 882 2556 981 2643; x_wconf 79' lang='lat' dir='ltr'>Quod</span> <span class='ocrx_word' id='word_1_152' title='bbox 1007 2557 1180 2627; x_wconf 86' lang='lat' dir='ltr'>Romueos</span> <span class='ocrx_word' id='word_1_153' title='bbox 1206 2553 1348 2639; x_wconf 83' lang='lat' dir='ltr'>Patres,</span> <span class='ocrx_word' id='word_1_154' title='bbox 1378 2574 1517 2647; x_wconf 90' lang='lat' dir='ltr'>quorum</span> <span class='ocrx_word' id='word_1_155' title='bbox 1550 2556 1583 2624; x_wconf 94' lang='lat' dir='ltr'>in</span> <span class='ocrx_word' id='word_1_156' title='bbox 1624 2555 1741 2627; x_wconf 87' lang='lat' dir='ltr'>eadem</span> <span class='ocrx_word' id='word_1_157' title='bbox 1768 2563 1929 2632; x_wconf 89' lang='lat' dir='ltr'>memoria</span> <span class='ocrx_word' id='word_1_158' title='bbox 1961 2560 2008 2648; x_wconf 78' lang='lat' dir='ltr'>fir,</span> 
     </span>
     <span class='ocr_line' id='line_1_19' title="bbox 634 2667 2009 2757; baseline -0.001 -9"><span class='ocrx_word' id='word_1_159' title='bbox 634 2675 808 2748; x_wconf 89' lang='lat' dir='ltr'>Romanos</span> <span class='ocrx_word' id='word_1_160' title='bbox 834 2695 914 2746; x_wconf 88' lang='lat' dir='ltr'>esse</span> <span class='ocrx_word' id='word_1_161' title='bbox 941 2671 1156 2757; x_wconf 78' lang='lat' dir='ltr'>existimavit,</span> <span class='ocrx_word' id='word_1_162' title='bbox 1182 2667 1270 2738; x_wconf 89' lang='lat' dir='ltr'>unde</span> <span class='ocrx_word' id='word_1_163' title='bbox 1296 2671 1422 2738; x_wconf 86' lang='lat' dir='ltr'>veteris</span> <span class='ocrx_word' id='word_1_164' title='bbox 1449 2691 1523 2740; x_wconf 88' lang='lat' dir='ltr'>oum</span> <span class='ocrx_word' id='word_1_165' title='bbox 1547 2667 1701 2743; x_wconf 82' lang='lat' dir='ltr'>Ecclesia</span> <span class='ocrx_word' id='word_1_166' title='bbox 1728 2671 1880 2746; x_wconf 88' lang='lat' dir='ltr'>Romana</span> <span class='ocrx_word' id='word_1_167' title='bbox 1908 2697 2009 2746; x_wconf 85' lang='lat' dir='ltr'>com·-</span> 
     </span>
     <span class='ocr_line' id='line_1_20' title="bbox 636 2781 2008 2880; baseline 0 -18"><span class='ocrx_word' id='word_1_168' title='bbox 636 2794 801 2862; x_wconf 90' lang='lat' dir='ltr'>munionis</span> <span class='ocrx_word' id='word_1_169' title='bbox 826 2788 981 2861; x_wconf 90' lang='lat' dir='ltr'>indicium</span> <span class='ocrx_word' id='word_1_170' title='bbox 1009 2805 1197 2877; x_wconf 80' lang='lat' dir='ltr'>agnoscere</span> <span class='ocrx_word' id='word_1_171' title='bbox 1225 2781 1288 2854; x_wconf 88' lang='lat' dir='ltr'>sibi</span> <span class='ocrx_word' id='word_1_172' title='bbox 1314 2786 1408 2856; x_wconf 76' lang='lat' dir='ltr'>visus</span> <span class='ocrx_word' id='word_1_173' title='bbox 1436 2792 1507 2874; x_wconf 74' lang='lat' dir='ltr'>est,</span> <span class='ocrx_word' id='word_1_174' title='bbox 1535 2783 1615 2856; x_wconf 86' lang='lat' dir='ltr'>abiit</span> <span class='ocrx_word' id='word_1_175' title='bbox 1641 2809 1660 2856; x_wconf 90' lang='lat' dir='ltr'>a</span> <span class='ocrx_word' id='word_1_176' title='bbox 1687 2809 1773 2858; x_wconf 89' lang='lat' dir='ltr'>vero</span> <span class='ocrx_word' id='word_1_177' title='bbox 1800 2788 2008 2880; x_wconf 77' lang='lat' dir='ltr'>longissime,</span> 
     </span>
     <span class='ocr_line' id='line_1_21' title="bbox 637 2895 2009 3001; baseline 0 -23"><span class='ocrx_word' id='word_1_178' title='bbox 637 2917 769 2997; x_wconf 75' lang='lat' dir='ltr'>cum‚ut</span> <span class='ocrx_word' id='word_1_179' title='bbox 782 2903 869 3001; x_wconf 88' lang='lat' dir='ltr'>apud</span> <span class='ocrx_word' id='word_1_180' title='bbox 883 2905 1092 2975; x_wconf 85' lang='lat' dir='ltr'>recentiores</span> <span class='ocrx_word' id='word_1_181' title='bbox 1109 2897 1273 2986; x_wconf 70' lang='lat' dir='ltr'>Graecos,</span> <span class='ocrx_word' id='word_1_182' title='bbox 1296 2899 1341 2968; x_wconf 91' lang='lat' dir='ltr'>ita</span> <span class='ocrx_word' id='word_1_183' title='bbox 1362 2897 1450 2992; x_wconf 91' lang='lat' dir='ltr'>apud</span> <span class='ocrx_word' id='word_1_184' title='bbox 1472 2895 1623 2993; x_wconf 88' lang='lat' dir='ltr'>Coptitas</span> <span class='ocrx_word' id='word_1_185' title='bbox 1646 2910 1680 2971; x_wconf 92' lang='lat' dir='ltr'>et</span> <span class='ocrx_word' id='word_1_186' title='bbox 1705 2900 1840 2976; x_wconf 87' lang='lat' dir='ltr'>Arabes</span> <span class='ocrx_word' id='word_1_187' title='bbox 1854 2909 2009 2998; x_wconf 60' lang='lat' dir='ltr'>(mimice</span> 
     </span>
     <span class='ocr_line' id='line_1_22' title="bbox 636 3012 2009 3108; baseline -0.001 -15"><span class='ocrx_word' id='word_1_188' title='bbox 636 3029 671 3093; x_wconf 91' lang='lat' dir='ltr'>et</span> <span class='ocrx_word' id='word_1_189' title='bbox 697 3023 817 3108; x_wconf 84' lang='lat' dir='ltr'>Reum,</span> <span class='ocrx_word' id='word_1_190' title='bbox 844 3041 912 3090; x_wconf 93' lang='lat' dir='ltr'>nou</span> <span class='ocrx_word' id='word_1_191' title='bbox 937 3017 1125 3089; x_wconf 86' lang='lat' dir='ltr'>Romanum</span> <span class='ocrx_word' id='word_1_192' title='bbox 1151 3014 1330 3102; x_wconf 84' lang='lat' dir='ltr'>hominem,</span> <span class='ocrx_word' id='word_1_193' title='bbox 1358 3022 1414 3086; x_wconf 91' lang='lat' dir='ltr'>aut</span> <span class='ocrx_word' id='word_1_194' title='bbox 1429 3012 1585 3104; x_wconf 86' lang='lat' dir='ltr'>Romam,</span> <span class='ocrx_word' id='word_1_195' title='bbox 1613 3014 1675 3086; x_wconf 91' lang='lat' dir='ltr'>sed</span> <span class='ocrx_word' id='word_1_196' title='bbox 1689 3014 1867 3108; x_wconf 76' lang='lat' dir='ltr'>Graecum,</span> <span class='ocrx_word' id='word_1_197' title='bbox 1894 3018 2009 3092; x_wconf 80' lang='lat' dir='ltr'>Grue-</span> 
     </span>
     <span class='ocr_line' id='line_1_23' title="bbox 637 3127 2008 3230; baseline -0.001 -22"><span class='ocrx_word' id='word_1_198' title='bbox 637 3139 789 3230; x_wconf 88' lang='lat' dir='ltr'>ciamque</span> <span class='ocrx_word' id='word_1_199' title='bbox 816 3133 1011 3226; x_wconf 88' lang='lat' dir='ltr'>significent.</span> <span class='ocrx_word' id='word_1_200' title='bbox 1039 3129 1228 3203; x_wconf 88' lang='lat' dir='ltr'>Occurmnt</span> <span class='ocrx_word' id='word_1_201' title='bbox 1254 3149 1386 3222; x_wconf 89' lang='lat' dir='ltr'>quoque</span> <span class='ocrx_word' id='word_1_202' title='bbox 1413 3127 1490 3218; x_wconf 69' lang='lat' dir='ltr'>alia,</span> <span class='ocrx_word' id='word_1_203' title='bbox 1518 3129 1560 3200; x_wconf 90' lang='lat' dir='ltr'>de</span> <span class='ocrx_word' id='word_1_204' title='bbox 1587 3131 1705 3224; x_wconf 86' lang='lat' dir='ltr'>quihus</span> <span class='ocrx_word' id='word_1_205' title='bbox 1734 3155 1797 3206; x_wconf 88' lang='lat' dir='ltr'>suo</span> <span class='ocrx_word' id='word_1_206' title='bbox 1824 3132 1901 3206; x_wconf 93' lang='lat' dir='ltr'>loco</span> <span class='ocrx_word' id='word_1_207' title='bbox 1927 3158 2008 3208; x_wconf 94' lang='lat' dir='ltr'>mo-</span> 
     </span>
     <span class='ocr_line' id='line_1_24' title="bbox 636 3244 2009 3344; baseline 0 -22"><span class='ocrx_word' id='word_1_208' title='bbox 636 3255 786 3339; x_wconf 81' lang='lat' dir='ltr'>nuimus3</span> <span class='ocrx_word' id='word_1_209' title='bbox 814 3272 900 3344; x_wconf 88' lang='lat' dir='ltr'>quas</span> <span class='ocrx_word' id='word_1_210' title='bbox 925 3251 979 3319; x_wconf 87' lang='lat' dir='ltr'>vir</span> <span class='ocrx_word' id='word_1_211' title='bbox 1007 3246 1157 3318; x_wconf 90' lang='lat' dir='ltr'>doctrina</span> <span class='ocrx_word' id='word_1_212' title='bbox 1183 3265 1253 3316; x_wconf 93' lang='lat' dir='ltr'>non</span> <span class='ocrx_word' id='word_1_213' title='bbox 1277 3247 1386 3334; x_wconf 83' lang='lat' dir='ltr'>magis</span> <span class='ocrx_word' id='word_1_214' title='bbox 1414 3266 1512 3338; x_wconf 87' lang='lat' dir='ltr'>quum</span> <span class='ocrx_word' id='word_1_215' title='bbox 1539 3244 1702 3318; x_wconf 89' lang='lat' dir='ltr'>modestia</span> <span class='ocrx_word' id='word_1_216' title='bbox 1727 3249 2009 3322; x_wconf 88' lang='lat' dir='ltr'>commendandus</span> 
     </span>
     <span class='ocr_line' id='line_1_25' title="bbox 636 3356 2010 3456; baseline -0.002 -19"><span class='ocrx_word' id='word_1_217' title='bbox 636 3389 705 3439; x_wconf 93' lang='lat' dir='ltr'>non</span> <span class='ocrx_word' id='word_1_218' title='bbox 732 3365 996 3451; x_wconf 82' lang='lat' dir='ltr'>observaverat3</span> <span class='ocrx_word' id='word_1_219' title='bbox 1032 3383 1141 3456; x_wconf 88' lang='lat' dir='ltr'>neque</span> <span class='ocrx_word' id='word_1_220' title='bbox 1176 3364 1262 3431; x_wconf 89' lang='lat' dir='ltr'>enim</span> <span class='ocrx_word' id='word_1_221' title='bbox 1297 3358 1332 3430; x_wconf 94' lang='lat' dir='ltr'>id</span> <span class='ocrx_word' id='word_1_222' title='bbox 1366 3356 1466 3432; x_wconf 88' lang='lat' dir='ltr'>facile</span> <span class='ocrx_word' id='word_1_223' title='bbox 1493 3370 1642 3454; x_wconf 73' lang='lat' dir='ltr'>poteret,</span> <span class='ocrx_word' id='word_1_224' title='bbox 1683 3386 1757 3434; x_wconf 90' lang='lat' dir='ltr'>oum</span> <span class='ocrx_word' id='word_1_225' title='bbox 1784 3362 1915 3437; x_wconf 89' lang='lat' dir='ltr'>Romae</span> <span class='ocrx_word' id='word_1_226' title='bbox 1941 3385 2010 3435; x_wconf 92' lang='lat' dir='ltr'>non</span> 
     </span>
     <span class='ocr_line' id='line_1_26' title="bbox 637 3474 2010 3570; baseline -0.001 -18"><span class='ocrx_word' id='word_1_227' title='bbox 637 3491 727 3552; x_wconf 89' lang='lat' dir='ltr'>tanta</span> <span class='ocrx_word' id='word_1_228' title='bbox 760 3490 853 3551; x_wconf 88' lang='lat' dir='ltr'>extet</span> <span class='ocrx_word' id='word_1_229' title='bbox 894 3476 1111 3551; x_wconf 82' lang='lat' dir='ltr'>Orientalium</span> <span class='ocrx_word' id='word_1_230' title='bbox 1147 3474 1307 3547; x_wconf 84' lang='lat' dir='ltr'>librorum</span> <span class='ocrx_word' id='word_1_231' title='bbox 1340 3478 1458 3570; x_wconf 74' lang='lat' dir='ltr'>eopia‚</span> <span class='ocrx_word' id='word_1_232' title='bbox 1502 3480 1699 3570; x_wconf 87' lang='lat' dir='ltr'>praesertim</span> <span class='ocrx_word' id='word_1_233' title='bbox 1733 3476 2010 3568; x_wconf 76' lang='lat' dir='ltr'>Christianorum,</span> 
     </span>
     <span class='ocr_line' id='line_1_27' title="bbox 639 3589 2009 3692; baseline -0.001 -26"><span class='ocrx_word' id='word_1_234' title='bbox 639 3606 792 3692; x_wconf 90' lang='lat' dir='ltr'>quantam</span> <span class='ocrx_word' id='word_1_235' title='bbox 821 3593 1003 3686; x_wconf 82' lang='lat' dir='ltr'>collegisse</span> <span class='ocrx_word' id='word_1_236' title='bbox 1029 3591 1169 3679; x_wconf 73' lang='lat' dir='ltr'>licebat,</span> <span class='ocrx_word' id='word_1_237' title='bbox 1210 3593 1239 3662; x_wconf 92' lang='lat' dir='ltr'>si</span> <span class='ocrx_word' id='word_1_238' title='bbox 1269 3589 1354 3662; x_wconf 90' lang='lat' dir='ltr'>haec</span> <span class='ocrx_word' id='word_1_239' title='bbox 1388 3590 1495 3662; x_wconf 91' lang='lat' dir='ltr'>studia</span> <span class='ocrx_word' id='word_1_240' title='bbox 1529 3589 1629 3685; x_wconf 89' lang='lat' dir='ltr'>plane</span> <span class='ocrx_word' id='word_1_241' title='bbox 1655 3590 1722 3663; x_wconf 90' lang='lat' dir='ltr'>illic</span> <span class='ocrx_word' id='word_1_242' title='bbox 1755 3615 1822 3665; x_wconf 94' lang='lat' dir='ltr'>non</span> <span class='ocrx_word' id='word_1_243' title='bbox 1846 3597 2009 3686; x_wconf 74' lang='lat' dir='ltr'>iacerent</span> 
     </span>
     <span class='ocr_line' id='line_1_28' title="bbox 639 3705 2010 3805; baseline -0.002 -21"><span class='ocrx_word' id='word_1_244' title='bbox 639 3711 708 3784; x_wconf 89' lang='lat' dir='ltr'>Sed</span> <span class='ocrx_word' id='word_1_245' title='bbox 734 3715 768 3783; x_wconf 92' lang='lat' dir='ltr'>in</span> <span class='ocrx_word' id='word_1_246' title='bbox 794 3709 958 3782; x_wconf 87' lang='lat' dir='ltr'>Vaticana</span> <span class='ocrx_word' id='word_1_247' title='bbox 990 3705 1199 3780; x_wconf 84' lang='lat' dir='ltr'>Bibliotheca</span> <span class='ocrx_word' id='word_1_248' title='bbox 1235 3708 1427 3800; x_wconf 88' lang='lat' dir='ltr'>paucissimi</span> <span class='ocrx_word' id='word_1_249' title='bbox 1454 3716 1541 3795; x_wconf 78' lang='lat' dir='ltr'>sunt,</span> <span class='ocrx_word' id='word_1_250' title='bbox 1575 3716 1608 3777; x_wconf 94' lang='lat' dir='ltr'>et</span> <span class='ocrx_word' id='word_1_251' title='bbox 1643 3728 1689 3777; x_wconf 82' lang='lat' dir='ltr'>ex</span> <span class='ocrx_word' id='word_1_252' title='bbox 1722 3706 1871 3803; x_wconf 92' lang='lat' dir='ltr'>Copticis</span> <span class='ocrx_word' id='word_1_253' title='bbox 1904 3732 2010 3805; x_wconf 87' lang='lat' dir='ltr'>prae-</span> 
     </span>
     <span class='ocr_line' id='line_1_29' title="bbox 640 3820 2011 3921; baseline -0.001 -23"><span class='ocrx_word' id='word_1_254' title='bbox 640 3830 727 3921; x_wconf 90' lang='lat' dir='ltr'>cipui</span> <span class='ocrx_word' id='word_1_255' title='bbox 754 3825 900 3899; x_wconf 86' lang='lat' dir='ltr'>Codices</span> <span class='ocrx_word' id='word_1_256' title='bbox 926 3826 1095 3897; x_wconf 84' lang='lat' dir='ltr'>versionis</span> <span class='ocrx_word' id='word_1_257' title='bbox 1121 3825 1292 3915; x_wconf 87' lang='lat' dir='ltr'>utriusque</span> <span class='ocrx_word' id='word_1_258' title='bbox 1316 3820 1534 3912; x_wconf 77' lang='lat' dir='ltr'>Testamenti,</span> <span class='ocrx_word' id='word_1_259' title='bbox 1550 3820 1724 3912; x_wconf 87' lang='lat' dir='ltr'>Liturgiae</span> <span class='ocrx_word' id='word_1_260' title='bbox 1752 3832 1785 3894; x_wconf 89' lang='lat' dir='ltr'>et</span> <span class='ocrx_word' id='word_1_261' title='bbox 1810 3823 2011 3896; x_wconf 87' lang='lat' dir='ltr'>Pontificalis</span> 
     </span>
     <span class='ocr_line' id='line_1_30' title="bbox 639 3935 2012 4035; baseline -0.001 -23"><span class='ocrx_word' id='word_1_262' title='bbox 639 3940 743 4030; x_wconf 70' lang='lat' dir='ltr'>liber,</span> <span class='ocrx_word' id='word_1_263' title='bbox 775 3963 821 4013; x_wconf 91' lang='lat' dir='ltr'>ex</span> <span class='ocrx_word' id='word_1_264' title='bbox 848 3963 914 4035; x_wconf 86' lang='lat' dir='ltr'>quo</span> <span class='ocrx_word' id='word_1_265' title='bbox 940 3939 1146 4010; x_wconf 83' lang='lat' dir='ltr'>Athanasius</span> <span class='ocrx_word' id='word_1_266' title='bbox 1172 3935 1352 4008; x_wconf 83' lang='lat' dir='ltr'>llircherus</span> <span class='ocrx_word' id='word_1_267' title='bbox 1380 3937 1542 4031; x_wconf 87' lang='lat' dir='ltr'>quaedam</span> <span class='ocrx_word' id='word_1_268' title='bbox 1570 3937 1671 4009; x_wconf 89' lang='lat' dir='ltr'>edidit</span> <span class='ocrx_word' id='word_1_269' title='bbox 1697 3937 1828 4029; x_wconf 71' lang='lat' dir='ltr'>Latine,</span> <span class='ocrx_word' id='word_1_270' title='bbox 1857 3940 1918 4012; x_wconf 89' lang='lat' dir='ltr'>sed</span> <span class='ocrx_word' id='word_1_271' title='bbox 1945 3961 2012 4012; x_wconf 94' lang='lat' dir='ltr'>non</span> 
     </span>
     <span class='ocr_line' id='line_1_31' title="bbox 642 4050 2011 4149; baseline 0 -22"><span class='ocrx_word' id='word_1_272' title='bbox 642 4055 793 4128; x_wconf 88' lang='lat' dir='ltr'>feliciter.</span> <span class='ocrx_word' id='word_1_273' title='bbox 822 4055 902 4127; x_wconf 89' lang='lat' dir='ltr'>lnds</span> <span class='ocrx_word' id='word_1_274' title='bbox 930 4055 1099 4144; x_wconf 86' lang='lat' dir='ltr'>conjicere</span> <span class='ocrx_word' id='word_1_275' title='bbox 1125 4051 1228 4141; x_wconf 71' lang='lat' dir='ltr'>licut,</span> <span class='ocrx_word' id='word_1_276' title='bbox 1254 4050 1424 4144; x_wconf 76' lang='lat' dir='ltr'>liturgias</span> <span class='ocrx_word' id='word_1_277' title='bbox 1451 4052 1553 4144; x_wconf 82' lang='lat' dir='ltr'>illum,</span> <span class='ocrx_word' id='word_1_278' title='bbox 1581 4057 1609 4125; x_wconf 92' lang='lat' dir='ltr'>si</span> <span class='ocrx_word' id='word_1_279' title='bbox 1636 4064 1672 4125; x_wconf 95' lang='lat' dir='ltr'>ut</span> <span class='ocrx_word' id='word_1_280' title='bbox 1697 4055 1863 4149; x_wconf 89' lang='lat' dir='ltr'>pollicitus</span> <span class='ocrx_word' id='word_1_281' title='bbox 1890 4054 2011 4145; x_wconf 69' lang='lat' dir='ltr'>lauerat,</span> 
     </span>
     <span class='ocr_line' id='line_1_32' title="bbox 640 4165 2012 4268; baseline -0.001 -24"><span class='ocrx_word' id='word_1_282' title='bbox 640 4169 782 4268; x_wconf 88' lang='lat' dir='ltr'>Coptioe</span> <span class='ocrx_word' id='word_1_283' title='bbox 818 4181 852 4242; x_wconf 88' lang='lat' dir='ltr'>et</span> <span class='ocrx_word' id='word_1_284' title='bbox 876 4169 996 4242; x_wconf 84' lang='lat' dir='ltr'>Latine</span> <span class='ocrx_word' id='word_1_285' title='bbox 1029 4167 1199 4256; x_wconf 78' lang='lat' dir='ltr'>edidisset,</span> <span class='ocrx_word' id='word_1_286' title='bbox 1233 4165 1376 4238; x_wconf 86' lang='lat' dir='ltr'>futurum</span> <span class='ocrx_word' id='word_1_287' title='bbox 1403 4177 1439 4239; x_wconf 95' lang='lat' dir='ltr'>ut</span> <span class='ocrx_word' id='word_1_288' title='bbox 1463 4190 1556 4241; x_wconf 84' lang='lat' dir='ltr'>novo</span> <span class='ocrx_word' id='word_1_289' title='bbox 1583 4173 1765 4264; x_wconf 88' lang='lat' dir='ltr'>interprete</span> <span class='ocrx_word' id='word_1_290' title='bbox 1792 4193 1875 4266; x_wconf 91' lang='lat' dir='ltr'>opus</span> <span class='ocrx_word' id='word_1_291' title='bbox 1901 4170 2012 4244; x_wconf 86' lang='lat' dir='ltr'>habe-</span> 
     </span>
     <span class='ocr_line' id='line_1_33' title="bbox 640 4281 2011 4382; baseline 0.001 -24"><span class='ocrx_word' id='word_1_292' title='bbox 640 4298 723 4359; x_wconf 91' lang='lat' dir='ltr'>rent.</span> <span class='ocrx_word' id='word_1_293' title='bbox 776 4286 812 4359; x_wconf 93' lang='lat' dir='ltr'>Id</span> <span class='ocrx_word' id='word_1_294' title='bbox 841 4307 924 4358; x_wconf 86' lang='lat' dir='ltr'>sane</span> <span class='ocrx_word' id='word_1_295' title='bbox 950 4295 1124 4380; x_wconf 89' lang='lat' dir='ltr'>praestare</span> <span class='ocrx_word' id='word_1_296' title='bbox 1155 4292 1288 4378; x_wconf 89' lang='lat' dir='ltr'>poterat</span> <span class='ocrx_word' id='word_1_297' title='bbox 1323 4281 1517 4357; x_wconf 85' lang='lat' dir='ltr'>Guillelrnus</span> <span class='ocrx_word' id='word_1_298' title='bbox 1542 4284 1705 4375; x_wconf 78' lang='lat' dir='ltr'>Bonjour‚</span> <span class='ocrx_word' id='word_1_299' title='bbox 1742 4289 1797 4380; x_wconf 90' lang='lat' dir='ltr'>qui</span> <span class='ocrx_word' id='word_1_300' title='bbox 1824 4309 1871 4357; x_wconf 87' lang='lat' dir='ltr'>ex</span> <span class='ocrx_word' id='word_1_301' title='bbox 1895 4291 2011 4382; x_wconf 87' lang='lat' dir='ltr'>paucis</span> 
     </span>
     <span class='ocr_line' id='line_1_34' title="bbox 639 4398 2012 4498; baseline 0.001 -25"><span class='ocrx_word' id='word_1_302' title='bbox 639 4402 746 4492; x_wconf 87' lang='lat' dir='ltr'>libris,</span> <span class='ocrx_word' id='word_1_303' title='bbox 771 4404 910 4498; x_wconf 89' lang='lat' dir='ltr'>proprio</span> <span class='ocrx_word' id='word_1_304' title='bbox 944 4409 1051 4472; x_wconf 89' lang='lat' dir='ltr'>marta</span> <span class='ocrx_word' id='word_1_305' title='bbox 1083 4399 1229 4491; x_wconf 86' lang='lat' dir='ltr'>linguam</span> <span class='ocrx_word' id='word_1_306' title='bbox 1258 4398 1433 4494; x_wconf 89' lang='lat' dir='ltr'>Coptioam</span> <span class='ocrx_word' id='word_1_307' title='bbox 1460 4399 1604 4489; x_wconf 75' lang='lat' dir='ltr'>edidicit,</span> <span class='ocrx_word' id='word_1_308' title='bbox 1631 4399 1783 4495; x_wconf 84' lang='lat' dir='ltr'>illiusque</span> <span class='ocrx_word' id='word_1_309' title='bbox 1810 4412 2012 4493; x_wconf 83' lang='lat' dir='ltr'>accuratam,</span> 
     </span>
     <span class='ocr_line' id='line_1_35' title="bbox 641 4513 2012 4612; baseline 0 -22"><span class='ocrx_word' id='word_1_310' title='bbox 641 4529 675 4590; x_wconf 89' lang='lat' dir='ltr'>et</span> <span class='ocrx_word' id='word_1_311' title='bbox 702 4517 774 4590; x_wconf 91' lang='lat' dir='ltr'>aliis</span> <span class='ocrx_word' id='word_1_312' title='bbox 803 4539 890 4612; x_wconf 86' lang='lat' dir='ltr'>quae</span> <span class='ocrx_word' id='word_1_313' title='bbox 916 4514 974 4589; x_wconf 84' lang='lat' dir='ltr'>vel</span> <span class='ocrx_word' id='word_1_314' title='bbox 1000 4514 1149 4589; x_wconf 90' lang='lat' dir='ltr'>Arabica</span> <span class='ocrx_word' id='word_1_315' title='bbox 1175 4513 1233 4586; x_wconf 88' lang='lat' dir='ltr'>vel</span> <span class='ocrx_word' id='word_1_316' title='bbox 1247 4513 1367 4586; x_wconf 90' lang='lat' dir='ltr'>Latine</span> <span class='ocrx_word' id='word_1_317' title='bbox 1382 4516 1577 4610; x_wconf 88' lang='lat' dir='ltr'>prodierant</span> <span class='ocrx_word' id='word_1_318' title='bbox 1591 4520 1868 4611; x_wconf 87' lang='lat' dir='ltr'>praestantiorem</span> <span class='ocrx_word' id='word_1_319' title='bbox 1886 4517 2012 4590; x_wconf 88' lang='lat' dir='ltr'>Grum-</span> 
     </span>
     <span class='ocr_line' id='line_1_36' title="bbox 642 4629 2014 4726; baseline 0.001 -22"><span class='ocrx_word' id='word_1_320' title='bbox 642 4635 798 4704; x_wconf 87' lang='lat' dir='ltr'>matieam</span> <span class='ocrx_word' id='word_1_321' title='bbox 823 4634 1022 4726; x_wconf 71' lang='lat' dir='ltr'>composuit,</span> <span class='ocrx_word' id='word_1_322' title='bbox 1047 4653 1145 4725; x_wconf 90' lang='lat' dir='ltr'>quam</span> <span class='ocrx_word' id='word_1_323' title='bbox 1163 4629 1294 4712; x_wconf 85' lang='lat' dir='ltr'>Romae</span> <span class='ocrx_word' id='word_1_324' title='bbox 1320 4653 1408 4704; x_wconf 92' lang='lat' dir='ltr'>anno</span> <span class='ocrx_word' id='word_1_325' title='bbox 1426 4629 1580 4704; x_wconf 83' lang='lat' dir='ltr'>tmcct.</span> <span class='ocrx_word' id='word_1_326' title='bbox 1608 4629 1684 4702; x_wconf 89' lang='lat' dir='ltr'>mihi</span> <span class='ocrx_word' id='word_1_327' title='bbox 1710 4631 1888 4724; x_wconf 89' lang='lat' dir='ltr'>legendam</span> <span class='ocrx_word' id='word_1_328' title='bbox 1914 4655 2014 4706; x_wconf 88' lang='lat' dir='ltr'>com-</span> 
     </span>
     <span class='ocr_line' id='line_1_37' title="bbox 641 4743 2016 4841; baseline 0.002 -23"><span class='ocrx_word' id='word_1_329' title='bbox 641 4749 731 4818; x_wconf 91' lang='lat' dir='ltr'>misit</span> <span class='ocrx_word' id='word_1_330' title='bbox 765 4744 921 4819; x_wconf 82' lang='lat' dir='ltr'>Clemens</span> <span class='ocrx_word' id='word_1_331' title='bbox 948 4745 1007 4818; x_wconf 90' lang='lat' dir='ltr'>lX.</span> <span class='ocrx_word' id='word_1_332' title='bbox 1043 4743 1203 4817; x_wconf 80' lang='lat' dir='ltr'>Pontifex</span> <span class='ocrx_word' id='word_1_333' title='bbox 1227 4745 1408 4836; x_wconf 72' lang='lat' dir='ltr'>Maximus,</span> <span class='ocrx_word' id='word_1_334' title='bbox 1441 4757 1476 4818; x_wconf 91' lang='lat' dir='ltr'>et</span> <span class='ocrx_word' id='word_1_335' title='bbox 1501 4769 1600 4841; x_wconf 64' lang='lat' dir='ltr'>pom</span> <span class='ocrx_word' id='word_1_336' title='bbox 1627 4751 1910 4820; x_wconf 86' lang='lat' dir='ltr'>accuratissimam</span> <span class='ocrx_word' id='word_1_337' title='bbox 1937 4769 2016 4824; x_wconf 89' lang='lat' dir='ltr'>esse</span> 
     </span>
     <span class='ocr_line' id='line_1_38' title="bbox 646 4859 2016 4958; baseline 0.002 -26"><span class='ocrx_word' id='word_1_338' title='bbox 646 4871 745 4955; x_wconf 88' lang='lat' dir='ltr'>atque</span> <span class='ocrx_word' id='word_1_339' title='bbox 780 4860 925 4933; x_wconf 87' lang='lat' dir='ltr'>editione</span> <span class='ocrx_word' id='word_1_340' title='bbox 958 4860 1202 4953; x_wconf 76' lang='lat' dir='ltr'>dignissimam,</span> <span class='ocrx_word' id='word_1_341' title='bbox 1234 4859 1323 4934; x_wconf 85' lang='lat' dir='ltr'>lacta</span> <span class='ocrx_word' id='word_1_342' title='bbox 1356 4861 1398 4934; x_wconf 92' lang='lat' dir='ltr'>ad</span> <span class='ocrx_word' id='word_1_343' title='bbox 1424 4867 1539 4958; x_wconf 31' lang='lat' dir='ltr'>ipsum,</span> <span class='ocrx_word' id='word_1_344' title='bbox 1559 4861 1755 4935; x_wconf 86' lang='lat' dir='ltr'>Pontificem</span> <span class='ocrx_word' id='word_1_345' title='bbox 1780 4864 1955 4956; x_wconf 77' lang='lat' dir='ltr'>relatione,</span> <span class='ocrx_word' id='word_1_346' title='bbox 1982 4874 2016 4935; x_wconf 93' lang='lat' dir='ltr'>et</span> 
     </span>
     <span class='ocr_line' id='line_1_39' title="bbox 646 4976 2039 5077; baseline 0.005 -32"><span class='ocrx_word' id='word_1_347' title='bbox 646 4979 771 5071; x_wconf 89' lang='lat' dir='ltr'>scripto</span> <span class='ocrx_word' id='word_1_348' title='bbox 804 4979 943 5048; x_wconf 79' lang='lat' dir='ltr'>testatus</span> <span class='ocrx_word' id='word_1_349' title='bbox 978 5000 1061 5052; x_wconf 88' lang='lat' dir='ltr'>sum.</span> <span class='ocrx_word' id='word_1_350' title='bbox 1115 4976 1202 5049; x_wconf 89' lang='lat' dir='ltr'>Nam</span> <span class='ocrx_word' id='word_1_351' title='bbox 1238 4999 1280 5049; x_wconf 91' lang='lat' dir='ltr'>ea</span> <span class='ocrx_word' id='word_1_352' title='bbox 1315 5001 1412 5072; x_wconf 86' lang='lat' dir='ltr'>quam</span> <span class='ocrx_word' id='word_1_353' title='bbox 1447 4978 1633 5051; x_wconf 91' lang='lat' dir='ltr'>Prodromo</span> <span class='ocrx_word' id='word_1_354' title='bbox 1666 4979 1808 5077; x_wconf 85' lang='lat' dir='ltr'>Coptica</span> <span class='ocrx_word' id='word_1_355' title='bbox 1835 4979 2039 5060; x_wconf 71' lang='lat' dir='ltr'>llircltems,</span> 
     </span>
    </p>
   </div>
   <div class='ocr_carea' id='block_1_3' title="bbox 0 0 2396 6036">
    <p class='ocr_par' dir='ltr' id='par_1_6' title="bbox 0 0 2396 6036">
     <span class='ocr_line' id='line_1_40' title="bbox 0 0 2396 6036; baseline 0 0"><span class='ocrx_word' id='word_1_356' title='bbox 0 0 2396 6036; x_wconf 95' lang='lat' dir='ltr'> </span> 
     </span>
    </p>
   </div>
  </div>
 </body>
</html>
