4736 6064
674 535 753 610 490
961 529 1754 612 LITURGllCdblllUlilS

674 732 745 810 tas,
772 723 906 818 aspexit
930 722 964 792 in
990 718 1140 809 coetum,
1166 718 1210 792 sd
1236 728 1269 790 tc
1297 719 1431 791 Petrum
1459 739 1571 808 suum,
1598 719 1725 808 gratias
1752 717 1840 808 egit,
1867 712 2048 804 benedixit,

675 835 913 925 sanctificavit,
940 846 973 909 et
1000 834 1090 907 dedit
1116 833 1286 929 discipulis
1314 837 1382 906 suis
1417 833 1547 906 dicens:
1582 835 1742 928 accipite,
1777 830 1976 903 manducate
2002 852 2049 902 ex

675 973 719 1024 eo
745 973 811 1024 vos
838 972 971 1025 omnes:
997 949 1060 1022 llic
1085 953 1181 1045 panis
1208 960 1261 1022 est
1287 970 1410 1045 eorpus
1437 970 1567 1037 meum,
1594 945 1684 1041 quod
1718 965 1782 1042 pro
1816 945 1916 1019 vobis
1948 945 2047 1018 iran-

606 1101 609 1107 ·
675 1067 764 1156 gitur
790 1069 824 1138 in
850 1067 1082 1140 remissionem
1104 1075 1330 1160 peccatorum.
1355 1065 1476 1140 Amen.

779 1180 942 1274 Populea.
968 1181 1090 1254 Amen.
1115 1183 1235 1253 Amen.
1262 1180 1383 1255 Amen.
1417 1178 1591 1251 Credimus
1627 1188 1661 1250 et
1691 1181 1775 1250 certi
1806 1197 1938 1266 sumus,
1969 1167 2065 1246 lau-'

675 1294 791 1368 damus
819 1306 852 1369 te
878 1298 1023 1368 Domine
1049 1294 1142 1367 Deus
1168 1302 1300 1388 noster,
1326 1293 1391 1366 boc
1417 1302 1470 1367 est
1495 1315 1592 1384 vere,
1619 1303 1654 1364 et
1679 1295 1724 1363 ita
1751 1290 1936 1378 credimus,
1964 1312 2049 1361 cor-

674 1432 737 1507 pus
763 1421 864 1483 tuum.

779 1527 964 1599 Sacerdos.
991 1523 1149 1598 Similiter
1175 1525 1313 1598 calicem
1340 1528 1521 1616 gratiarum
1547 1525 1687 1596 actionis
1714 1522 1885 1596 benedixit
1906 1529 1941 1592 et
1965 1540 2050 1600 sun-¹

676 1639 834 1713 ctificavit
861 1651 895 1712 et
927 1640 1011 1712 dixit
1036 1640 1114 1712 illis:
1149 1643 1308 1735 accipite,
1343 1638 1447 1711 bibite
1479 1662 1526 1711 ex
1559 1660 1601 1711 eo
1633 1659 1699 1710 vos
1726 1659 1853 1711 omnes.
1906 1636 1969 1708 Hic
1997 1643 2050 1706 est

676 1755 767 1829 calix
789 1758 960 1848 sanguinis
978 1759 1056 1847 mei,
1083 1759 1137 1849 qui
1164 1777 1226 1849 pro
1253 1753 1354 1827 vobis
1382 1754 1576 1845 animosum,
1602 1775 1665 1850 pro
1692 1753 1898 1826 redemtione
1923 1749 2051 1822 multo-

675 1893 758 1943 rum.
784 1872 905 1945 Amen.

780 1985 934 2078 Populus
959 1986 1007 2054 ad
1033 1985 1182 2056 Calicem
1208 1984 1308 2057 dicct.
1343 1987 1463 2060 Amen.
1491 1984 1584 2057 Vere
1611 1993 1663 2060 est
1691 1989 1828 2078 sanguis
1851 1995 1939 2076 tuus,
1965 2006 2049 2055 cre-

679 2099 711 2171 d'
745 2123 794 2171 u.

701 2123 745 2172 lm
768 2122 964 2275 sSacerdos.
990 2201 1035 2274 Et
1061 2205 1333 2298 quotiescumque
1358 2203 1393 2275 id
1421 2202 1569 2276 feceritis
1595 2207 1791 2276 memoriam
1817 2205 1883 2274 mei
1908 2175 2050 2274 iacietis.

781 2318 943 2412 Populus.
969 2316 1112 2390 Mortem
1140 2329 1229 2391 tuem
1257 2321 1486 2393 annuntiemus
1510 2319 1674 2409 Domine,
1710 2326 1745 2390 et
1769 2320 2052 2392 resurrectionem

676 2445 764 2506 tuam
797 2443 947 2507 sanctam
979 2433 1167 2524 credimus,
1193 2437 1425 2506 ascensionem
1461 2446 1551 2507 tuem
1585 2445 1619 2506 et
1654 2433 1833 2506 adventurn
1864 2441 1954 2505 tunm
1987 2453 2051 2504 se-

676 2549 832 2621 cundum:
865 2568 1025 2640 rogamus
1060 2561 1095 2621 te
1121 2551 1265 2622 Domine
1290 2548 1384 2623 Deus
1411 2559 1542 2623 noster:
1570 2548 1634 2624 boc
1667 2572 1752 2621 vere
1779 2551 1824 2621 ita
1856 2569 1935 2622 esse
1967 2568 2050 2619 cre-

677 2663 793 2736 dimus.
1569 2648 1571 2658 *
1767 2666 1771 2674 '
1809 2723 1812 2742 ‚

780 2778 965 2850 Sacerdos.
991 2777 1088 2849 Nunc
1117 2780 1215 2850 etiam
1240 2781 1384 2852 Domine
1410 2782 1605 2852 memoriam
1624 2789 1765 2873 agentes
1784 2782 1900 2852 mortis
1928 2785 1961 2850 et
1987 2800 2051 2849 re-

677 2895 893 2968 surrectionis
920 2903 1017 2983 tuae,
1051 2890 1218 2968 ollerimus
1245 2895 1303 2967 tibi
1329 2894 1416 2967 bunc
1442 2917 1563 2990 panem
1590 2904 1625 2967 et
1649 2895 1736 2968 brnrc
1770 2894 1927 2967 calicem:
1963 2916 2051 2987 gra-

677 3011 741 3081 tias
768 3018 908 3102 agentes
936 3006 1015 3099 tibi,
1042 3007 1131 3103 quod
1147 3031 1219 3104 ¹per
1246 3033 1287 3081 ea
1314 3009 1435 3103 dignos
1470 3010 1578 3084 iecisti
1615 3033 1677 3086 nos
1713 3011 1822 3086 standi
1862 3032 1977 3082 coram
2004 3018 2051 3099 te,

675 3124 801 3220 tibique
828 3122 1038 3198 sacerdotale
1072 3127 1288 3199 ministerium
1320 3125 1508 3198 exhibendi.
1545 3127 1603 3201 14.
1629 3124 1804 3218 Rogemus
1839 3134 1872 3198 te
1908 3126 2052 3199 Domine

676 3247 712 3312 et
743 3239 962 3335 deprecamur
994 3249 1045 3331 te,
1084 3250 1121 3311 nt
1152 3244 1262 3312 mittes
1294 3250 1443 3314 sonatum
1478 3241 1653 3338 Spiritum,
1694 3252 1727 3313 et
1761 3245 1918 3316 virtutem
1951 3265 2052 3340 super

676 3353 763 3427 bunc
788 3378 926 3451 panem,
954 3365 987 3426 et
1018 3376 1120 3450 snper
1153 3353 1240 3426 bunc
1272 3355 1429 3445 calicem,
1465 3356 1633 3452 iaciatque
1668 3369 1842 3454 utrumque
1868 3381 1992 3456 eorpus
2018 3369 2053 3432 et

677 3473 873 3563 sanguinem
900 3470 1035 3543 Domini
1061 3479 1095 3541 et
1121 3468 1302 3544 salvatoris
1329 3474 1434 3544 nostri
1461 3473 1544 3546 lesu
1572 3471 1711 3563 Christi,
1743 3478 1777 3546 in
1804 3475 1939 3548 saecula
1966 3495 2051 3548 sae-

678 3586 837 3659 culorum.
891 3586 1011 3659 Amen.

781 3702 966 3774 Sacerdos.
999 3699 1179 3792 lliscuisti‚
1215 3710 1278 3773 etc.
1311 3700 1365 3774 Da
1396 3712 1433 3775 ut
1467 3701 1619 3776 amnibus
1653 3701 1710 3776 ille
1744 3702 1947 3778 sumentibus
1973 3704 2053 3776 liant

678 3818 720 3889 ad
746 3817 1040 3891 sanctificationem
1067 3828 1101 3889 et
1125 3817 1359 3914 plenitudinem
1386 3818 1530 3914 Spiritus
1557 3820 1681 3908 sancti,
1715 3828 1748 3890 et
1780 3819 1822 3890 ad
1853 3817 2051 3893 roboratio-

677 3957 755 4006 nem
780 3934 877 4024 fidei,
903 3945 939 4006 nt
964 3943 998 4006 te
1031 3934 1253 4024 sanctificent,
1289 3957 1351 4030 per
1382 3934 1561 4006 Dominum
1594 3944 1628 4004 et
1663 3932 1868 4006 salvatorem
1902 3947 2052 4010 nostrum

677 4049 794 4122 Jesnm
822 4048 1007 4138 Christum,
1034 4071 1109 4121 cum
1135 4049 1260 4146 Spiritu
1287 4060 1423 4139 sancto,
1448 4052 1483 4122 in
1509 4048 1645 4122 saecule
1671 4049 1891 4124 saeculorum.
1932 4049 2052 4122 Amen.

781 4167 969 4238 Diaconos.
997 4164 1086 4236 Toto
1113 4164 1217 4238 corde
1249 4165 1468 4261 deprecemur
1493 4165 1670 4237 Dominum
1695 4167 1804 4238 Deum
1829 4176 1991 4258 nostrum,
2017 4175 2053 4238 ut

677 4279 823 4374 benigne
849 4281 948 4356 nobis
974 4278 1138 4354 concedat
1167 4283 1323 4353 unionem
1348 4280 1470 4354 bonam
1497 4281 1639 4376 Spiritus
1666 4285 1782 4354 sancti.

780 4395 964 4469 Sacerdos.
990 4397 1045 4469 De
1071 4395 1169 4468 nobis
1196 4407 1231 4468 nt
1256 4399 1407 4469 uniamur
1439 4401 1472 4469 in
1501 4397 1625 4492 Spiritu
1651 4407 1708 4470 tua
1736 4407 1872 4488 sancto,
1905 4405 1939 4468 et
1970 4418 2053 4469 sena

675 4533 739 4586 nos
765 4535 827 4610 per
852 4511 938 4584 banc
965 4510 1186 4600 oblationem,
1213 4522 1249 4584 ut
1275 4515 1309 4584 in
1335 4525 1369 4585 te
1394 4516 1550 4586 vivamus
1576 4535 1639 4608 per
1665 4515 1776 4585 omnia
1803 4513 1941 4585 saecule
1968 4535 2053 4586 sue-

677 4626 836 4701 culornm.
877 4630 997 4703 Amen.
1036 4628 1253 4700 Benedictum
1288 4632 1332 4702 sit
1366 4648 1486 4700 nomen
1518 4627 1669 4700 Domini:
1702 4639 1737 4701 et
1769 4627 1964 4701 benedictus
1998 4632 2053 4724 qui

677 4747 829 4816 venitin
856 4747 990 4816 nomine
1016 4743 1167 4816 Domini:
1194 4753 1229 4816 et
1254 4743 1471 4818 benedicetur
1484 4765 1606 4818 nomen
1620 4742 1749 4837 gloriae
1776 4746 1866 4836 ejus:
1893 4743 1959 4833 bat,
1985 4742 2053 4841 bot,

678 4855 745 4930 list.
773 4859 941 4952 Populus:
992 4861 1081 4930 idem
1105 4863 1241 4954 repetit.
