<?xml version="1.0" encoding="UTF-8"?>
<!DOCTYPE html PUBLIC "-//W3C//DTD XHTML 1.0 Transitional//EN"
    "http://www.w3.org/TR/xhtml1/DTD/xhtml1-transitional.dtd">
<html xmlns="http://www.w3.org/1999/xhtml" xml:lang="en" lang="en">
 <head>
  <title>
</title>
<meta http-equiv="Content-Type" content="text/html;charset=utf-8" />
  <meta name='ocr-system' content='tesseract 3.04.00' />
  <meta name='ocr-capabilities' content='ocr_page ocr_carea ocr_par ocr_line ocrx_word'/>
</head>
<body>
  <div class='ocr_page' id='page_1' title='image "./liturgiarumorie03renagoog_0632.png"; bbox 0 0 4736 6064; ppageno 0'>
   <div class='ocr_carea' id='block_1_1' title="bbox 500 985 1698 1447">
    <p class='ocr_par' dir='ltr' id='par_1_1' title="bbox 500 985 1698 1502">
     <span class='ocr_line' id='line_1_1' title="bbox 500 985 1698 1152; baseline -0.002 -2"><span class='ocrx_word' id='word_1_1' title='bbox 500 1033 583 1151; x_wconf 73' lang='lat' dir='ltr'><strong><em>ss</em></strong></span> <span class='ocrx_word' id='word_1_2' title='bbox 634 985 1085 1152; x_wconf 74' lang='lat' dir='ltr'><strong>LITURGIAM</strong></span> <span class='ocrx_word' id='word_1_3' title='bbox 1136 1031 1698 1152; x_wconf 72' lang='lat' dir='ltr'><strong><em>sssssossonn</em></strong></span> 
     </span>
     <span class='ocr_line' id='line_1_2' title="bbox 824 1267 1381 1447; baseline 0.005 -4"><span class='ocrx_word' id='word_1_4' title='bbox 824 1267 1381 1447; x_wconf 77' lang='lat' dir='ltr'><strong>PRAEFATIO.</strong></span> 
     </span>
    </p>
   </div>
   <div class='ocr_carea' id='block_1_2' title="bbox 491 1676 1786 1796">
    <p class='ocr_par' dir='ltr' id='par_1_2' title="bbox 491 1676 1786 1796">
     <span class='ocr_line' id='line_1_3' title="bbox 491 1676 1786 1796; baseline -0.005 -18"><span class='ocrx_word' id='word_1_5' title='bbox 491 1676 760 1778; x_wconf 76' lang='lat' dir='ltr'><strong><em>Alexandrinis</em></strong></span> <span class='ocrx_word' id='word_1_6' title='bbox 785 1700 953 1796; x_wconf 71' lang='lat' dir='ltr'><strong><em>Litarpiis</em></strong></span> <span class='ocrx_word' id='word_1_7' title='bbox 981 1698 1132 1794; x_wconf 81' lang='lat' dir='ltr'><strong><em>Copticis</em></strong></span> <span class='ocrx_word' id='word_1_8' title='bbox 1167 1703 1202 1771; x_wconf 91' lang='lat' dir='ltr'><strong><em>el</em></strong></span> <span class='ocrx_word' id='word_1_9' title='bbox 1238 1699 1402 1791; x_wconf 84' lang='lat' dir='ltr'><strong><em>Graecis,</em></strong></span> <span class='ocrx_word' id='word_1_10' title='bbox 1436 1720 1577 1794; x_wconf 81' lang='lat' dir='ltr'><strong><em>qnmmm</em></strong></span> <span class='ocrx_word' id='word_1_11' title='bbox 1610 1701 1786 1772; x_wconf 71' lang='lat' dir='ltr'><strong><em>versiones</em></strong></span> 
     </span>
    </p>
   </div>
   <div class='ocr_carea' id='block_1_3' title="bbox 339 1813 1793 5055">
    <p class='ocr_par' dir='ltr' id='par_1_3' title="bbox 339 1813 1793 5055">
     <span class='ocr_line' id='line_1_4' title="bbox 418 1813 1785 1910; baseline -0.004 -22"><span class='ocrx_word' id='word_1_12' title='bbox 418 1817 598 1905; x_wconf 81' lang='lat' dir='ltr'><strong><em>edidimus,</em></strong></span> <span class='ocrx_word' id='word_1_13' title='bbox 625 1815 829 1910; x_wconf 77' lang='lat' dir='ltr'><strong><em>subjanpere</em></strong></span> <span class='ocrx_word' id='word_1_14' title='bbox 855 1819 962 1887; x_wconf 83' lang='lat' dir='ltr'><strong><em>nisam</em></strong></span> <span class='ocrx_word' id='word_1_15' title='bbox 988 1822 1039 1888; x_wconf 87' lang='lat' dir='ltr'><strong><em>est</em></strong></span> <span class='ocrx_word' id='word_1_16' title='bbox 1063 1813 1323 1907; x_wconf 84' lang='lat' dir='ltr'><strong><em>Aetbiopicam:</em></strong></span> <span class='ocrx_word' id='word_1_17' title='bbox 1349 1820 1417 1885; x_wconf 88' lang='lat' dir='ltr'><strong><em>tam</em></strong></span> <span class='ocrx_word' id='word_1_18' title='bbox 1442 1815 1485 1886; x_wconf 90' lang='lat' dir='ltr'><strong><em>ab</em></strong></span> <span class='ocrx_word' id='word_1_19' title='bbox 1513 1817 1704 1910; x_wconf 75' lang='lat' dir='ltr'><strong><em>arpamenti</em></strong></span> <span class='ocrx_word' id='word_1_20' title='bbox 1729 1817 1785 1884; x_wconf 89' lang='lat' dir='ltr'><strong><em>si-</em></strong></span> 
     </span>
     <span class='ocr_line' id='line_1_5' title="bbox 416 1931 1785 2026; baseline -0.002 -22"><span class='ocrx_word' id='word_1_21' title='bbox 416 1935 654 2020; x_wconf 70' lang='lat' dir='ltr'><strong><em>militudinm,</em></strong></span> <span class='ocrx_word' id='word_1_22' title='bbox 682 1938 749 2003; x_wconf 90' lang='lat' dir='ltr'><strong><em>tam</em></strong></span> <span class='ocrx_word' id='word_1_23' title='bbox 777 1931 867 2026; x_wconf 84' lang='lat' dir='ltr'><strong><em>qaod</em></strong></span> <span class='ocrx_word' id='word_1_24' title='bbox 892 1955 916 2002; x_wconf 93' lang='lat' dir='ltr'><strong><em>a</em></strong></span> <span class='ocrx_word' id='word_1_25' title='bbox 941 1931 1051 2002; x_wconf 81' lang='lat' dir='ltr'><strong><em>moltis</em></strong></span> <span class='ocrx_word' id='word_1_26' title='bbox 1080 1931 1242 2019; x_wconf 81' lang='lat' dir='ltr'><strong><em>saeculis,</em></strong></span> <span class='ocrx_word' id='word_1_27' title='bbox 1276 1952 1393 2023; x_wconf 82' lang='lat' dir='ltr'><strong><em>nempe</em></strong></span> <span class='ocrx_word' id='word_1_28' title='bbox 1424 1933 1539 2002; x_wconf 88' lang='lat' dir='ltr'><strong><em>statim</em></strong></span> <span class='ocrx_word' id='word_1_29' title='bbox 1566 1937 1646 2024; x_wconf 90' lang='lat' dir='ltr'><strong><em>post</em></strong></span> <span class='ocrx_word' id='word_1_30' title='bbox 1675 1931 1785 2004; x_wconf 88' lang='lat' dir='ltr'><strong><em>snba-</em></strong></span> 
     </span>
     <span class='ocr_line' id='line_1_6' title="bbox 417 2045 1786 2142; baseline -0.001 -21"><span class='ocrx_word' id='word_1_31' title='bbox 417 2056 507 2121; x_wconf 86' lang='lat' dir='ltr'><strong><em>ctam</em></strong></span> <span class='ocrx_word' id='word_1_32' title='bbox 533 2073 556 2120; x_wconf 93' lang='lat' dir='ltr'><strong><em>a</em></strong></span> <span class='ocrx_word' id='word_1_33' title='bbox 581 2047 838 2120; x_wconf 79' lang='lat' dir='ltr'><strong><em>Mulomedanis</em></strong></span> <span class='ocrx_word' id='word_1_34' title='bbox 863 2049 1063 2142; x_wconf 79' lang='lat' dir='ltr'><strong><em>Aeppptam,</em></strong></span> <span class='ocrx_word' id='word_1_35' title='bbox 1089 2046 1288 2141; x_wconf 87' lang='lat' dir='ltr'><strong><em>Aetbiopes·</em></strong></span> <span class='ocrx_word' id='word_1_36' title='bbox 1305 2045 1349 2118; x_wconf 87' lang='lat' dir='ltr'><strong><em>ab</em></strong></span> <span class='ocrx_word' id='word_1_37' title='bbox 1367 2046 1530 2118; x_wconf 83' lang='lat' dir='ltr'><strong><em>Ecclesia</em></strong></span> <span class='ocrx_word' id='word_1_38' title='bbox 1542 2047 1786 2120; x_wconf 73' lang='lat' dir='ltr'><strong><em>Alexandrina</em></strong></span> 
     </span>
     <span class='ocr_line' id='line_1_7' title="bbox 417 2162 1786 2259; baseline -0.001 -22"><span class='ocrx_word' id='word_1_39' title='bbox 417 2167 619 2237; x_wconf 83' lang='lat' dir='ltr'><strong><em>lacebitica</em></strong></span> <span class='ocrx_word' id='word_1_40' title='bbox 643 2164 762 2259; x_wconf 75' lang='lat' dir='ltr'><strong><em>fidem,</em></strong></span> <span class='ocrx_word' id='word_1_41' title='bbox 797 2163 1025 2258; x_wconf 85' lang='lat' dir='ltr'><strong><em>disciplinam,</em></strong></span> <span class='ocrx_word' id='word_1_42' title='bbox 1058 2170 1094 2236; x_wconf 92' lang='lat' dir='ltr'><strong><em>et</em></strong></span> <span class='ocrx_word' id='word_1_43' title='bbox 1124 2187 1204 2236; x_wconf 86' lang='lat' dir='ltr'><strong><em>snas</em></strong></span> <span class='ocrx_word' id='word_1_44' title='bbox 1235 2167 1330 2256; x_wconf 87' lang='lat' dir='ltr'><strong><em>ipsas</em></strong></span> <span class='ocrx_word' id='word_1_45' title='bbox 1361 2162 1538 2258; x_wconf 82' lang='lat' dir='ltr'><strong><em>Litorpias</em></strong></span> <span class='ocrx_word' id='word_1_46' title='bbox 1569 2170 1786 2257; x_wconf 85' lang='lat' dir='ltr'><strong><em>acceperant.</em></strong></span> 
     </span>
     <span class='ocr_line' id='line_1_8' title="bbox 416 2279 1786 2378; baseline -0.001 -26"><span class='ocrx_word' id='word_1_47' title='bbox 416 2280 551 2352; x_wconf 87' lang='lat' dir='ltr'><strong><em>Dadam</em></strong></span> <span class='ocrx_word' id='word_1_48' title='bbox 572 2284 698 2378; x_wconf 85' lang='lat' dir='ltr'><strong><em>primo,</em></strong></span> <span class='ocrx_word' id='word_1_49' title='bbox 724 2301 813 2374; x_wconf 83' lang='lat' dir='ltr'><strong><em>qnae</em></strong></span> <span class='ocrx_word' id='word_1_50' title='bbox 839 2283 875 2351; x_wconf 90' lang='lat' dir='ltr'><strong><em>in</em></strong></span> <span class='ocrx_word' id='word_1_51' title='bbox 896 2283 1099 2374; x_wconf 88' lang='lat' dir='ltr'><strong><em>praecipais</em></strong></span> <span class='ocrx_word' id='word_1_52' title='bbox 1124 2281 1220 2351; x_wconf 87' lang='lat' dir='ltr'><strong><em>sacri</em></strong></span> <span class='ocrx_word' id='word_1_53' title='bbox 1247 2279 1365 2374; x_wconf 78' lang='lat' dir='ltr'><strong><em>Officii</em></strong></span> <span class='ocrx_word' id='word_1_54' title='bbox 1385 2279 1546 2372; x_wconf 89' lang='lat' dir='ltr'><strong><em>partibas</em></strong></span> <span class='ocrx_word' id='word_1_55' title='bbox 1572 2302 1618 2351; x_wconf 84' lang='lat' dir='ltr'><strong><em>ea</em></strong></span> <span class='ocrx_word' id='word_1_56' title='bbox 1640 2279 1786 2374; x_wconf 78' lang='lat' dir='ltr'><strong><em>Coptica</em></strong></span> 
     </span>
     <span class='ocr_line' id='line_1_9' title="bbox 416 2394 1787 2490; baseline 0 -23"><span class='ocrx_word' id='word_1_57' title='bbox 416 2396 588 2469; x_wconf 90' lang='lat' dir='ltr'><strong><em>translata</em></strong></span> <span class='ocrx_word' id='word_1_58' title='bbox 614 2402 681 2484; x_wconf 87' lang='lat' dir='ltr'><strong><em>est,</em></strong></span> <span class='ocrx_word' id='word_1_59' title='bbox 708 2395 917 2489; x_wconf 85' lang='lat' dir='ltr'><strong><em>Aetbiopice</em></strong></span> <span class='ocrx_word' id='word_1_60' title='bbox 944 2396 1039 2467; x_wconf 89' lang='lat' dir='ltr'><strong><em>edila</em></strong></span> <span class='ocrx_word' id='word_1_61' title='bbox 1060 2397 1130 2490; x_wconf 81' lang='lat' dir='ltr'><strong><em>snit</em></strong></span> <span class='ocrx_word' id='word_1_62' title='bbox 1154 2396 1287 2468; x_wconf 82' lang='lat' dir='ltr'><strong><em>Romae</em></strong></span> <span class='ocrx_word' id='word_1_63' title='bbox 1313 2417 1404 2466; x_wconf 91' lang='lat' dir='ltr'><strong><em>anno</em></strong></span> <span class='ocrx_word' id='word_1_64' title='bbox 1436 2394 1654 2468; x_wconf 87' lang='lat' dir='ltr'><strong>MDXLVIII.</strong></span> <span class='ocrx_word' id='word_1_65' title='bbox 1689 2396 1787 2468; x_wconf 80' lang='lat' dir='ltr'><strong><em>simul</em></strong></span> 
     </span>
     <span class='ocr_line' id='line_1_10' title="bbox 417 2501 1785 2614; baseline -0.001 -30"><span class='ocrx_word' id='word_1_66' title='bbox 417 2537 490 2584; x_wconf 90' lang='lat' dir='ltr'><strong><em>cam</em></strong></span> <span class='ocrx_word' id='word_1_67' title='bbox 516 2513 617 2584; x_wconf 90' lang='lat' dir='ltr'><strong><em>Ncco</em></strong></span> <span class='ocrx_word' id='word_1_68' title='bbox 648 2511 861 2584; x_wconf 73' lang='lat' dir='ltr'><strong><em>Testamenta</em></strong></span> <span class='ocrx_word' id='word_1_69' title='bbox 889 2501 1032 2583; x_wconf 75' lang='lat' dir='ltr'><strong><em>calante</em></strong></span> <span class='ocrx_word' id='word_1_70' title='bbox 1058 2511 1166 2583; x_wconf 89' lang='lat' dir='ltr'><strong><em>Petro</em></strong></span> <span class='ocrx_word' id='word_1_71' title='bbox 1192 2511 1383 2604; x_wconf 76' lang='lat' dir='ltr'><strong><em>Aethiope,</em></strong></span> <span class='ocrx_word' id='word_1_72' title='bbox 1416 2510 1537 2583; x_wconf 78' lang='lat' dir='ltr'><strong><em>Canos</em></strong></span> <span class='ocrx_word' id='word_1_73' title='bbox 1561 2536 1634 2614; x_wconf 35' lang='lat' dir='ltr'><strong><em>sea·</em></strong></span> <span class='ocrx_word' id='word_1_74' title='bbox 1647 2513 1785 2583; x_wconf 83' lang='lat' dir='ltr'><strong><em>Areli-</em></strong></span> 
     </span>
     <span class='ocr_line' id='line_1_11' title="bbox 415 2625 1784 2724; baseline 0.002 -25"><span class='ocrx_word' id='word_1_75' title='bbox 415 2629 604 2718; x_wconf 82' lang='lat' dir='ltr'><strong><em>mandrita,</em></strong></span> <span class='ocrx_word' id='word_1_76' title='bbox 631 2631 689 2723; x_wconf 85' lang='lat' dir='ltr'><strong><em>qni</em></strong></span> <span class='ocrx_word' id='word_1_77' title='bbox 715 2628 818 2701; x_wconf 88' lang='lat' dir='ltr'><strong><em>aliter</em></strong></span> <span class='ocrx_word' id='word_1_78' title='bbox 845 2625 1058 2702; x_wconf 76' lang='lat' dir='ltr'><strong><em>Testa-Sion</em></strong></span> <span class='ocrx_word' id='word_1_79' title='bbox 1084 2626 1331 2722; x_wconf 76' lang='lat' dir='ltr'><strong><em>appellabatur.</em></strong></span> <span class='ocrx_word' id='word_1_80' title='bbox 1383 2629 1487 2699; x_wconf 87' lang='lat' dir='ltr'><strong><em>Anno</em></strong></span> <span class='ocrx_word' id='word_1_81' title='bbox 1522 2632 1677 2724; x_wconf 77' lang='lat' dir='ltr'><strong><em>sequenti</em></strong></span> <span class='ocrx_word' id='word_1_82' title='bbox 1704 2631 1784 2702; x_wconf 87' lang='lat' dir='ltr'><strong><em>La·</em></strong></span> 
     </span>
     <span class='ocr_line' id='line_1_12' title="bbox 416 2743 1785 2846; baseline 0.003 -30"><span class='ocrx_word' id='word_1_83' title='bbox 416 2749 490 2816; x_wconf 89' lang='lat' dir='ltr'><strong><em>tina</em></strong></span> <span class='ocrx_word' id='word_1_84' title='bbox 514 2749 628 2818; x_wconf 86' lang='lat' dir='ltr'><strong><em>cersio</em></strong></span> <span class='ocrx_word' id='word_1_85' title='bbox 652 2748 786 2837; x_wconf 88' lang='lat' dir='ltr'><strong><em>primae</em></strong></span> <span class='ocrx_word' id='word_1_86' title='bbox 802 2745 981 2839; x_wconf 77' lang='lat' dir='ltr'><strong><em>Litarpiae</em></strong></span> <span class='ocrx_word' id='word_1_87' title='bbox 1008 2744 1103 2816; x_wconf 90' lang='lat' dir='ltr'><strong><em>edita</em></strong></span> <span class='ocrx_word' id='word_1_88' title='bbox 1128 2749 1180 2816; x_wconf 92' lang='lat' dir='ltr'><strong><em>est</em></strong></span> <span class='ocrx_word' id='word_1_89' title='bbox 1205 2743 1270 2814; x_wconf 90' lang='lat' dir='ltr'><strong><em>boc</em></strong></span> <span class='ocrx_word' id='word_1_90' title='bbox 1298 2743 1537 2840; x_wconf 79' lang='lat' dir='ltr'><strong><em>titolaMissa</em></strong></span> <span class='ocrx_word' id='word_1_91' title='bbox 1557 2746 1785 2846; x_wconf 15' lang='lat' dir='ltr'><strong><em>quaKAelhio-</em></strong></span> 
     </span>
     <span class='ocr_line' id='line_1_13' title="bbox 415 2857 1785 2958; baseline 0.003 -27"><span class='ocrx_word' id='word_1_92' title='bbox 415 2881 477 2956; x_wconf 85' lang='lat' dir='ltr'><strong><em>pes</em></strong></span> <span class='ocrx_word' id='word_1_93' title='bbox 510 2864 727 2933; x_wconf 84' lang='lat' dir='ltr'><strong><em>communiter</em></strong></span> <span class='ocrx_word' id='word_1_94' title='bbox 759 2869 904 2949; x_wconf 75' lang='lat' dir='ltr'><strong><em>umatus,</em></strong></span> <span class='ocrx_word' id='word_1_95' title='bbox 941 2883 1028 2956; x_wconf 83' lang='lat' dir='ltr'><strong><em>quae</em></strong></span> <span class='ocrx_word' id='word_1_96' title='bbox 1063 2863 1164 2933; x_wconf 83' lang='lat' dir='ltr'><strong><em>etiam</em></strong></span> <span class='ocrx_word' id='word_1_97' title='bbox 1197 2857 1314 2933; x_wconf 81' lang='lat' dir='ltr'><strong><em>Canon</em></strong></span> <span class='ocrx_word' id='word_1_98' title='bbox 1354 2861 1554 2934; x_wconf 84' lang='lat' dir='ltr'><strong><em>universalis</em></strong></span> <span class='ocrx_word' id='word_1_99' title='bbox 1588 2861 1785 2958; x_wconf 78' lang='lat' dir='ltr'><strong><em>appellatur,</em></strong></span> 
     </span>
     <span class='ocr_line' id='line_1_14' title="bbox 414 2975 1784 3072; baseline 0.004 -26"><span class='ocrx_word' id='word_1_100' title='bbox 414 2997 503 3049; x_wconf 87' lang='lat' dir='ltr'><strong><em>nunc</em></strong></span> <span class='ocrx_word' id='word_1_101' title='bbox 529 2979 669 3072; x_wconf 88' lang='lat' dir='ltr'><strong><em>primum</em></strong></span> <span class='ocrx_word' id='word_1_102' title='bbox 694 2999 740 3048; x_wconf 87' lang='lat' dir='ltr'><strong><em>ex</em></strong></span> <span class='ocrx_word' id='word_1_103' title='bbox 765 2977 877 3069; x_wconf 84' lang='lat' dir='ltr'><strong><em>lingua</em></strong></span> <span class='ocrx_word' id='word_1_104' title='bbox 906 2975 1092 3064; x_wconf 74' lang='lat' dir='ltr'><strong><em>chaldaea,</em></strong></span> <span class='ocrx_word' id='word_1_105' title='bbox 1120 2979 1195 3048; x_wconf 86' lang='lat' dir='ltr'><strong><em>sive</em></strong></span> <span class='ocrx_word' id='word_1_106' title='bbox 1220 2975 1428 3072; x_wconf 81' lang='lat' dir='ltr'><strong><em>Aethiopica,</em></strong></span> <span class='ocrx_word' id='word_1_107' title='bbox 1455 2980 1489 3051; x_wconf 85' lang='lat' dir='ltr'><strong><em>in</em></strong></span> <span class='ocrx_word' id='word_1_108' title='bbox 1514 2979 1667 3052; x_wconf 79' lang='lat' dir='ltr'><strong><em>Latinam</em></strong></span> <span class='ocrx_word' id='word_1_109' title='bbox 1693 3003 1784 3055; x_wconf 91' lang='lat' dir='ltr'><strong><em>con-</em></strong></span> 
     </span>
     <span class='ocr_line' id='line_1_15' title="bbox 414 3090 1785 3182; baseline 0.004 -18"><span class='ocrx_word' id='word_1_110' title='bbox 414 3114 526 3164; x_wconf 82' lang='lat' dir='ltr'><strong><em>versa.</em></strong></span> <span class='ocrx_word' id='word_1_111' title='bbox 579 3091 647 3164; x_wconf 87' lang='lat' dir='ltr'><strong><em>llla</em></strong></span> <span class='ocrx_word' id='word_1_112' title='bbox 672 3097 785 3165; x_wconf 87' lang='lat' dir='ltr'><strong><em>statim</em></strong></span> <span class='ocrx_word' id='word_1_113' title='bbox 811 3090 1051 3163; x_wconf 76' lang='lat' dir='ltr'><strong><em>Bibliothecae</em></strong></span> <span class='ocrx_word' id='word_1_114' title='bbox 1077 3091 1221 3163; x_wconf 88' lang='lat' dir='ltr'><strong><em>Petram</em></strong></span> <span class='ocrx_word' id='word_1_115' title='bbox 1246 3095 1377 3164; x_wconf 90' lang='lat' dir='ltr'><strong><em>inserta</em></strong></span> <span class='ocrx_word' id='word_1_116' title='bbox 1403 3101 1469 3182; x_wconf 85' lang='lat' dir='ltr'><strong><em>est,</em></strong></span> <span class='ocrx_word' id='word_1_117' title='bbox 1506 3100 1542 3164; x_wconf 92' lang='lat' dir='ltr'><strong><em>et</em></strong></span> <span class='ocrx_word' id='word_1_118' title='bbox 1570 3099 1606 3166; x_wconf 90' lang='lat' dir='ltr'><strong><em>ia</em></strong></span> <span class='ocrx_word' id='word_1_119' title='bbox 1633 3097 1785 3170; x_wconf 80' lang='lat' dir='ltr'><strong><em>omnibns</em></strong></span> 
     </span>
     <span class='ocr_line' id='line_1_16' title="bbox 417 3208 1785 3304; baseline 0.006 -25"><span class='ocrx_word' id='word_1_120' title='bbox 417 3231 505 3304; x_wconf 86' lang='lat' dir='ltr'><strong><em>qaae</em></strong></span> <span class='ocrx_word' id='word_1_121' title='bbox 541 3209 663 3279; x_wconf 91' lang='lat' dir='ltr'><strong><em>deinde</em></strong></span> <span class='ocrx_word' id='word_1_122' title='bbox 693 3211 864 3302; x_wconf 87' lang='lat' dir='ltr'><strong><em>repetitae</em></strong></span> <span class='ocrx_word' id='word_1_123' title='bbox 897 3215 975 3279; x_wconf 88' lang='lat' dir='ltr'><strong><em>sant</em></strong></span> <span class='ocrx_word' id='word_1_124' title='bbox 1008 3208 1214 3279; x_wconf 79' lang='lat' dir='ltr'><strong><em>editionibus</em></strong></span> <span class='ocrx_word' id='word_1_125' title='bbox 1248 3211 1340 3279; x_wconf 89' lang='lat' dir='ltr'><strong><em>inter</em></strong></span> <span class='ocrx_word' id='word_1_126' title='bbox 1373 3209 1462 3280; x_wconf 89' lang='lat' dir='ltr'><strong><em>alias</em></strong></span> <span class='ocrx_word' id='word_1_127' title='bbox 1495 3210 1683 3302; x_wconf 91' lang='lat' dir='ltr'><strong><em>collocata,</em></strong></span> <span class='ocrx_word' id='word_1_128' title='bbox 1723 3216 1785 3287; x_wconf 95' lang='lat' dir='ltr'><strong><em>sed</em></strong></span> 
     </span>
     <span class='ocr_line' id='line_1_17' title="bbox 417 3313 1784 3422; baseline 0.004 -26"><span class='ocrx_word' id='word_1_129' title='bbox 417 3325 528 3420; x_wconf 85' lang='lat' dir='ltr'><strong><em>qnalis</em></strong></span> <span class='ocrx_word' id='word_1_130' title='bbox 554 3349 577 3394; x_wconf 91' lang='lat' dir='ltr'><strong><em>a</em></strong></span> <span class='ocrx_word' id='word_1_131' title='bbox 600 3328 714 3418; x_wconf 90' lang='lat' dir='ltr'><strong><em>prima</em></strong></span> <span class='ocrx_word' id='word_1_132' title='bbox 738 3347 839 3394; x_wconf 87' lang='lat' dir='ltr'><strong><em>mana</em></strong></span> <span class='ocrx_word' id='word_1_133' title='bbox 860 3323 1053 3417; x_wconf 89' lang='lat' dir='ltr'><strong><em>prodierat.</em></strong></span> <span class='ocrx_word' id='word_1_134' title='bbox 1106 3313 1238 3394; x_wconf 85' lang='lat' dir='ltr'><strong><em>Breces</em></strong></span> <span class='ocrx_word' id='word_1_135' title='bbox 1264 3329 1391 3395; x_wconf 89' lang='lat' dir='ltr'><strong><em>tantam</em></strong></span> <span class='ocrx_word' id='word_1_136' title='bbox 1416 3324 1503 3398; x_wconf 89' lang='lat' dir='ltr'><strong><em>locis</em></strong></span> <span class='ocrx_word' id='word_1_137' title='bbox 1528 3327 1660 3422; x_wconf 82' lang='lat' dir='ltr'><strong><em>aliqaot</em></strong></span> <span class='ocrx_word' id='word_1_138' title='bbox 1683 3336 1784 3404; x_wconf 86' lang='lat' dir='ltr'><strong><em>notas</em></strong></span> 
     </span>
     <span class='ocr_line' id='line_1_18' title="bbox 415 3439 1781 3535; baseline 0.004 -23"><span class='ocrx_word' id='word_1_139' title='bbox 415 3443 544 3533; x_wconf 85' lang='lat' dir='ltr'><strong><em>adjecit</em></strong></span> <span class='ocrx_word' id='word_1_140' title='bbox 569 3441 790 3534; x_wconf 75' lang='lat' dir='ltr'><strong><em>Marparinns</em></strong></span> <span class='ocrx_word' id='word_1_141' title='bbox 816 3439 984 3535; x_wconf 77' lang='lat' dir='ltr'><strong><em>Bipneas,</em></strong></span> <span class='ocrx_word' id='word_1_142' title='bbox 1011 3439 1133 3511; x_wconf 88' lang='lat' dir='ltr'><strong><em>nallins</em></strong></span> <span class='ocrx_word' id='word_1_143' title='bbox 1160 3441 1207 3510; x_wconf 88' lang='lat' dir='ltr'><strong><em>ad</em></strong></span> <span class='ocrx_word' id='word_1_144' title='bbox 1231 3439 1323 3511; x_wconf 89' lang='lat' dir='ltr'><strong><em>illam</em></strong></span> <span class='ocrx_word' id='word_1_145' title='bbox 1350 3441 1588 3534; x_wconf 70' lang='lat' dir='ltr'><strong><em>explicandam</em></strong></span> <span class='ocrx_word' id='word_1_146' title='bbox 1614 3446 1781 3518; x_wconf 88' lang='lat' dir='ltr'><strong><em>atilitatis.</em></strong></span> 
     </span>
     <span class='ocr_line' id='line_1_19' title="bbox 339 3555 1783 3656; baseline 0.004 -28"><span class='ocrx_word' id='word_1_147' title='bbox 339 3585 343 3588; x_wconf 94' lang='lat'>·</span> <span class='ocrx_word' id='word_1_148' title='bbox 413 3557 693 3629; x_wconf 78' lang='lat' dir='ltr'><strong><em>Ecistimacimns</em></strong></span> <span class='ocrx_word' id='word_1_149' title='bbox 719 3555 798 3627; x_wconf 90' lang='lat' dir='ltr'><strong><em>olim</em></strong></span> <span class='ocrx_word' id='word_1_150' title='bbox 822 3560 1011 3628; x_wconf 81' lang='lat' dir='ltr'><strong><em>versionem</em></strong></span> <span class='ocrx_word' id='word_1_151' title='bbox 1037 3555 1139 3644; x_wconf 86' lang='lat' dir='ltr'><strong><em>illam,</em></strong></span> <span class='ocrx_word' id='word_1_152' title='bbox 1166 3579 1239 3626; x_wconf 89' lang='lat' dir='ltr'><strong><em>cam</em></strong></span> <span class='ocrx_word' id='word_1_153' title='bbox 1260 3557 1321 3628; x_wconf 89' lang='lat' dir='ltr'><strong><em>sab</em></strong></span> <span class='ocrx_word' id='word_1_154' title='bbox 1340 3556 1449 3629; x_wconf 83' lang='lat' dir='ltr'><strong><em>oculis</em></strong></span> <span class='ocrx_word' id='word_1_155' title='bbox 1462 3558 1668 3653; x_wconf 84' lang='lat' dir='ltr'><strong><em>Aetliopam</em></strong></span> <span class='ocrx_word' id='word_1_156' title='bbox 1682 3566 1783 3656; x_wconf 74' lang='lat' dir='ltr'><strong><em>sacta</em></strong></span> 
     </span>
     <span class='ocr_line' id='line_1_20' title="bbox 411 3672 1783 3768; baseline 0.004 -24"><span class='ocrx_word' id='word_1_157' title='bbox 411 3677 550 3768; x_wconf 70' lang='lat' dir='ltr'><strong><em>fnisset,</em></strong></span> <span class='ocrx_word' id='word_1_158' title='bbox 578 3679 614 3745; x_wconf 93' lang='lat' dir='ltr'><strong><em>et</em></strong></span> <span class='ocrx_word' id='word_1_159' title='bbox 638 3674 770 3768; x_wconf 83' lang='lat' dir='ltr'><strong><em>aliqnat</em></strong></span> <span class='ocrx_word' id='word_1_160' title='bbox 795 3672 922 3743; x_wconf 73' lang='lat' dir='ltr'><strong><em>aediti</em></strong></span> <span class='ocrx_word' id='word_1_161' title='bbox 946 3675 1016 3743; x_wconf 87' lang='lat' dir='ltr'><strong><em>ciri</em></strong></span> <span class='ocrx_word' id='word_1_162' title='bbox 1040 3675 1130 3742; x_wconf 90' lang='lat' dir='ltr'><strong><em>inter</em></strong></span> <span class='ocrx_word' id='word_1_163' title='bbox 1157 3693 1241 3766; x_wconf 83' lang='lat' dir='ltr'><strong><em>qaas</em></strong></span> <span class='ocrx_word' id='word_1_164' title='bbox 1265 3672 1446 3746; x_wconf 86' lang='lat' dir='ltr'><strong><em>Marianas</em></strong></span> <span class='ocrx_word' id='word_1_165' title='bbox 1478 3673 1648 3747; x_wconf 87' lang='lat' dir='ltr'><strong><em>Victorias</em></strong></span> <span class='ocrx_word' id='word_1_166' title='bbox 1675 3678 1783 3750; x_wconf 88' lang='lat' dir='ltr'><strong><em>eidem</em></strong></span> 
     </span>
     <span class='ocr_line' id='line_1_21' title="bbox 415 3788 1781 3884; baseline 0.005 -22"><span class='ocrx_word' id='word_1_167' title='bbox 415 3813 556 3884; x_wconf 88' lang='lat' dir='ltr'><strong><em>operam</em></strong></span> <span class='ocrx_word' id='word_1_168' title='bbox 590 3790 844 3883; x_wconf 82' lang='lat' dir='ltr'><strong><em>impendissent,</em></strong></span> <span class='ocrx_word' id='word_1_169' title='bbox 875 3788 1009 3882; x_wconf 79' lang='lat' dir='ltr'><strong><em>fidelem</em></strong></span> <span class='ocrx_word' id='word_1_170' title='bbox 1041 3811 1115 3860; x_wconf 84' lang='lat' dir='ltr'><strong><em>esse</em></strong></span> <span class='ocrx_word' id='word_1_171' title='bbox 1122 3841 1133 3876; x_wconf 92' lang='lat'><strong><em>,</em></strong></span> <span class='ocrx_word' id='word_1_172' title='bbox 1169 3794 1273 3884; x_wconf 81' lang='lat' dir='ltr'><strong><em>alqae</em></strong></span> <span class='ocrx_word' id='word_1_173' title='bbox 1304 3788 1393 3860; x_wconf 91' lang='lat' dir='ltr'><strong><em>adeo</em></strong></span> <span class='ocrx_word' id='word_1_174' title='bbox 1428 3791 1470 3862; x_wconf 96' lang='lat' dir='ltr'><strong><em>de</em></strong></span> <span class='ocrx_word' id='word_1_175' title='bbox 1501 3814 1545 3863; x_wconf 92' lang='lat' dir='ltr'><strong><em>ea</em></strong></span> <span class='ocrx_word' id='word_1_176' title='bbox 1577 3795 1781 3869; x_wconf 80' lang='lat' dir='ltr'><strong><em>solummodo</em></strong></span> 
     </span>
     <span class='ocr_line' id='line_1_22' title="bbox 414 3903 1780 4003; baseline 0.004 -25"><span class='ocrx_word' id='word_1_177' title='bbox 414 3904 630 3994; x_wconf 79' lang='lat' dir='ltr'><strong><em>recedenda,</em></strong></span> <span class='ocrx_word' id='word_1_178' title='bbox 667 3912 701 3977; x_wconf 94' lang='lat' dir='ltr'><strong><em>et</em></strong></span> <span class='ocrx_word' id='word_1_179' title='bbox 739 3903 908 3999; x_wconf 84' lang='lat' dir='ltr'><strong><em>aliqnibas</em></strong></span> <span class='ocrx_word' id='word_1_180' title='bbox 941 3907 1146 3976; x_wconf 90' lang='lat' dir='ltr'><strong><em>necessariis</em></strong></span> <span class='ocrx_word' id='word_1_181' title='bbox 1179 3909 1271 3977; x_wconf 89' lang='lat' dir='ltr'><strong><em>notis</em></strong></span> <span class='ocrx_word' id='word_1_182' title='bbox 1304 3903 1507 3978; x_wconf 82' lang='lat' dir='ltr'><strong><em>illustranda</em></strong></span> <span class='ocrx_word' id='word_1_183' title='bbox 1540 3911 1780 4003; x_wconf 76' lang='lat' dir='ltr'><strong><em>copitabamas.</em></strong></span> 
     </span>
     <span class='ocr_line' id='line_1_23' title="bbox 420 4021 1780 4122; baseline 0.004 -27"><span class='ocrx_word' id='word_1_184' title='bbox 420 4023 542 4096; x_wconf 84' lang='lat' dir='ltr'><strong><em>Veram</em></strong></span> <span class='ocrx_word' id='word_1_185' title='bbox 574 4025 688 4093; x_wconf 89' lang='lat' dir='ltr'><strong><em>statim</em></strong></span> <span class='ocrx_word' id='word_1_186' title='bbox 722 4029 824 4117; x_wconf 74' lang='lat' dir='ltr'><strong><em>atone</em></strong></span> <span class='ocrx_word' id='word_1_187' title='bbox 864 4021 957 4092; x_wconf 88' lang='lat' dir='ltr'><strong><em>illam</em></strong></span> <span class='ocrx_word' id='word_1_188' title='bbox 994 4043 1067 4092; x_wconf 88' lang='lat' dir='ltr'><strong><em>cam</em></strong></span> <span class='ocrx_word' id='word_1_189' title='bbox 1099 4021 1307 4115; x_wconf 85' lang='lat' dir='ltr'><strong><em>Aetbiopico</em></strong></span> <span class='ocrx_word' id='word_1_190' title='bbox 1349 4024 1539 4119; x_wconf 74' lang='lat' dir='ltr'><strong><em>exemplari</em></strong></span> <span class='ocrx_word' id='word_1_191' title='bbox 1577 4049 1780 4122; x_wconf 87' lang='lat' dir='ltr'><strong><em>comparare</em></strong></span> 
     </span>
     <span class='ocr_line' id='line_1_24' title="bbox 415 4138 1781 4234; baseline 0.004 -23"><span class='ocrx_word' id='word_1_192' title='bbox 415 4142 601 4232; x_wconf 76' lang='lat' dir='ltr'><strong><em>caepimus,</em></strong></span> <span class='ocrx_word' id='word_1_193' title='bbox 629 4145 696 4209; x_wconf 88' lang='lat' dir='ltr'><strong><em>tarn</em></strong></span> <span class='ocrx_word' id='word_1_194' title='bbox 721 4138 825 4209; x_wconf 85' lang='lat' dir='ltr'><strong><em>malta</em></strong></span> <span class='ocrx_word' id='word_1_195' title='bbox 853 4159 942 4232; x_wconf 83' lang='lat' dir='ltr'><strong><em>qnae</em></strong></span> <span class='ocrx_word' id='word_1_196' title='bbox 977 4138 1211 4209; x_wconf 84' lang='lat' dir='ltr'><strong><em>emendatione</em></strong></span> <span class='ocrx_word' id='word_1_197' title='bbox 1242 4138 1440 4231; x_wconf 67' lang='lat' dir='ltr'><strong><em>indicebant</em></strong></span> <span class='ocrx_word' id='word_1_198' title='bbox 1470 4152 1712 4234; x_wconf 88' lang='lat' dir='ltr'><strong><em>accarrernnt,</em></strong></span> <span class='ocrx_word' id='word_1_199' title='bbox 1743 4153 1781 4217; x_wconf 90' lang='lat' dir='ltr'><strong><em>at</em></strong></span> 
     </span>
     <span class='ocr_line' id='line_1_25' title="bbox 414 4254 1777 4348; baseline 0.005 -21"><span class='ocrx_word' id='word_1_200' title='bbox 414 4278 525 4328; x_wconf 89' lang='lat' dir='ltr'><strong><em>nacae</em></strong></span> <span class='ocrx_word' id='word_1_201' title='bbox 551 4257 846 4348; x_wconf 86' lang='lat' dir='ltr'><strong><em>interpretationis</em></strong></span> <span class='ocrx_word' id='word_1_202' title='bbox 870 4254 1025 4324; x_wconf 88' lang='lat' dir='ltr'><strong><em>molestia</em></strong></span> <span class='ocrx_word' id='word_1_203' title='bbox 1047 4258 1156 4347; x_wconf 82' lang='lat' dir='ltr'><strong><em>suerit</em></strong></span> <span class='ocrx_word' id='word_1_204' title='bbox 1179 4277 1252 4325; x_wconf 91' lang='lat' dir='ltr'><strong><em>cam</em></strong></span> <span class='ocrx_word' id='word_1_205' title='bbox 1271 4259 1419 4327; x_wconf 85' lang='lat' dir='ltr'><strong><em>macimo</em></strong></span> <span class='ocrx_word' id='word_1_206' title='bbox 1436 4258 1552 4329; x_wconf 88' lang='lat' dir='ltr'><strong><em>taedio</em></strong></span> <span class='ocrx_word' id='word_1_207' title='bbox 1570 4260 1777 4346; x_wconf 78' lang='lat' dir='ltr'><strong><em>decoranda.</em></strong></span> 
     </span>
     <span class='ocr_line' id='line_1_26' title="bbox 415 4371 1779 4471; baseline 0.006 -29"><span class='ocrx_word' id='word_1_208' title='bbox 415 4373 506 4442; x_wconf 91' lang='lat' dir='ltr'><strong><em>Nam</em></strong></span> <span class='ocrx_word' id='word_1_209' title='bbox 531 4393 636 4464; x_wconf 87' lang='lat' dir='ltr'><strong><em>saepe</em></strong></span> <span class='ocrx_word' id='word_1_210' title='bbox 661 4375 867 4464; x_wconf 85' lang='lat' dir='ltr'><strong><em>interpretes</em></strong></span> <span class='ocrx_word' id='word_1_211' title='bbox 893 4372 1090 4465; x_wconf 84' lang='lat' dir='ltr'><strong><em>qnicamqae</em></strong></span> <span class='ocrx_word' id='word_1_212' title='bbox 1116 4371 1167 4442; x_wconf 90' lang='lat' dir='ltr'><strong><em>illi</em></strong></span> <span class='ocrx_word' id='word_1_213' title='bbox 1188 4375 1330 4465; x_wconf 79' lang='lat' dir='ltr'><strong><em>famini,</em></strong></span> <span class='ocrx_word' id='word_1_214' title='bbox 1358 4375 1527 4446; x_wconf 90' lang='lat' dir='ltr'><strong><em>orationis</em></strong></span> <span class='ocrx_word' id='word_1_215' title='bbox 1546 4376 1779 4471; x_wconf 88' lang='lat' dir='ltr'><strong><em>Aetbiopicae</em></strong></span> 
     </span>
     <span class='ocr_line' id='line_1_27' title="bbox 344 4490 1793 4588; baseline 0.006 -29"><span class='ocrx_word' id='word_1_216' title='bbox 344 4521 347 4528; x_wconf 49' lang='grc'>&gt;</span> <span class='ocrx_word' id='word_1_217' title='bbox 413 4491 614 4560; x_wconf 88' lang='lat' dir='ltr'><strong><em>sententiam</em></strong></span> <span class='ocrx_word' id='word_1_218' title='bbox 640 4491 787 4560; x_wconf 85' lang='lat' dir='ltr'><strong><em>ossecati</em></strong></span> <span class='ocrx_word' id='word_1_219' title='bbox 811 4509 881 4559; x_wconf 88' lang='lat' dir='ltr'><strong><em>nan</em></strong></span> <span class='ocrx_word' id='word_1_220' title='bbox 905 4492 997 4575; x_wconf 90' lang='lat' dir='ltr'><strong><em>sant,</em></strong></span> <span class='ocrx_word' id='word_1_221' title='bbox 1023 4510 1091 4558; x_wconf 91' lang='lat' dir='ltr'><strong><em>non</em></strong></span> <span class='ocrx_word' id='word_1_222' title='bbox 1114 4511 1230 4582; x_wconf 85' lang='lat' dir='ltr'><strong><em>panca</em></strong></span> <span class='ocrx_word' id='word_1_223' title='bbox 1255 4495 1483 4576; x_wconf 74' lang='lat' dir='ltr'><strong><em>mutaberunt,</em></strong></span> <span class='ocrx_word' id='word_1_224' title='bbox 1515 4490 1587 4561; x_wconf 91' lang='lat' dir='ltr'><strong><em>alia</em></strong></span> <span class='ocrx_word' id='word_1_225' title='bbox 1613 4499 1793 4588; x_wconf 85' lang='lat' dir='ltr'><strong><em>transpo-·</em></strong></span> 
     </span>
     <span class='ocr_line' id='line_1_28' title="bbox 414 4603 1780 4704; baseline 0.006 -29"><span class='ocrx_word' id='word_1_226' title='bbox 414 4610 569 4704; x_wconf 83' lang='lat' dir='ltr'><strong><em>sacrant,</em></strong></span> <span class='ocrx_word' id='word_1_227' title='bbox 600 4609 744 4696; x_wconf 87' lang='lat' dir='ltr'><strong><em>praeter</em></strong></span> <span class='ocrx_word' id='word_1_228' title='bbox 776 4606 924 4698; x_wconf 78' lang='lat' dir='ltr'><strong><em>insipnes</em></strong></span> <span class='ocrx_word' id='word_1_229' title='bbox 955 4603 1087 4698; x_wconf 83' lang='lat' dir='ltr'><strong><em>aliqaat</em></strong></span> <span class='ocrx_word' id='word_1_230' title='bbox 1111 4603 1224 4691; x_wconf 78' lang='lat' dir='ltr'><strong><em>locos,</em></strong></span> <span class='ocrx_word' id='word_1_231' title='bbox 1256 4610 1293 4674; x_wconf 86' lang='lat' dir='ltr'><strong><em>at</em></strong></span> <span class='ocrx_word' id='word_1_232' title='bbox 1318 4607 1355 4674; x_wconf 91' lang='lat' dir='ltr'><strong><em>in</em></strong></span> <span class='ocrx_word' id='word_1_233' title='bbox 1379 4604 1603 4680; x_wconf 84' lang='lat' dir='ltr'><strong><em>lanceatione</em></strong></span> <span class='ocrx_word' id='word_1_234' title='bbox 1629 4609 1780 4704; x_wconf 77' lang='lat' dir='ltr'><strong><em>Spiritus</em></strong></span> 
     </span>
     <span class='ocr_line' id='line_1_29' title="bbox 413 4719 1780 4821; baseline 0.006 -30"><span class='ocrx_word' id='word_1_235' title='bbox 413 4722 543 4809; x_wconf 72' lang='lat' dir='ltr'><strong><em>sancti,</em></strong></span> <span class='ocrx_word' id='word_1_236' title='bbox 577 4741 661 4814; x_wconf 84' lang='lat' dir='ltr'><strong><em>qaas</em></strong></span> <span class='ocrx_word' id='word_1_237' title='bbox 695 4720 739 4790; x_wconf 93' lang='lat' dir='ltr'><strong><em>ab</em></strong></span> <span class='ocrx_word' id='word_1_238' title='bbox 774 4719 842 4789; x_wconf 90' lang='lat' dir='ltr'><strong><em>illis</em></strong></span> <span class='ocrx_word' id='word_1_239' title='bbox 878 4725 973 4789; x_wconf 91' lang='lat' dir='ltr'><strong><em>certo</em></strong></span> <span class='ocrx_word' id='word_1_240' title='bbox 1007 4720 1149 4792; x_wconf 90' lang='lat' dir='ltr'><strong><em>consilia</em></strong></span> <span class='ocrx_word' id='word_1_241' title='bbox 1182 4721 1408 4813; x_wconf 88' lang='lat' dir='ltr'><strong><em>interpolatos</em></strong></span> <span class='ocrx_word' id='word_1_242' title='bbox 1429 4727 1538 4817; x_wconf 74' lang='lat' dir='ltr'><strong><em>faisse</em></strong></span> <span class='ocrx_word' id='word_1_243' title='bbox 1563 4730 1686 4821; x_wconf 73' lang='lat' dir='ltr'><strong><em>nepari</em></strong></span> <span class='ocrx_word' id='word_1_244' title='bbox 1711 4750 1780 4799; x_wconf 90' lang='lat' dir='ltr'><strong><em>non</em></strong></span> 
     </span>
     <span class='ocr_line' id='line_1_30' title="bbox 411 4834 1778 4931; baseline 0.007 -25"><span class='ocrx_word' id='word_1_245' title='bbox 411 4842 534 4928; x_wconf 90' lang='lat' dir='ltr'><strong><em>potest.</em></strong></span> <span class='ocrx_word' id='word_1_246' title='bbox 586 4835 685 4905; x_wconf 88' lang='lat' dir='ltr'><strong><em>Haec</em></strong></span> <span class='ocrx_word' id='word_1_247' title='bbox 711 4837 824 4905; x_wconf 87' lang='lat' dir='ltr'><strong><em>onmia</em></strong></span> <span class='ocrx_word' id='word_1_248' title='bbox 850 4840 1008 4928; x_wconf 85' lang='lat' dir='ltr'><strong><em>qaanlnm</em></strong></span> <span class='ocrx_word' id='word_1_249' title='bbox 1034 4840 1069 4907; x_wconf 89' lang='lat' dir='ltr'><strong><em>in</em></strong></span> <span class='ocrx_word' id='word_1_250' title='bbox 1095 4834 1194 4908; x_wconf 88' lang='lat' dir='ltr'><strong><em>nobis</em></strong></span> <span class='ocrx_word' id='word_1_251' title='bbox 1215 4841 1284 4931; x_wconf 74' lang='lat' dir='ltr'><strong><em>fnit</em></strong></span> <span class='ocrx_word' id='word_1_252' title='bbox 1310 4835 1490 4911; x_wconf 88' lang='lat' dir='ltr'><strong><em>emendare</em></strong></span> <span class='ocrx_word' id='word_1_253' title='bbox 1517 4844 1634 4911; x_wconf 89' lang='lat' dir='ltr'><strong><em>conati</em></strong></span> <span class='ocrx_word' id='word_1_254' title='bbox 1660 4866 1778 4917; x_wconf 84' lang='lat' dir='ltr'><strong><em>sanas.</em></strong></span> 
     </span>
     <span class='ocr_line' id='line_1_31' title="bbox 378 4949 1780 5055; baseline 0.009 -33"><span class='ocrx_word' id='word_1_255' title='bbox 378 4971 380 4976; x_wconf 88' lang='lat'>·</span> <span class='ocrx_word' id='word_1_256' title='bbox 412 4951 533 5047; x_wconf 77' lang='lat' dir='ltr'><strong><em>Nepae</em></strong></span> <span class='ocrx_word' id='word_1_257' title='bbox 557 4952 739 5023; x_wconf 88' lang='lat' dir='ltr'><strong><em>mediocris</em></strong></span> <span class='ocrx_word' id='word_1_258' title='bbox 763 4972 855 5023; x_wconf 86' lang='lat' dir='ltr'><strong><em>noca</em></strong></span> <span class='ocrx_word' id='word_1_259' title='bbox 879 4949 967 5022; x_wconf 89' lang='lat' dir='ltr'><strong><em>baec</em></strong></span> <span class='ocrx_word' id='word_1_260' title='bbox 994 4955 1235 5045; x_wconf 89' lang='lat' dir='ltr'><strong><em>interpretatio</em></strong></span> <span class='ocrx_word' id='word_1_261' title='bbox 1262 4953 1393 5028; x_wconf 90' lang='lat' dir='ltr'><strong><em>labaris</em></strong></span> <span class='ocrx_word' id='word_1_262' title='bbox 1414 4959 1499 5051; x_wconf 72' lang='lat' dir='ltr'><strong><em>fait,</em></strong></span> <span class='ocrx_word' id='word_1_263' title='bbox 1534 4979 1607 5029; x_wconf 89' lang='lat' dir='ltr'><strong><em>cam</em></strong></span> <span class='ocrx_word' id='word_1_264' title='bbox 1635 4967 1780 5055; x_wconf 90' lang='lat' dir='ltr'><strong><em>praeter</em></strong></span> 
     </span>
    </p>
   </div>
   <div class='ocr_carea' id='block_1_4' title="bbox 1496 5074 1573 5151">
    <p class='ocr_par' dir='ltr' id='par_1_4' title="bbox 1496 5074 1573 5151">
     <span class='ocr_line' id='line_1_32' title="bbox 1496 5074 1573 5151; baseline 0.013 -1"><span class='ocrx_word' id='word_1_265' title='bbox 1496 5074 1573 5151; x_wconf 80' lang='lat'><strong><em>75*</em></strong></span> 
     </span>
    </p>
   </div>
   <div class='ocr_carea' id='block_1_5' title="bbox 0 0 2372 6064">
    <p class='ocr_par' dir='ltr' id='par_1_5' title="bbox 0 0 2372 6064">
     <span class='ocr_line' id='line_1_33' title="bbox 0 0 2372 6064; baseline 0 4"><span class='ocrx_word' id='word_1_266' title='bbox 0 0 2372 6064; x_wconf 95' lang='lat' dir='ltr'><strong><em> </em></strong></span> 
     </span>
    </p>
   </div>
  </div>
 </body>
</html>
