4680 6044
665 611 739 686 158
1129 612 1564 697 COMMENTARIUS

661 798 810 862 fecerunt.
832 797 891 862 lsta
913 799 1032 862 videtur
1054 799 1190 881 prolecta
1219 820 1236 863 a
1258 803 1395 882 peritiorl
1423 805 1605 885 interprete,
1629 823 1687 868 nec
1709 823 1768 866 una
1799 805 1938 870 fortassis
1962 807 2027 886 luit,

663 899 770 961 multas
793 900 871 962 enim
892 899 1053 962 lectionum
1075 900 1127 962 vel
1148 901 1249 982 potius
1263 918 1371 966 vocum
1387 902 1578 966 diversitates
1593 905 1787 984 manuscripti
1809 904 1937 970 Codices
1953 908 2029 970 sub-

662 1000 840 1078 ministrant,
870 999 952 1062 nullo
982 1009 1080 1062 tamen
1117 1002 1284 1064 sententiae
1319 1001 1506 1064 detrimento.
1551 1002 1651 1084 Atque
1681 1003 1751 1066 inda
1773 1007 1900 1087 agnosci
1928 1013 2029 1086 potest

662 1107 748 1163 certo
773 1108 863 1182 atqua
885 1099 1051 1162 indubitato
1075 1109 1251 1181 argumento
1275 1101 1468 1164 conformitas
1491 1101 1652 1166 Orientalis
1676 1103 1852 1184 disciplinae
1876 1122 1943 1166 curn
1963 1104 2028 1166 lio-

660 1219 758 1280 maoa,
787 1218 864 1282 quae
892 1206 951 1261 tarn
981 1199 1197 1262 contumeliose
1225 1219 1242 1261 a
1271 1201 1509 1264 Protestantibus
1539 1202 1687 1285 exagitari
1716 1202 1806 1267 solet.
1851 1203 1926 1265 Nam
1949 1203 2029 1285 apud

661 1297 797 1380 Coptitas
819 1298 912 1361 multo
934 1300 1031 1360 minus
1054 1298 1231 1382 intelligitur
1242 1299 1433 1382 Aegyptiaca
1454 1301 1608 1385 liturgiae
1630 1302 1743 1386 lingua,
1767 1321 1854 1382 quam
1869 1301 1975 1365 latina
1997 1305 2029 1366 in

599 1463 605 1475 ,
661 1397 839 1476 Occidente,
862 1399 911 1460 ubi
936 1396 1118 1460 Sacerdotes
1141 1400 1227 1479 pauci
1251 1399 1409 1462 admodum
1439 1408 1520 1479 sunt,
1550 1403 1601 1482 qui
1629 1401 1735 1464 Latine
1758 1403 1904 1464 nesciant.
1949 1399 2030 1466 lnter

350 2297 429 2352 llulta
440 2309 498 2352 sunt
513 2301 588 2368 bujus
600 2303 646 2356 Li·

333 2392 434 2458 turgiae
446 2389 608 2456 exemplaria.

330 3797 408 3852 Pauci
415 3797 517 3852 codices
527 3799 642 3852 rubricas

328 3883 432 3939 babent.

660 1498 736 1562 alios
758 1499 931 1579 paucissimi
953 1497 1079 1578 Coptica
1103 1497 1210 1576 sciunt,
1232 1499 1315 1580 plebi
1336 1499 1439 1583 lingua
1462 1499 1513 1562 illa
1534 1518 1662 1581 prorsus
1685 1508 1731 1563 est
1755 1501 1894 1563 barbara.
1918 1502 2030 1564 Tamen

661 1597 767 1660 eadem
789 1598 901 1680 lingua,
932 1618 971 1660 ex
1001 1598 1114 1678 antiqui
1140 1598 1232 1660 moris
1255 1600 1462 1678 veneratione,
1487 1601 1622 1680 quamvis
1645 1617 1705 1663 non
1728 1600 1880 1664 intellecta
1903 1601 2028 1683 populo,

660 1704 861 1760 conservatur
882 1705 912 1759 in
941 1698 1085 1780 liturgia,
1109 1699 1139 1758 in
1162 1697 1346 1778 Psalmodia,
1376 1701 1407 1761 in
1431 1699 1568 1762 omnibus
1595 1700 1796 1763 sacramentis
1823 1699 2027 1780 perficiendis.

659 1797 724 1860 Nec
748 1798 806 1859 alia
835 1805 881 1860 est
912 1795 1056 1879 Syrorum
1079 1797 1247 1878 disciplina,
1280 1801 1358 1861 inter
1382 1816 1459 1880 quos
1482 1798 1563 1862 docti
1585 1800 1738 1881 Syriacam
1760 1800 1893 1884 linguam
1915 1802 2029 1866 intelli-

657 1907 742 1980 gunt,
767 1916 845 1980 quae
867 1897 1015 1960 illiteratis
1038 1899 1142 1980 ignota
1165 1904 1224 1960 est:
1247 1916 1304 1960 nec
1327 1898 1383 1961 alia
1407 1899 1600 1978 Graecorum,
1624 1898 1823 1962 Armenorum
1845 1907 1876 1961 et
1897 1900 2028 1962 Aethio-

658 2017 728 2080 pum
751 1997 938 2063 consuetudo
962 2003 1017 2061 est.
1041 1997 1107 2058 Huc
1130 1997 1246 2060 accedit
1269 1999 1347 2081 quod
1369 1998 1458 2061 multa
1474 1999 1667 2061 intersectas
1680 2015 1792 2080 preces
1805 2000 1894 2060 etiam
1911 2001 2028 2062 Graece

661 2098 812 2176 dicuntur,
834 2106 867 2160 nt
889 2100 951 2160 suis
975 2097 1050 2159 locis
1073 2096 1253 2174 notabimus,
1277 2116 1354 2178 quae
1377 2106 1425 2160 est
1447 2099 1630 2179 antiquitatis
1652 2105 1741 2175 nota,
1766 2106 1826 2160 turn
1849 2098 1939 2160 etiam
1961 2100 2028 2162 ori-

659 2199 738 2280 ginis
761 2198 876 2261 illarum
897 2197 1100 2279 liturgiarum
1124 2214 1141 2257 a
1164 2196 1298 2272 Graecis,
1322 2206 1529 2281 argumentum
1552 2198 1759 2262 certissimum.

745 2299 857 2360 Extant
879 2297 966 2378 hujus
989 2305 1018 2358 et
1041 2296 1165 2358 aliarum
1186 2294 1388 2382 liturgiarum
1411 2297 1603 2380 Copticarum
1631 2299 1815 2379 exemplaria
1843 2296 1873 2358 in
1897 2297 2026 2360 diversis

657 2394 850 2460 Bibliothecis
876 2396 968 2458 mulla
998 2403 1028 2458 et
1058 2395 1176 2476 quidem
1207 2398 1422 2478 antiquissima,
1453 2397 1568 2480 absque
1597 2397 1658 2460 ulla
1693 2398 1804 2482 insigni
1834 2396 2025 2460 diversitate:

658 2513 759 2576 neque
787 2496 878 2590 ullum
907 2495 988 2576 quod
1020 2495 1126 2576 majori
1155 2503 1289 2576 praestat
1317 2504 1467 2561 vetustate
1498 2496 1736 2576 observavimus,
1768 2499 1799 2558 in
1823 2512 1882 2578 quo
1906 2495 2027 2558 deesset

657 2595 788 2657 Arabica
811 2597 925 2658 versio.
958 2594 993 2657 ld
1015 2601 1114 2657 autem
1136 2595 1316 2658 monendum
1339 2597 1408 2677 quia
1431 2596 1593 2670 nonnullis,
1617 2598 1694 2659 inter
1716 2615 1793 2678 quos
1816 2595 2027 2659 lsaacusVos-

657 2696 719 2758 sius
743 2694 806 2772 luit,
831 2694 906 2757 haec
928 2700 999 2758 nota
1022 2695 1205 2776 antiquitatis
1224 2696 1359 2777 judicata
1382 2705 1438 2777 est,
1463 2697 1598 2777 quamvis
1622 2696 1743 2778 quidam
1758 2695 1951 2778 reperiantur
1971 2713 2025 2756 ra-

657 2795 823 2858 centissimi
845 2793 960 2875 absque
983 2793 1033 2856 illa
1047 2795 1199 2873 versione,
1223 2781 1259 2857 et‘
1276 2797 1473 2879 antiquissimi
1495 2796 1574 2859 illam
1592 2804 1832 2877 repraesentent.
1857 2795 1932 2859 Cum
1948 2795 2023 2858 anuo

658 2894 802 2975 Copticae
825 2894 908 2958 solae
932 2895 1085 2958 orationes
1107 2897 1283 2974 recitentur,
1304 2896 1436 2960 Arabica
1459 2897 1562 2960 versio
1580 2896 1732 2979 juvandae
1754 2894 1951 2960 Sacerdotum
1967 2895 2025 2956 im-

655 2996 785 3078 peritiae
808 2996 920 3076 scripta
943 2996 992 3074 sit,
1015 3003 1047 3057 ut
1069 3003 1100 3056 et
1121 2997 1287 3079 scripturas
1318 3004 1349 3059 et
1378 2996 1514 3078 publicas
1544 3013 1654 3077 preces
1682 2996 1877 3078 interpretari
1904 2993 1942 3056 ad
1965 3012 2025 3075 po-

655 3095 758 3178 pulum
780 3096 907 3177 possint,
932 3094 1028 3158 iactae
1051 3103 1121 3156 sunt
1141 3097 1300 3160 versiones
1325 3098 1424 3159 statim
1453 3090 1542 3177 atque
1564 3095 1699 3158 Arabum
1727 3095 1830 3178 lingua
1859 3094 2023 3158 communis

655 3214 714 3278 per
736 3204 826 3258 totam
847 3196 1021 3278 Aegyptum
1045 3213 1114 3258 esse
1137 3197 1257 3277 coepit,
1280 3195 1362 3277 quod
1384 3203 1453 3258 ante
1477 3194 1599 3258 saecula
1620 3212 1719 3275 prope
1747 3193 1851 3256 decern
1883 3195 2021 3276 contigit:

656 3295 749 3358 libros
773 3304 872 3358 autem
895 3297 946 3375 qui
969 3295 1006 3356 ad
1030 3313 1096 3357 eam
1119 3303 1247 3359 aetatem
1271 3293 1427 3374 accedant,
1450 3295 1647 3377 paucissimos
1676 3311 1747 3356 esse
1776 3297 1874 3357 sciunt
1904 3293 2022 3358 eruditi.

656 3394 767 3457 Omnes
797 3395 888 3476 igilur
914 3394 1009 3458 lenna
1040 3401 1099 3456 tarn
1129 3393 1285 3480 liturgici,
1315 3413 1404 3477 quarn
1435 3413 1541 3458 sacrae
1571 3394 1758 3475 scripturae,
1785 3395 1944 3457 versiones
1967 3394 2023 3456 ad-

650 3495 771 3576 junctas
794 3494 920 3558 habent:
944 3494 1062 3576 quidam
1084 3513 1145 3558 non
1168 3495 1289 3576 habent,
1312 3503 1346 3558 ut
1368 3495 1495 3579 insignis
1512 3493 1748 3578 Evangeliorum
1772 3494 1870 3556 codex
1892 3495 2023 3575 scriptus

655 3593 842 3658 ablicbaele
864 3594 1055 3676 bletropollta
1078 3594 1261 3658 Damiatensi
1290 3597 1323 3657 in
1351 3594 1531 3658 membranis
1553 3600 1622 3656 ante
1645 3610 1740 3657 annos
1764 3595 1947 3678 quingentos
1969 3613 2023 3657 sc·

654 3694 821 3776 ptuaginta‚
846 3693 896 3776 qul
919 3701 1000 3757 extat
1022 3685 1054 3756 in
1075 3693 1260 3758 Bibliotheca
1281 3695 1388 3779 Regia.
1879 3759 1883 3766 ,

741 3793 830 3856 Pauci
853 3794 1007 3875 adjunctas
1029 3793 1142 3857 babent
1162 3793 1299 3858 rubricas
1329 3814 1386 3858 seu
1420 3795 1530 3856 breves
1552 3797 1662 3855 rituum
1683 3791 1787 3876 leges:
1811 3793 1942 3873 quaein
1964 3813 2022 3857 an-

654 3893 744 3974 tiquis
766 3912 862 3975 prope
884 3893 1021 3957 omnibus
1045 3894 1169 3968 desunt;
1194 3913 1280 3975 quam
1303 3894 1550 3958 consuetudinem
1574 3893 1741 3956 observare
1762 3891 1834 3955 licet
1855 3893 1885 3955 in
1908 3893 2021 3957 blissa-

653 3991 731 4054 libus
748 3993 873 4057 Graecis
889 4003 918 4057 et
930 3993 1140 4056 latinisznam
1156 4013 1234 4074 quae
1250 3994 1286 4057 ad
1309 3995 1366 4059 rite
1389 3992 1574 4076 lungendum
1589 3991 1796 4056 Sacerdotium
1819 3983 2019 4074 pertinebant,

654 4109 726 4156 sero
749 4093 845 4156 literis
868 4096 1045 4178 consignata
1068 4103 1147 4158 sunt.
1170 4094 1211 4156 At
1233 4097 1418 4158 recentiores
1442 4092 1564 4156 codices
1587 4109 1639 4154 eas
1662 4100 1902 4173 repraesentant,
1925 4112 2020 4174 prae-

652 4194 756 4255 sertim
793 4194 922 4275 optimus
957 4202 988 4256 et
1024 4194 1236 4276 integerrimus
1272 4194 1476 4258 Bibliothecae
1510 4192 1637 4274 Regiae,
1672 4211 1760 4274 quenn
1794 4193 2020 4273 interpretando

651 4294 818 4374 praecipue
845 4295 942 4357 secuti
973 4311 1091 4373 sumus,
1121 4311 1160 4356 na
1188 4294 1259 4375 quid
1290 4295 1327 4357 ad
1356 4295 1466 4356 rituum
1494 4293 1614 4374 plenam
1637 4292 1864 4374 intelligentiam
1888 4292 2020 4357 deesset.

652 4393 763 4456 Verum
787 4393 906 4456 abunde
928 4394 1087 4476 suppletur
1109 4391 1246 4458 delectus
1268 4393 1464 4458 rubricarum.
1486 4392 1560 4455 Nam
1584 4399 1687 4456 extant
1710 4391 1850 4455 inmultis
1866 4391 2020 4456 codicibus

651 4501 808 4576 tractatus,
831 4493 882 4575 qui
905 4502 1048 4556 accurata
1071 4511 1176 4556 ornnes
1199 4493 1367 4575 explicant:
1392 4494 1429 4556 de
1458 4494 1565 4576 quibus
1596 4493 1686 4556 etiarn
1715 4492 1910 4574 reperiuntur
1941 4493 2020 4573 apud

651 4601 773 4656 autores
795 4595 895 4657 varios
918 4595 1029 4677 integri
1053 4595 1265 4658 commentarii.
1300 4595 1381 4657 Talis
1404 4601 1451 4656 est
1474 4611 1563 4676 quern
1585 4593 1672 4674 operi
1694 4609 1749 4654 suo
1771 4592 1898 4654 inseruit
1920 4590 2020 4655 Abul-

650 4694 762 4756 bircat:
800 4694 995 4773 eamdemque
1031 4693 1217 4775 disciplinam
1256 4693 1355 4757 multis
1395 4692 1543 4774 capitibus
1579 4692 1774 4773 prosequitur
1809 4689 1954 4754 Abnseba
1989 4695 2019 4756 in

652 4794 783 4858 Scientia
806 4794 1032 4858 Ecclesiastico:
1064 4802 1095 4876 et
1117 4794 1267 4876 Anonymi
1294 4811 1355 4858 non
1376 4794 1473 4875 pauci.
1510 4791 1570 4856 Sed
1591 4793 1747 4854 maximam
1764 4790 1828 4876 ,boc
1850 4791 1882 4853 in
1904 4809 2019 4872 genero

651 4893 860 4976 publicamque
888 4896 1076 4957 autoritatem
1106 4893 1197 4958 habat
1223 4894 1348 4958 Ritualis
1376 4893 1454 4956 liber
1484 4890 1633 4955 Gabrielis
1660 4889 1853 4954 Patriarcbae
1880 4891 2019 4953 Alexan-

652 4994 729 5057 drini
750 4991 954 5056 Jacobitarum
973 4991 1025 5056 88.
1050 4993 1147 5056 editus
1170 5012 1217 5056 an.
1251 4998 1416 5076 llartyram
1440 4991 1533 5056 1127.
1556 4991 1583 5056 J.
1606 4989 1641 5056 G.
1666 4987 1759 5054 llll.
1784 4991 1815 5052 in
1838 5008 1898 5073 quo
1921 4989 2019 5052 omnia

651 5093 875 5158 accuratissima
899 5092 1136 5174 perscribuntur,
1160 5100 1192 5156 ct
1214 5111 1254 5156 ax
1276 5095 1327 5157 illo
1349 5094 1514 5175 plerosque
1536 5093 1611 5155 ritus
1635 5090 1858 5173 descripsimus.
