4736 6064
726 555 805 632 434
1105 554 1180 631 llll
1231 539 1703 628 rttnttncttn

725 744 863 815 nasterii
888 740 924 815 S.
947 736 1100 829 blacarii,
1127 749 1163 812 ut
1189 739 1279 812 solus
1305 738 1496 811 Patriarcba
1521 741 1554 810 in
1585 737 1663 810 illud
1691 741 1747 830 jus
1776 736 1925 810 baberet.
1980 738 2093 812 Facile

726 857 804 930 illud
830 859 1041 954 privilegium
1066 855 1279 929 Patriarcbae
1304 867 1410 928 ratum
1436 854 1595 944 habuere,
1623 877 1664 926 eo
1692 853 1780 948 quod
1806 853 1957 950 plerique
1984 878 2032 927 ex
2051 877 2093 934 eo

609 991 610 994 ’
727 978 893 1046 asceterio
921 974 963 1046 ad
989 995 1177 1069 supremam
1203 971 1395 1064 dignitatem
1408 968 1675 1044 assumebantur:
1702 982 1771 1043 tum
1798 971 1886 1068 quod
1914 975 1948 1043 in
1975 971 2094 1043 eodem

727 1113 833 1187 saepe
860 1089 1162 1179 commorabantur,
1188 1093 1369 1185 praecipue
1395 1111 1457 1184 per
1484 1085 1802 1180 Quadragesimnm,
1829 1097 1865 1160 ut
1891 1091 2033 1161 orationi
2061 1097 2094 1159 et

723 1209 850 1300 jejunio
877 1209 1056 1303 impensius
1081 1214 1262 1278 vacarent:
1292 1215 1358 1276 tum
1386 1204 1473 1300 quod
1505 1202 1547 1276 ad
1579 1207 1686 1295 majus
1720 1204 1826 1278 altare
1853 1230 1873 1278 a
1898 1205 2094 1298 Renjamino

726 1322 918 1395 Patriarcbo
952 1322 1143 1410 didicatum,
1178 1318 1329 1393 Chrisma
1363 1323 1536 1416 quotannis
1564 1318 1662 1391 Faria
1690 1318 1731 1390 V.
1759 1324 1793 1393 in
1819 1321 1934 1395 Coena
1959 1321 2095 1394 Domini

728 1460 932 1511 consecrare
958 1436 1117 1528 solerent,
1143 1445 1179 1509 ut
1203 1435 1400 1510 Abulbircat
1426 1446 1460 1508 et
1488 1433 1542 1508 alii
1569 1435 1769 1529 observant,
1805 1447 2002 1533 constatque
2027 1459 2095 1508 non

727 1559 844 1650 paucis
878 1553 1041 1650 exemplis
1074 1577 1120 1625 ex
1152 1551 1299 1624 Historia
1330 1551 1563 1626 Patriarcbali:
1600 1551 1833 1625 Ordinationes
1866 1577 1998 1649 quoque
2029 1552 2096 1623 illic

728 1668 953 1742 celebrabant.
1005 1668 1061 1742 Ex
1088 1669 1212 1765 aliquot
1237 1691 1323 1740 vero
1350 1667 1558 1742 saeculorum
1595 1667 1833 1741 consuetudine
1865 1669 1960 1762 leges
1986 1669 2095 1741 iactae

728 1795 816 1876 sunt,
843 1787 885 1860 ad
913 1787 1104 1880 dignitatem
1131 1789 1226 1857 istius
1252 1785 1447 1856 Monasterii
1462 1785 1730 1872 confirmandam,
1758 1783 1843 1857 adeo
1859 1797 1895 1858 ut
1916 1791 1992 1881 Jurn
2006 1808 2093 1880 pro-

727 1905 801 1999 pria
827 1901 987 1992 babuerit,
1015 1902 1179 1975 adversus
1207 1924 1291 1996 quae
1317 1899 1394 1972 nihil
1421 1904 1485 1996 ipsi
1511 1899 1723 1972 Patriarcbae
1750 1899 1875 1974 liceret.
1920 1900 2093 1995 EJusmodi

726 2018 823 2090 fuere
848 2023 1086 2114 praerogativa
1113 2017 1259 2110 suffragii
1286 2017 1328 2089 ad
1363 2016 1559 2090 electionem
1592 2015 1875 2104 Patriarcborum,
1903 2040 2000 2112 quarn
2027 2017 2094 2088 ba-

585 2195 588 2202 .
726 2134 851 2208 bebant
876 2133 1174 2225 Archimnndritae,
1201 2133 1287 2205 adeo
1313 2145 1349 2206 ut
1373 2133 1532 2230 Epistolis
1560 2137 1728 2228 systaticis
1756 2143 1790 2205 et
1812 2132 2094 2228 Psepbismatibus

446 4527 502 4582 ιιι
520 4513 639 4584 cuma
656 4531 699 4584 or.

728 2251 992 2326 subscriberent:
1021 2251 1108 2344 quod
1133 2261 1210 2346 post
1237 2249 1486 2324 Ordmationem
1512 2248 1740 2323 Alexandriae
1766 2249 1904 2338 iactam,
1937 2260 1993 2322 aut
2019 2250 2095 2321 sal-

728 2377 796 2440 tem
822 2363 1111 2467 Ἐνθρονισμόι,
1144 2371 1283 2464 primam
1309 2369 1343 2438 in
1368 2365 1523 2439 Ecclesia
1550 2366 1585 2438 S.
1617 2367 1755 2438 Macarii
1787 2367 1971 2458 Liturgiam
1993 2365 2095 2438 cele-

727 2483 859 2574 braret,
893 2495 926 2557 et
959 2487 993 2556 iu
1026 2507 1068 2556 ea
1100 2483 1377 2580 proclamaretur:
1413 2492 1479 2555 tum
1514 2490 1549 2552 ut
1581 2486 1682 2557 certis
1715 2481 1995 2570 solemnitatibus,
2028 2481 2096 2554 illic

729 2598 835 2674 ollicia
862 2599 974 2672 divina
1000 2611 1189 2696 perageret.
1241 2600 1408 2672 Minimum
1442 2609 1551 2671 autem
1578 2620 1661 2690 erga
1697 2600 1883 2674 blonacbos
1916 2599 1991 2671 illos
2023 2620 2094 2694 po-

728 2727 831 2806 terat,
858 2719 934 2811 quia
960 2713 1169 2812 postmodum
1200 2715 1344 2808 Sipilln,
1377 2714 1442 2788 boc
1473 2724 1525 2788 est
1551 2713 1764 2788 Sultanorum
1795 2714 1907 2787 literas
1934 2715 2095 2787 obtinue-

726 2843 820 2920 rrurt,
853 2832 970 2927 quibus
1000 2835 1076 2926 jura
1104 2840 1137 2902 et
1171 2831 1426 2904 consuetudines
1463 2853 1545 2903 suae
1577 2827 1801 2904 servarentur.
1854 2831 1938 2903 Erat
1969 2840 2095 2904 tanbrm

728 2949 916 3041 antiquitus,
944 2957 1042 3042 atque
1069 2949 1256 3038 etiamnum,
1281 2959 1317 3020 ut
1344 2950 1583 3038 existimamus,
1611 2957 1774 3042 superest,
1797 2951 1853 3040 jus
1872 2946 2095 3036 Patriarcbae,

726 3073 763 3136 nt
789 3085 835 3134 ex
860 3061 1021 3136 imctibus
1047 3063 1242 3136 Monasterii
1268 3067 1361 3136 istius
1389 3074 1424 3136 et
1449 3064 1604 3155 aliorum,
1640 3072 1675 3134 ut
1701 3066 1802 3136 etiam
1835 3062 2097 3136 Christianorum

728 3178 961 3268 oblationibus,
989 3189 1119 3274 partem
1145 3179 1318 3276 quomdam
1347 3183 1534 3276 perciperet
1566 3179 1609 3250 ad
1640 3201 1832 3253 communes
1864 3200 1927 3275 pro
1962 3179 2096 3274 publica

729 3299 873 3367 omniurn
910 3294 973 3368 sibi
1001 3294 1232 3391 ¹subjectarum
1262 3295 1489 3369 Ecclesiarum
1522 3295 1660 3370 utilitate
1692 3297 1861 3392 impensas
1895 3295 2096 3371 tolerandas.

727 3411 882 3504 Vectigal
908 3410 987 3483 illud
1013 3413 1155 3484 Diariet
1181 3412 1380 3512 appellatum
1406 3413 1566 3506 legimus:
1594 3422 1627 3484 et
1653 3412 1829 3508 aliquando
1856 3411 2037 3482 Diaoriet:
2053 3433 2096 3484 an

728 3530 809 3600 vitio
837 3531 1034 3624 scriptorum
1061 3527 1145 3602 baec
1172 3530 1351 3602 diversitas
1386 3528 1560 3602 tribuenda
1587 3530 1648 3620 sit,
1683 3527 1846 3601 affirmare
1870 3551 1939 3600 nou
1965 3550 2096 3623 possu-

727 3665 811 3717 mus
864 3643 902 3715 Si
927 3647 1066 3741 primam
1093 3649 1188 3741 sequi
1213 3646 1388 3717 lectionem
1416 3637 1546 3741 ptacet,
1571 3643 1659 3716 idem
1694 3648 1757 3717 erit
1783 3667 1823 3716 ac
1849 3645 2097 3716 Monoetcrinlc

727 3759 885 3853 uectigal,
910 3782 1031 3857 nempe
1058 3761 1145 3856 quod
1173 3785 1219 3834 ex
1254 3760 1392 3854 singulis
1418 3761 1633 3834 Monasteriis
1667 3760 1876 3857 capiebatur:
1904 3783 1968 3856 quo
1997 3765 2096 3833 etiam

728 3879 862 3950 nomine
888 3876 1089 3969 exigebatur
1121 3876 1161 3949 ab
1195 3875 1374 3975 Episcopis
1402 3888 1435 3950 et
1459 3876 1637 3950 Ecclesiis:
1666 3881 1695 3950 si
1721 3876 1901 3950 secundam
1927 3880 2096 3971 sequimur

728 3991 952 4063 Dcnorlnlem
977 3995 1186 4089 interpretari
1211 3992 1335 4085 licebit,
1368 4018 1432 4090 qua
1459 3992 1624 4065 Denarius
1660 4014 1780 4064 aureus
1811 4013 1895 4065 unus
1928 3996 2096 4089 capitatim

729 4108 808 4181 olim
840 4132 860 4181 n
890 4106 1063 4182 blonacbis
1095 4120 1128 4181 et
1160 4110 1329 4206 plerisque
1362 4109 1556 4185 Christianis
1582 4108 1805 4205 pendebatur:
1842 4119 1875 4179 et
1902 4108 1962 4181 sub
1989 4111 2095 4182 Priu-

730 4223 858 4321 cipibus
893 4246 960 4297 non
998 4227 1232 4316 incommodis,
1268 4225 1532 4299 committebatur
1567 4227 1775 4320 colligendae
1813 4229 1975 4324 pecuniae
2013 4251 2094 4302 cura

729 4340 925 4438 Episcopis,
957 4344 1012 4437 qui
1045 4365 1120 4414 eam
1153 4343 1196 4414 ad
1220 4341 1444 4416 Patriarcbam
1478 4343 1684 4442 deserebant,
1711 4348 1784 4439 ipse
1810 4366 1895 4416 vero
1921 4344 2004 4417 fisco
2032 4368 2095 4417 re-

730 4459 975 4555 praesentabat.
1026 4457 1078 4531 En
1121 4463 1299 4532 occasione
1331 4460 1513 4554 exigebant
1543 4483 1678 4534 censum
1721 4459 1811 4533 illurn
1844 4483 1953 4548 suurn,
1990 4482 2095 4533 avare

731 4577 865 4669 saepius
892 4586 926 4647 et
952 4573 1083 4646 duriter.
1120 4574 1207 4648 Hinc
1233 4574 1408 4671 aliquando
1429 4578 1613 4651 calumniae
1639 4586 1694 4649 aut
1721 4579 1952 4650 accusationes
1978 4587 2095 4654 contra

731 4685 941 4764 Patriarcbas
977 4693 1111 4782 variae,
1137 4713 1312 4782 carcereS,
1347 4695 1500 4785 miletae,
1534 4697 1707 4790 omnisque
1740 4691 1873 4766 tandem
1900 4691 2094 4790 discipliuae

733 4828 878 4880 eversio.

461 4943 568 4996 exacuo
594 4944 719 5011 pectun-
837 4922 1005 4996 CXXXV.
1057 4922 1114 4995 Ex
1138 4924 1397 5023 Episcopatunm
1422 4923 1583 5001 fructibus
1610 4929 1720 5000 conati
1746 4936 1822 5001 sunt
1852 4923 2001 5000 nonnulb
2027 4921 2094 4994 ali-

411 5042 467 5082 rum
484 5031 632 5085 simoniaca.

733 5061 831 5134 quam
864 5047 992 5135 partem
1017 5043 1183 5135 retinere,
1223 5065 1309 5139 qnae
1343 5046 1517 5139 quotannis
1552 5042 1593 5116 ab
1620 5043 1798 5142 Episcopis
1832 5042 2093 5141 persolveretur.
