4686 6060
593 672 634 748 IN
659 671 867 748 LITllllGlhll
893 667 1075 746 authenti
1101 671 1139 746 S,
1158 667 1286 746 llhllCl.
1542 667 1623 744 ’337

254 860 468 942 cujuscumque
490 857 577 922 ritus.
615 856 682 920 Una
704 854 858 918 difficultas
882 860 1033 935 superest,
1056 854 1137 935 quod
1159 861 1222 917 tres
1246 854 1407 920 Orationes
1430 873 1492 920 non
1514 857 1625 919 dicun-

252 968 301 1024 tur
322 979 340 1022 a
363 958 509 1036 Diacono,
532 957 589 1020 sed
611 976 630 1019 a
653 954 819 1022 Sacerdote
842 953 1016 1017 celebrante
1023 973 1033 1030 ;
1063 971 1168 1017 verum
1198 974 1235 1017 ea
1262 972 1324 1018 non
1353 957 1453 1040 magni
1468 957 1625 1019 'momenti

253 1067 309 1137 est,
332 1077 400 1122 cum
421 1057 549 1120 Diaconi
571 1055 697 1119 ollacium
721 1056 769 1132 sit,
792 1070 917 1116 monere
946 1071 1008 1116 non
1031 1052 1120 1117 modo
1144 1053 1306 1135 populum,
1336 1055 1393 1118 sed
1423 1056 1506 1136 ipsos
1536 1056 1625 1116 etiam

253 1158 434 1222 Sacerdotes
456 1155 528 1238 quid
551 1154 708 1218 dicendum
731 1155 781 1233 sit,
804 1159 837 1217 ut
860 1152 939 1233 apud
961 1171 1017 1215 nos
1040 1155 1238 1215 annunciatur
1260 1152 1426 1218 celebranti
1449 1171 1466 1216 a
1489 1153 1625 1216 cantori-

253 1257 310 1320 bus
333 1255 514 1337 Antiphone.
558 1254 687 1336 intelligi
710 1255 800 1317 etiam
822 1259 924 1334 potest
944 1241 1005 1324 τὰς
1025 1249 1122 1335 τρεῖς,
1144 1271 1205 1314 non
1227 1255 1309 1333 ipsas
1333 1255 1487 1316 orationes
1511 1252 1626 1315 Sacer-

255 1357 315 1420 doti
329 1354 502 1420 recitandas
516 1353 704 1435 significare3
727 1352 782 1415 sed
797 1351 920 1416 totidem
931 1350 1058 1412 Draconi
1069 1352 1208 1431 praevias
1225 1351 1262 1414 ad
1271 1353 1414 1434 populum
1436 1352 1624 1417 monitiones.

620 1614 738 1686 Videte
763 1636 807 1684 ne
834 1616 908 1708 quis
936 1612 1265 1684 Colecbnmenorom.

363 1808 454 1887 lsruo
478 1839 517 1882 ex
539 1819 636 1882 veteri
666 1817 834 1899 disciplina,
865 1815 945 1900 quod
972 1815 1126 1898 Liturgiae
1156 1816 1360 1897 antiquitatem
1389 1815 1547 1898 significat.
1592 1817 1626 1879 ln

257 1925 397 2006 Copticis'
414 1921 486 1984 nihil
510 1919 617 1999 simile,
640 1921 709 2003 quia
731 1939 804 1984 usus
828 1918 1013 2001 expulsionis
1043 1918 1333 1983 catechumenorum
1357 1926 1388 1982 et
1410 1921 1627 2000 poenitentium

1670 1614 1703 1668 P.
1722 1616 1782 1668 128.
1800 1617 1816 1670 l.
1836 1617 1879 1672 12.

257 2023 470 2088 obsoleverat:
492 2029 526 2085 ut
548 2020 606 2084 hoc
619 2017 775 2103 liturgiae
796 2020 877 2094 loeo,
900 2018 938 2082 de
959 2020 1021 2081 suis
1039 2018 1124 2100 Syris
1147 2025 1276 2082 testatur
1290 2017 1422 2082 lacobus
1440 2016 1625 2098 Edessenus,
1691 2093 1694 2100 ἱ

257 2131 289 2188 et
311 2142 379 2186 eurn
401 2129 523 2184 secutus
545 2120 708 2202 Dionysius
730 2117 885 2182 Bnrsalibi.
936 2117 1165 2184 Cateohumenis
1193 2135 1269 2181 vero
1297 2117 1384 2182 locus
1415 2136 1476 2181 non
1498 2117 1562 2199 luit,
1584 2138 1626 2182 ex

257 2240 316 2304 quo
338 2218 623 2284 bluharnedanorum
645 2218 804 2300 tyrannide
827 2217 983 2282 Ecclesiae
1005 2215 1175 2281 Orientales
1198 2235 1366 2299 oppressae
1388 2225 1473 2280 sunt:
1495 2234 1564 2280 nam
1586 2237 1625 2280 ne

256 2320 500 2384 inbarbarorum
522 2319 698 2380 servitutem
720 2319 874 2400 rapiantur
893 2315 1053 2380 Christiani
1075 2314 1214 2402 inientes,
1238 2318 1337 2380 statim
1348 2317 1492 2398 baptisari
1515 2317 1626 2396 solent,

257 2439 324 2484 eum
347 2419 423 2483 tales
447 2417 556 2481 Christi
579 2416 755 2480 charactere
777 2417 948 2500 insignitos,
971 2433 1029 2478 non
1060 2425 1118 2479 tam
1141 2413 1230 2480 facile
1260 2415 1468 2482 bluhamedani
1496 2418 1626 2499 rapiant.

633 2679 701 2750 Hic
723 2677 875 2774 psallunt
902 2677 1081 2750 Cherubim
1106 2682 1255 2771 mystice.

361 2871 537 2950 Serranam
567 2889 613 2946 est
643 2899 730 2963 quam
760 2881 935 2945 obscuravit
962 2881 1129 2964 interpres,
1165 2883 1232 2945 cani
1260 2881 1319 2945 hoc
1353 2881 1422 2945 leco
1458 2882 1625 2945 orationem

258 3007 336 3069 quae
358 2988 469 3069 incipit.
495 2980 536 3050 Oi
557 2982 712 3073 χερονβὶμ
735 2983 918 3063 μυστικῶς,
954 3003 1032 3066 quae
1055 2983 1172 3067 quidem
1202 3003 1263 3049 non
1292 2984 1424 3048 refertur
1455 2985 1512 3047 nisi
1537 2987 1626 3049 voci-

257 3087 314 3150 bus
335 3087 512 3150 initialibus:
535 3086 699 3169 similisque
723 3092 771 3148 est
792 3084 856 3148 aliis
880 3102 958 3166 quae
981 3092 1145 3146 occurrunt
1167 3103 1204 3148 eo
1227 3085 1295 3166 ipso
1324 3083 1393 3147 loco
1425 3083 1463 3146 ad
1485 3084 1626 3166 hymnum

259 3185 467 3249 Clrerubicum.

856 3439 1029 3526 Εἷώδιον.

332 3638 447 3716 -Νιιιιι
471 3649 567 3711 minus
590 3656 637 3710 est
659 3665 746 3729 quam
761 3646 842 3729 quod
865 3647 937 3710 dicit
949 3647 1103 3729 Interpres
1115 3665 1223 3710 mamus
1243 3647 1455 3710 lloawrarium.
1479 3637 1628 3721 Εῖςόδιον

259 3755 317 3816 nisi
341 3751 592 3834 subintelligenda
615 3759 663 3814 est
691 3769 753 3814 vox
774 3752 900 3834 hymnus
930 3758 981 3814 aut
1003 3749 1061 3814 alia
1089 3750 1209 3828 similis,
1240 3750 1318 3813 idem
1347 3758 1394 3813 est
1423 3768 1459 3813 ac
1493 3740 1628 3826 hleodoe

260 3856 325 3917 sive
340 3859 535 3933 moysacam
548 3848 660 3914 Graeci
671 3859 792 3927 vocant,
815 3851 973 3929 introitus,
998 3869 1063 3914 cum
1086 3851 1173 3931 panis
1187 3849 1430 3930 Eucharisticus,
1452 3850 1539 3914 simul
1560 3871 1628 3916 cum

260 3953 365 4028 calice,
387 3958 418 4014 et
440 3949 575 4031 ampullis
598 3949 659 4012 vini
682 3958 714 4012 et
736 3969 833 4031 aquae
855 3949 892 4012 ad
920 3951 1095 4014 sacrificium
1126 3950 1298 4026 destinatis,
1326 3949 1452 4012 inlertur
1482 3968 1550 4014 cunr
1571 3968 1628 4014 so-

132 4131 138 4144 ·
259 4053 341 4116 lenni
363 4068 472 4132 pompa
495 4068 512 4110 a
534 4047 689 4124 Protbesa',
723 4050 788 4112 sive
816 4058 850 4112 ut
879 4067 934 4113 nos
965 4050 1057 4132 vulgo
1081 4049 1221 4129 dicimuS,
1254 4047 1418 4112 (laedentia
1425 4071 1439 4124 ,·
1465 4053 1625 4114 autetiam

260 4171 300 4214 cx
322 4149 565 4230 sceuophylacio,
589 4149 655 4210 sive
678 4148 830 4227 sacristia,
858 4147 895 4210 ad
924 4149 1028 4215 altare.
1073 4149 1170 4212 Ritum
1201 4151 1368 4233 integrum,
1396 4157 1430 4212 ut
1457 4167 1474 4212 a
1503 4147 1626 4213 Graecis

261 4252 451 4328 observatur,
476 4247 637 4329 descripsit
658 4247 790 4310 lacobus
814 4248 951 4329 Goarius,
975 4259 1006 4313 et
1028 4270 1068 4312 ex
1090 4249 1169 4312 illius
1190 4249 1395 4331 descriptione
1418 4247 1544 4331 intelligi
1565 4267 1627 4330 po-

260 4357 320 4412 test
343 4351 368 4411 is
391 4367 481 4429 quem
503 4356 671 4430 sequuntur
693 4346 881 4426 Orientales,
911 4350 949 4412 de
979 4366 1039 4432 quo
1062 4351 1150 4412 etiam
1180 4349 1308 4412 diximus
1338 4351 1369 4411 in
1391 4351 1470 4412 notis
1492 4348 1530 4410 ad
1553 4349 1626 4412 alias

261 4448 422 4530 liturgias.
469 4447 564 4509 Tanta
586 4455 634 4512 est
656 4447 735 4510 enim
756 4447 875 4512 illorum
896 4467 972 4532 erga
999 4449 1215 4512 Eucharistiam
1236 4449 1360 4532 religio,
1388 4457 1421 4512 ut
1447 4467 1508 4512 non
1538 4448 1627 4512 modo

262 4565 327 4610 eam
349 4553 544 4624 venerentur,
568 4553 599 4610 et
620 4547 758 4626 adorent,
780 4547 835 4610 sed
858 4549 943 4630 panis
966 4551 1080 4612 etvini
1103 4548 1262 4628 elementa,
1285 4549 1384 4612 statim
1403 4559 1491 4632 atque
1515 4566 1628 4611 couse-

263 4647 388 4710 crationi
411 4646 558 4710 destinata
580 4653 660 4726 sunt,
683 4646 799 4710 honore
821 4658 1060 4730 prosequantur,
1088 4649 1193 4730 majori
1222 4667 1310 4730 quam
1331 4649 1382 4712 ille
1404 4651 1443 4712 sit
1464 4666 1553 4730 quem
1574 4664 1628 4710 sa-

262 4748 323 4808 cris
351 4743 529 4829 imaginibus
559 4752 590 4806 et
618 4753 790 4808 sanctorum
818 4745 953 4828 reliquiis
976 4748 1135 4823 exhibent3
1160 4747 1266 4810 minori
1290 4767 1377 4829 quam
1398 4746 1627 4812 Eucharistiam.

262 4843 370 4926 Neque
398 4845 476 4906 enim
510 4843 650 4907 audiendi
677 4852 746 4909 sunt
775 4847 825 4927 qui
855 4845 988 4911 Graecos
1019 4855 1049 4910 et
1085 4845 1159 4910 alios
1194 4846 1364 4911 Orientales
1400 4846 1627 4925 calumniantur,

263 4944 349 5026 quasi
371 4942 521 5007 elementa
545 4943 674 5007 nondum
696 4952 875 5008 consecrata
898 4945 1034 5024 adorent,
1057 4963 1117 5008 non
1139 4946 1236 5027 ipsam
1256 4945 1483 5026 Eucharistiam,
1506 4945 1626 5027 mando

263 5043 453 5108 consecratio
483 5050 608 5123 peraeta
635 5050 697 5108 est:
729 5042 802 5108 nibil
831 5045 909 5106 euim
936 5045 1033 5129 magis
1054 5043 1206 5121 birotum,
1229 5053 1281 5110 aut
1302 5047 1397 5128 magis
1420 5046 1535 5110 ialsum
1579 5045 1628 5108 Ex

264 5143 364 5206 iuhua
386 5142 613 5206 consecratione
637 5151 784 5208 vocantur
805 5133 892 5229 tyra,
914 5154 1033 5222 saneto,
1056 5144 1215 5224 elementa,
1238 5163 1315 5226 quae
1332 5163 1403 5208 mox
1423 5143 1628 5212 consecranda

1674 4259 1778 4313 Eucbol.
1793 4279 1819 4331 p.
1840 4260 1900 4314 131.
