4760 6038
672 581 820 688 nxurv
1194 585 1576 666 nrssnarnrro

676 783 732 844 aut
759 771 1013 847 observationes
1046 773 1152 846 nullas
1183 774 1345 865 vidimus,
1378 774 1465 847 unde
1500 775 1636 848 codices
1661 779 1879 873 primigenios
1907 776 1949 849 ab
1976 776 2041 850 illis

676 889 858 980 consultos,
886 901 941 962 aut
967 901 1122 963 versatos
1149 893 1269 983 conjici
1295 893 1413 988 possit
1465 891 1627 965 Ludollns
1651 893 1851 990 Aethiopica
1880 893 2041 968 doctissi-

674 1028 767 1095 mus,
804 1011 837 1077 in
870 1006 1071 1102 Aethiopum
1110 1006 1261 1100 Liturgia
1300 1007 1378 1080 nibil
1410 1007 1510 1099 vidit,
1551 1019 1607 1081 aut
1638 1012 1778 1101 egregie
1816 1009 2042 1083 dissimulavit

674 1123 798 1195 Omnes
824 1145 933 1219 prope
958 1126 991 1194 in
1017 1123 1102 1195 locis
1128 1121 1355 1196 communibus
1372 1111 1516 1198 'libemus
1541 1129 1669 1217 vagati,
1695 1125 1773 1196 nibil
1791 1137 1926 1221 praeter
1952 1147 2041 1198 con-

652 1315 655 1324 ,
664 1242 841 1330 jectanea,
876 1239 1114 1335 utplurimum
1150 1240 1406 1331 absurdissima,
1450 1263 1496 1313 ax
1531 1240 1670 1314 aliorum
1704 1242 1918 1316 versionibus
1954 1263 2041 1337 pro-

674 1355 823 1427 tulerunt.

777 1469 938 1546 Catholici
962 1470 1133 1544 cumbaec
1160 1469 1267 1544 studia
1293 1493 1361 1545 non
1374 1482 1548 1569 tantopere
1563 1473 1781 1564 excoluerint,
1809 1471 1852 1546 ad
1865 1473 2040 1567 indigenas

671 1591 869 1684 interpretes
896 1587 1129 1681 confugemnt,
1156 1609 1295 1683 quonnn
1313 1611 1419 1686 prope
1436 1611 1569 1686 semper
1594 1588 1657 1662 fuit
1682 1589 1831 1662 doctrina
1848 1590 2040 1681 mediocris,

672 1727 738 1800 qua
764 1715 874 1778 tamen
901 1729 1017 1778 carere
1043 1725 1142 1778 nemo
1170 1714 1291 1800 potest,
1318 1709 1395 1801 quin
1420 1709 1455 1778 in
1474 1707 1686 1779 versionibus
1707 1727 1880 1779 sacrorum
1898 1706 2039 1780 offian-

590 1819 592 1824 ’
670 1845 759 1910 rum,
794 1845 839 1894 ex
868 1826 1048 1920 peregrina
1077 1822 1209 1914 lingua,
1240 1843 1308 1894 non
1340 1825 1474 1918 saepius
1509 1821 1732 1894 hallucinatur.
1788 1823 1838 1895 lta
1870 1822 2039 1898 Victorius

671 1937 826 2010 Scialach
853 1938 1066 2034 Coptiearnm
1092 1937 1314 2030 Litrugiarum
1342 1944 1535 2014 sententiam
1562 1941 1692 2012 infinitis
1724 1944 1758 2012 in
1782 1939 1867 2012 locis
1893 1961 1961 2012 non
1988 1951 2040 2014 est

672 2065 862 2127 assecutus:
897 2067 931 2126 et
961 2079 1036 2127 curn
1066 2077 1112 2127 ex
1146 2054 1295 2128 Arabica
1325 2059 1504 2146 versione,
1538 2067 1607 2129 non
1642 2079 1688 2127 ex
1714 2055 1868 2148 originali
1897 2053 2038 2152 Coptica

671 2191 764 2243 suam
798 2174 1019 2267 exprimeret,
1062 2193 1166 2267 saepe
1198 2170 1286 2244 male
1316 2171 1414 2265 legit,
1455 2176 1667 2269 pessimeque
1706 2175 1940 2268 interpretatus
1976 2184 2038 2247 est.

670 2285 792 2358 Versio
819 2286 1040 2383 Aethiopicae
1074 2285 1246 2379 Liturgiae
1285 2291 1383 2360 unica
1414 2287 1654 2386 propemodum
1681 2297 1744 2378 est,
1772 2309 1857 2384 quae
1883 2287 2038 2363 fidelitate

668 2404 777 2499 possit
802 2403 1045 2493 commendari,
1072 2406 1101 2476 si
1127 2425 1234 2499 pauca
1261 2406 1484 2499 excipiantur,
1518 2429 1604 2500 quae
1630 2413 1723 2476 certo
1750 2403 1890 2477 consilio
1916 2416 2039 2480 mutata

669 2529 754 2590 sunt.
807 2517 950 2614 Syriaca
977 2541 1063 2614 quae
1089 2518 1202 2592 Basilii
1227 2541 1349 2592 nomen
1374 2519 1485 2611 babet,
1513 2531 1667 2616 quantum
1691 2543 1737 2591 ex
1762 2524 1922 2592 versione
1949 2543 2038 2594 oon-

665 2635 786 2726 jectari
812 2634 901 2725 licet,
928 2645 1024 2706 nacta
1052 2646 1104 2708 cst
1129 2635 1228 2707 lidum
1255 2646 1288 2708 et
1313 2636 1447 2710 doctum
1473 2640 1688 2732 interpretem
1702 2635 1873 2708 Andream
1886 2636 2038 2712 blasium.

670 2748 779 2822 Guido
805 2750 981 2823 Fabricius
1007 2751 1232 2841 Boderianus,
1266 2756 1320 2848 qui
1354 2753 1495 2849 paucula
1529 2753 1692 2848 quaedam
1718 2752 1891 2844 Litargiaa
1917 2752 2039 2827 Severi

667 2867 880 2958 Antiocheam,
906 2889 973 2940 non
1000 2877 1035 2938 ut
1060 2871 1143 2963 ipse·
1160 2868 1335 2942 arbitratus
1362 2880 1416 2941 est
1439 2868 1679 2959 Alexandrini,
1712 2867 1899 2961 fragmenta
1926 2869 2038 2962 edidit,

661 2981 811 3080 ,Syriaca
838 2994 871 3055 et
896 2983 1033 3073 Latine,
1063 2983 1186 3080 ubique
1217 2985 1290 3057 fere
1323 2985 1437 3082 lapsus
1469 2996 1529 3059 est.
1581 2983 1728 3058 blissalis
1759 2983 1947 3058 Maronitici
1972 2985 2038 3059 hi-

669 3104 799 3192 turgiae
824 3099 954 3213 Romae
980 3101 1101 3192 editae,
1127 3111 1163 3172 ut
1188 3101 1273 3174 aliae
1299 3101 1402 3194 longe
1428 3100 1540 3198 plures
1576 3105 1657 3174 ritus
1689 3101 1887 3192 Jacobitioi,
1919 3101 2037 3174 Latina

667 3239 833 3312 nunquam
866 3219 962 3291 visae
994 3228 1082 3290 sunt:
1122 3228 1155 3288 et
1185 3219 1274 3314 quod
1304 3217 1492 3293 Maronitae
1525 3221 1559 3290 in
1591 3217 1654 3291 bac
1689 3217 1833 3290 editione
1867 3217 1925 3291 vel
1960 3218 2037 3291 alibi

667 3337 903 3431 praestitcmnt
941 3337 1031 3406 circa
1064 3333 1254 3427 Liturgias3
1292 3333 1457 3407 bominum
1496 3333 1556 3406 brit
1589 3337 1645 3430 qui
1675 3337 1802 3407 veteris
1843 3333 2037 3430 disciplinae

667 3453 796 3543 ignari,
822 3448 944 3540 multa,
969 3448 1026 3522 ubi
1053 3471 1138 3546 opus
1170 3472 1238 3522 non
1269 3461 1369 3540 erat,
1393 3460 1612 3524 mutaverunt.
1665 3449 1703 3523 Si
1735 3449 1867 3544 prande
1900 3449 1942 3522 de
1971 3449 2036 3523 illis
2125 3503 2129 3508 -

666 3589 777 3638 rarum
805 3565 926 3662 aliquid
952 3565 1106 3638 videntur
1131 3566 1320 3663 protulisse,
1346 3565 1466 3640 salsum
1492 3589 1570 3639 esse
1596 3565 1861 3662 deprehenditur,
1889 3587 1963 3638 cum
1990 3591 2037 3640 ex

659 3683 899 3780 praejudicatis
926 3685 996 3756 suis
1023 3684 1233 3779 opinionibus
1265 3681 1307 3756 de
1332 3693 1492 3780 perpetua
1519 3703 1655 3756 suorum
1680 3677 1908 3781 Ὀρθοὸοξίᾳ,
1935 3683 2036 3757 multa

665 3799 839 3872 Maronitis
866 3800 1082 3889 attribuerint,
1109 3823 1196 3895 quae
1222 3810 1297 3872 sunt
1310 3799 1536 3872 Jacobitarum
1561 3801 1707 3894 propria.
1760 3797 1837 3870 Non
1864 3802 2034 3891 igiturex

623 3989 627 4000 ,
665 3919 841 3989 temeraria
874 3916 1091 4006 confidentia,
1122 3915 1183 3989 sed
1208 3939 1255 3988 ex
1282 3913 1487 4011 deprehensa
1513 3914 1622 3988 multis
1650 3917 1853 4008 argumentis
1878 3918 2034 4008 veritate,

666 4031 790 4104 similes
810 4037 1002 4105 autoritates
1024 4029 1247 4123 negleximus,
1273 4053 1337 4104 nec
1362 4030 1492 4114 illorum
1510 4033 1705 4104 testimoniis
1731 4029 1944 4126 pugnandum
1970 4043 2033 4124 est,

664 4147 891 4220 multominus
919 4146 1045 4242 aliquot
1065 4150 1300 4237 recentiorum,
1329 4167 1414 4242 quos
1440 4147 1619 4240 designare
1645 4169 1712 4219 non
1738 4146 1853 4218 relert.

767 4263 876 4337 Unum
902 4275 1012 4336 tamen
1037 4267 1301 4359 praetermittere
1333 4285 1401 4336 non
1431 4283 1608 4360 possumus
1634 4262 1836 4336 Richardum
1862 4261 2033 4335 Simonem

665 4385 772 4454 airum
797 4381 905 4453 multis
932 4379 1024 4454 libris
1051 4379 1146 4452 editis
1172 4378 1441 4469 famosissimum,
1468 4382 1524 4474 qui
1550 4401 1625 4450 cum
1650 4383 1685 4451 in
1700 4378 1796 4452 Notis
1822 4378 2032 4452 uberioribus

664 4498 706 4570 ad
733 4495 923 4570 Gabrielem
950 4495 1267 4593 Philadelpbiensem
1295 4495 1337 4568 de
1361 4493 1521 4588 Litargiis
1548 4493 1771 4567 Orientahbus
1797 4515 1888 4568 nova
1922 4517 2032 4590 quae-

663 4613 751 4706 dam,
776 4637 840 4686 nec
866 4614 970 4706 vulgo
999 4618 1133 4708 cognita
1159 4611 1361 4711 protulisset,
1387 4611 1518 4684 laudem
1544 4615 1662 4683 merito
1681 4610 1769 4707 apud
1787 4610 1935 4684 eruditos
1961 4610 2030 4684 ob-

662 4735 766 4803 tinuit.
817 4731 865 4802 At
890 4730 1026 4805 ulterius
1052 4751 1266 4826 progressus,
1293 4729 1336 4802 de
1360 4728 1425 4802 hoc
1452 4738 1660 4822 argumento,
1687 4726 1795 4823 deque
1816 4727 2032 4800 Orientalium

665 4845 926 4919 Christianorum
951 4847 1071 4937 rebus,
1107 4847 1257 4920 seribere
1287 4868 1356 4919 non
1388 4848 1553 4935 cessavit,
1586 4843 1753 4939 multaque
1789 4842 1933 4916 inaudita
1966 4866 2032 4916 nec

525 4983 532 4998 ‘
663 4967 744 5038 satis
772 4962 946 5060 explorata
972 4961 1173 5059 publicavit,
1209 4987 1295 5060 quiae
1328 4964 1437 5056 ignari
1470 4983 1582 5034 rerum
1615 4959 1743 5032 iherum
1769 4963 2031 5056 exscripserunt,

525 5075 530 5080 ’
661 5091 699 5154 et
732 5081 805 5174 ejus
839 5101 941 5176 saepe
975 5083 1151 5152 autoritate
1192 5079 1383 5154 catholicos
1417 5081 1703 5177 impugnaverunt.
1762 5075 2033 5150 Demonstratum
