4736 6064
689 562 772 640 SIVE
800 558 931 640 cibott
956 562 1200 640 bidentinis
1227 560 1454 640 nttffloron.
1679 563 1753 636 491

493 749 678 822 Sacerdos.
704 748 799 820 Mitte
825 752 965 840 gratiam
991 748 1133 845 Spiritus
1160 751 1265 822 sancti
1293 771 1393 845 super
1419 772 1492 824 nos.

493 865 682 938 Diaconos.
710 865 845 956 Surgite
872 863 914 936 ad
939 868 1135 937 orationem.

666 1140 726 1211 15.
764 1138 939 1211 Sacerdos
965 1138 1049 1209 dicit
1076 1139 1272 1210 Orationem
1294 1141 1489 1231 fractionis.

494 1326 626 1401 Gratias
660 1327 822 1402 humiliter
864 1329 944 1420 ago
965 1325 1024 1400 tibi
1055 1327 1199 1399 Domine
1231 1329 1324 1400 Deus
1365 1349 1478 1418 meus,
1511 1329 1610 1401 totius
1646 1329 1758 1402 mundi

390 1455 526 1539 potens:
554 1449 609 1540 qui
636 1445 735 1517 sedes
762 1466 863 1539 snper
888 1442 1039 1515 thronum
1067 1443 1261 1531 Cherubim,
1296 1445 1410 1538 quiin
1444 1442 1589 1518 excelsis
1616 1443 1758 1535 habitas,

392 1568 426 1630 et
442 1565 476 1632 in
492 1559 702 1634 inferioribus
722 1559 936 1653 glorificaris:
965 1562 1021 1656 qui
1039 1563 1073 1630 in
1089 1558 1211 1658 lumine
1226 1557 1430 1632 substantiae
1444 1570 1522 1632 tuae
1540 1562 1757 1655 requiescens

390 1681 424 1749 in
452 1689 634 1764 aetemum,
660 1680 855 1772 mysterium
882 1675 1109 1750 absconditum
1135 1679 1244 1746 crucis
1270 1673 1488 1748 manifestasti
1514 1674 1621 1748 nobis.
1675 1675 1758 1761 Quis

390 1793 483 1866 Deus
509 1797 701 1865 misericors
729 1803 762 1866 et
788 1801 920 1865 sanctus
948 1795 1032 1864 sicut
1057 1801 1112 1880 tu,
1140 1793 1233 1882 cujus
1260 1801 1312 1863 est
1338 1795 1501 1886 potentia,
1528 1813 1614 1886 quae
1641 1815 1660 1862 a
1686 1812 1757 1862 no-

390 1908 442 1983 bis
477 1909 633 2001 elongata
665 1930 732 1982 non
768 1917 837 1998 est,
870 1907 1000 2005 quando
1037 1906 1168 2003 quidem
1194 1916 1394 2002 potestatem
1422 1906 1540 1979 dedisti
1570 1905 1757 2002 Apostons,

356 2091 358 2100 ,
391 2033 425 2096 et
450 2022 514 2096 illis
542 2027 598 2119 qui
623 2027 775 2096 serviunt
800 2024 858 2097 tibi
884 2027 1016 2096 sincero
1044 2022 1158 2112 corde,
1185 2034 1220 2094 et
1245 2025 1285 2094 iis
1312 2025 1378 2117 qui
1394 2021 1534 2096 oderunt
1560 2023 1619 2096 tihi
1645 2027 1757 2098 sacri-

322 2143 327 2154 '
390 2140 464 2213 boia
492 2144 524 2211 in
552 2139 690 2212 odorem
723 2143 912 2226 suavitatis,
948 2160 1010 2233 per
1043 2141 1220 2210 Dominum
1255 2149 1289 2211 et
1322 2141 1430 2212 Deum
1460 2148 1608 2212 nostrum
1642 2141 1757 2212 desum

391 2253 575 2328 Christum:
609 2255 750 2350 tibique,
786 2255 832 2327 illi
859 2266 892 2327 et
917 2255 1053 2350 Spiritui
1087 2264 1224 2342 sancto,
1266 2252 1404 2327 debetur
1442 2256 1624 2347 gratiarum
1658 2258 1756 2342 actio,

391 2371 520 2462 gloria,
547 2380 581 2441 et
606 2369 751 2442 laudatio
779 2373 812 2442 in
841 2371 975 2442 saecula
1003 2370 1221 2443 saeculorum.
1248 2371 1368 2443 Amen.

491 2483 679 2556 Diaconos.
708 2485 772 2571 Oui
800 2489 894 2560 statis
920 2485 1085 2558 humiliate
1112 2489 1221 2582 capita
1247 2497 1373 2559 vestra.

497 2599 680 2673 Sacerdos.
707 2602 850 2674 Domino
877 2604 931 2700 qui
957 2602 1057 2674 sedes
1084 2624 1184 2697 super
1211 2600 1406 2688 Cherubim,
1434 2610 1468 2675 et
1494 2602 1616 2697 aspicis
1641 2623 1757 2697 popu-

392 2715 458 2788 lum
486 2727 520 2788 et
544 2713 782 2790 haereditatem
808 2729 912 2809 tuam,
939 2717 1080 2790 benedic
1107 2720 1215 2793 servis
1241 2729 1275 2790 et
1302 2717 1428 2790 ancillis
1462 2719 1544 2806 tuis,
1576 2739 1757 2812 eommque

392 2829 479 2922 filiis,
506 2840 540 2904 et
564 2833 711 2906 retribue
737 2837 911 2929 unicuique
938 2837 993 2929 qui
1018 2837 1133 2907 veniet
1157 2844 1286 2930 partem
1313 2843 1507 2929 accepturus
1533 2856 1580 2904 ex
1606 2831 1756 2906 admira-

392 2943 449 3017 bih
475 2970 590 3020 mensa
618 2960 690 3039 ma,
718 2971 792 3023 cum
819 2952 1021 3024 conscientia
1047 2971 1145 3045 pura,
1171 2952 1403 3024 remissionem
1417 2958 1644 3045 peccatorum,
1671 2971 1757 3044 quae

392 3085 467 3133 cmn
494 3063 618 3158 Spiritu
645 3072 760 3140 sancto
788 3069 964 3160 conjuncto
992 3073 1061 3153 est,
1088 3063 1129 3136 ad
1156 3064 1296 3137 salutem
1323 3067 1452 3138 animae
1467 3074 1501 3137 et
1522 3068 1686 3161 corporis,
1714 3064 1758 3136 ad

392 3177 548 3250 coelestis
574 3183 670 3272 regni
696 3180 963 3275 consequendam
989 3179 1240 3251 haereditatem:
1271 3184 1498 3273 pergratiam
1530 3189 1564 3251 et
1595 3178 1756 3252 volunta-

393 3303 458 3365 tem
485 3297 644 3387 unigeniti
669 3293 745 3366 Filii
770 3298 835 3385 tui,
861 3317 923 3390 per
949 3317 1046 3390 quem
1073 3293 1131 3366 tibi
1157 3303 1190 3366 et
1216 3293 1312 3366 simul
1338 3317 1411 3366 cum
1439 3317 1495 3384 eo,
1522 3305 1556 3366 et
1581 3316 1656 3367 cum
1669 3295 1757 3390 Spi-

392 3411 456 3482 ritu
489 3419 626 3502 sancto,
661 3418 713 3484 est
739 3407 846 3503 gloria
873 3420 906 3482 et
930 3419 1101 3506 potestas,
1135 3430 1222 3480 nnnc
1249 3420 1282 3482 et
1309 3430 1462 3505 semper,
1488 3420 1522 3482 et
1553 3413 1587 3482 in
1619 3409 1754 3484 saecula

393 3524 610 3600 saeculorum.
637 3528 756 3601 Amen.

501 3641 558 3716 16.
585 3641 822 3714 Sobdioconco
847 3641 945 3712 simul
970 3661 1043 3712 cum
1062 3641 1191 3734 popolo
1218 3642 1340 3714 dicent.
1392 3640 1570 3716 Exercitus
1597 3633 1756 3734 Angelo-

392 3781 465 3830 rum
492 3758 669 3833 salvatoris
695 3758 805 3832 mundi
831 3769 918 3833 stant
943 3780 1058 3832 coram
1084 3781 1144 3848 eo,
1172 3768 1205 3831 et
1219 3761 1354 3850 cingunt
1367 3778 1488 3853 corpus
1505 3765 1539 3828 et
1560 3759 1756 3848 sanguinem

392 3873 526 3948 Domini
552 3884 586 3947 et
612 3876 791 3950 salvatoris
816 3879 922 3976 nostri
946 3876 1029 3948 Jesu
1056 3873 1191 3948 Christi:
1219 3873 1417 3948 accedamus
1441 3883 1518 3947 ante
1538 3872 1658 3945 faciem
1672 3875 1755 3964 ejus,

393 4001 427 4062 et
452 4014 527 4064 cum
552 3991 618 4064 fide
646 3991 809 4065 Christum
836 4013 1044 4065 veneremur.

495 4107 683 4180 Diaconos.
709 4107 860 4182 Adorate
885 4108 994 4180 Deum
1020 4130 1093 4179 cum
1119 4111 1247 4178 timore.

641 4385 701 4456 17.
742 4383 918 4456 Sacerdos
943 4385 1028 4454 dicit
1056 4383 1251 4454 Orationem
1271 4384 1518 4475 poenitentiae.

495 4572 638 4646 Domine
672 4576 908 4670 omnipotens,
931 4576 986 4668 qui
1022 4595 1121 4646 sanas
1155 4575 1281 4644 animas
1312 4581 1346 4644 et
1371 4590 1516 4667 corpora
1541 4579 1673 4661 nostra,
1701 4575 1756 4666 qui

393 4710 482 4761 voce
507 4675 665 4782 unigeniti
691 4689 767 4762 Filii
793 4693 838 4762 tui
863 4692 997 4762 Domini
1023 4692 1088 4764 Dei
1114 4701 1148 4762 et
1174 4690 1352 4788 salvatoris
1379 4690 1483 4760 nostri
1508 4687 1590 4759 Jesu
1617 4685 1754 4775 Christi,

393 4805 504 4878 dixisti
530 4807 630 4877 Petro
657 4808 742 4901 patri
769 4815 903 4879 nostro:
939 4816 975 4878 tu
1002 4828 1039 4879 es
1066 4807 1184 4897 Petra,
1225 4817 1259 4878 et
1291 4827 1392 4903 snper
1422 4803 1507 4877 hanc
1532 4814 1661 4900 petram
1688 4825 1754 4875 ae-

391 4918 531 4994 dificabo
556 4919 742 4994 Ecclesiam
768 4944 892 5010 meam,
919 4934 952 4994 et
977 4932 1095 5018 portae
1121 4921 1218 4995 inferi
1242 4945 1310 4996 non
1335 4920 1574 5018 praevalebunt
1607 4919 1648 4992 ad
1681 4942 1755 4996 eam

390 5035 654 5110 concutiendam:
681 5036 807 5135 tibique
840 5038 928 5114 dabo
961 5040 1075 5114 claves
1108 5045 1206 5135 regni
1241 5039 1428 5116 coelorum:
1461 5049 1495 5112 et
1527 5036 1755 5134 quodcumque
1876 5079 1884 5098 .

424 5175 507 5218 roam
517 5171 532 5216 1.
1505 5157 1556 5230 78
