4760 6038
668 618 810 692 XCVIII
1196 620 1572 699 DISSERTATIO

670 832 738 882 non
765 807 974 883 erubuerunt.
1025 810 1064 882 Iu
1096 819 1186 882 taum
1220 812 1321 901 igitur
1352 808 1539 882 calamitate
1571 811 1709 902 configit
1734 813 1881 906 saepius,
1907 809 2037 884 Ortho-

670 925 781 998 doxos
814 925 956 998 latenter
988 925 1030 997 ad
1062 926 1289 1001 Jacobitanrm
1315 925 1485 998 Ecclesias
1519 930 1727 1014 accessisse,
1762 930 1865 998 satius
1897 926 1941 999 ub
1973 929 2036 1000 Illis

668 1041 910 1115 Eucharistiam
937 1047 1109 1138 achpere,
1143 1065 1241 1138 quam
1276 1065 1319 1114 ea
1348 1064 1488 1136 prorsus
1514 1065 1633 1114 carcre
1659 1046 1897 1116 existimantes.
1951 1044 2037 1130 Quid

668 1163 756 1229 enim
781 1161 972 1254 exspectari
999 1163 1162 1256 potuisset
1187 1184 1207 1231 a
1235 1157 1430 1230 Christianis
1457 1162 1618 1231 servitute
1649 1157 1825 1231 barbarica
1852 1165 2036 1254 oppressis,

668 1283 704 1344 et
730 1278 785 1368 qui
810 1297 871 1370 per
898 1296 1004 1348 anuos
1030 1274 1151 1348 mrdtos
1177 1283 1347 1370 pastorem
1372 1275 1552 1367 legidmum
1585 1297 1653 1346 non
1678 1274 1842 1347 viderant.
1893 1276 2035 1372 Saepius

668 1390 702 1460 id
727 1389 848 1462 lactum
876 1401 944 1480 est,
971 1401 1005 1462 et
1030 1391 1102 1462 lieri
1125 1390 1391 1486 frequentissime
1414 1393 1637 1462 eh'umnumin
1653 1391 1840 1482 Oriente,a
1866 1394 1948 1463 viris
1971 1393 2035 1464 lida

669 1507 871 1598 dignissimis
887 1509 1087 1603 accepimus,
1108 1529 1153 1578 ne
1169 1507 1245 1577 dum
1257 1504 1487 1580 Ortbodoxam
1502 1509 1766 1579 communionem
1781 1517 1943 1602 quaerunt
1956 1510 2035 1579 inu-

670 1622 781 1711 tiliter,
796 1623 1023 1695 Sacramentis
1049 1645 1188 1719 prorsus
1203 1631 1349 1696 careant
1381 1622 1486 1694 qulto
1505 1627 1614 1714 mug'm
1636 1628 1786 1719 irrepere
1805 1623 1847 1695 ad
1860 1647 1901 1695 ea
1920 1628 2034 1698 susci-

668 1738 790 1836 pienda
816 1739 1148 1835 poterantAcephah
1173 1739 1331 1830 nonnulli,
1359 1741 1414 1834 qni
1440 1743 1540 1811 etlam
1561 1737 1751 1836 Episcopos
1769 1742 1902 1812 omuino
1928 1739 2047 1811 nullos'

668 1853 847 1945 habebant,
874 1877 936 1926 nec
965 1856 1205 1928 ordinationem
1231 1854 1529 1952 Presbyterorum,
1556 1866 1591 1927 ut
1617 1854 1822 1946 Orthodoxi,
1848 1865 1965 1952 petere
1990 1878 2037 1926 ex

670 1970 816 2043 GraecIa
841 1983 1004 2066 poterant
1065 1972 1157 2044 Illam
1191 1974 1292 2063 igitur
1323 1972 1543 2068 prolixiorem
1575 1968 1831 2046 Confessionem
1862 1995 1904 2044 ea
1939 1995 2037 2067 quam

671 2092 886 2183 exposuimus
921 2111 1024 2161 causa
1056 2091 1235 2161 institutam
1262 2085 1480 2178 arbitramur,
1495 2110 1548 2159 eo
1574 2091 1683 2180 magis
1710 2088 1800 2184 quod
1826 2085 1880 2160 illa
1908 2089 1949 2160 ad
1975 2091 2035 2161 In-

669 2207 870 2278 carnatiouis
909 2203 1028 2294 fidem,
1062 2208 1172 2299 potius
1205 2227 1303 2298 quam
1337 2204 1381 2275 ad
1412 2202 1657 2294 Eucharistiae,
1690 2209 1870 2300 pertimet,
1905 2204 1947 2276 de
1973 2229 2036 2300 qua

670 2318 820 2394 haeresis
846 2319 951 2392 nulla:
977 2343 1042 2392 uec
1067 2319 1238 2392 levissIma
1263 2342 1407 2416 unquam
1442 2345 1463 2392 a
1488 2318 1709 2393 schismatum
1734 2325 1846 2412 iuitiis,
1874 2331 1929 2393 aut
1955 2325 2039 2392 iuter

670 2435 858 2526 Jacobitas,
895 2447 952 2508 aut
986 2459 1060 2508 cum
1095 2436 1169 2508 aliis
1196 2440 1305 2508 extitit
1331 2441 1573 2509 coutroversIa.
1627 2437 1813 2510 Oscum-unt
1839 2441 1872 2508 iu
1900 2436 2037 2509 Graecis

670 2551 885 2643 Euchologiis
921 2564 954 2624 et
985 2552 1171 2624 RituaIIbus
1207 2557 1375 2625 orationes
1409 2563 1559 2647 tempore
1594 2558 1833 2626 communionis
1868 2552 2038 2642 dicendae,

671 2672 706 2739 In
732 2665 850 2763 quihus
878 2668 921 2741 ad
945 2668 1164 2764 profitendam
1189 2669 1315 2741 realem
1340 2673 1493 2764 corporis
1521 2672 1758 2764 sanguinisque
1784 2670 1906 2742 Christi
1932 2692 2038 2764 prae-

671 2787 811 2858 sentiam
838 2783 1125 2858 nihdndesiderari
1151 2795 1280 2881 potest,
1312 2785 1397 2856 adeo
1424 2789 1518 2856 utin
1546 2786 1683 2857 alterum
1710 2809 1844 2860 sensum
1871 2787 2038 2858 transduci

672 2899 914 2995 simpIIcissima
948 2900 1076 2973 illarum
1111 2900 1218 2974 verba
1251 2911 1426 2996 nequeant.
1494 2902 1571 2974 Non
1607 2901 1775 2974 absimiles
1816 2903 1970 2994 legrmtur
2005 2906 2038 2974 in

671 3015 816 3111 Syriaco
848 3017 1106 3090 Iacobiticarrun
1138 3016 1363 3110 Liturgiarum
1399 3017 1535 3090 codice:
1578 3014 1704 3090 sedin
1737 3021 1886 3112 utrisque
1926 3017 2038 3092 ultima

670 3131 726 3203 iba
757 3132 937 3228 particula,
979 3156 1064 3229 quae
1098 3138 1255 3206 unitatem
1286 3146 1425 3206 naturae
1452 3132 1627 3227 significat,
1653 3158 1721 3207 non
1757 3139 1916 3212 occurrit:
1950 3135 2037 3206 illam

670 3246 771 3320 babet
797 3247 870 3322 sola
906 3249 1108 3345 Aethiopica
1142 3249 1294 3342 Liturgia
1328 3273 1414 3346 quae
1448 3274 1494 3323 ex
1526 3249 1667 3346 Coptica
1701 3251 1860 3324 translata
1888 3262 1958 3341 est,
1993 3255 2037 3322 ita

670 3367 804 3456 atejus
830 3368 945 3438 versio
973 3366 1218 3460 quodammodo
1245 3364 1360 3438 baberi
1387 3372 1502 3462 possit.

365 3493 405 3548 ne
421 3494 657 3564 tornuraqmoeo
760 3468 958 3556 XXXVIII.
985 3480 1091 3554 Erunt
1105 3481 1270 3572 fortassis,
1298 3487 1353 3578 qui
1379 3487 1585 3574 vetustioris,
1612 3483 1888 3579 sImpIIciorisque
1906 3484 2038 3556 formu-

350 3582 377 3632 iu
391 3581 505 3652 liturgia
519 3581 604 3636 blarci.

669 3597 723 3671 lae
749 3602 928 3691 vestigium
955 3602 1095 3691 agnosci
1120 3599 1225 3672 vehut
1251 3603 1285 3670 iu
1310 3599 1459 3692 Linrrgia
1485 3599 1602 3694 hIarci,
1629 3600 1736 3695 qualis
1763 3623 1783 3672 e
1809 3599 1936 3673 Codice
1964 3597 2037 3671 Ca-

670 3716 766 3789 labro
793 3715 880 3788 edita
914 3725 980 3788 est:
1017 3715 1061 3786 ihi
1096 3717 1182 3787 enim
1209 3713 1273 3786 ubi
1305 3719 1543 3788 communionis
1577 3715 1760 3788 distributio
1792 3715 2039 3812 praescribitur,

574 3845 576 3848 ’
671 3834 814 3925 legimns
832 3831 1051 3904 Sacerdotem
1077 3830 1164 3906 ὅταν
1190 3829 1372 3926 paetino
1396 3831 1463 3907 τόν
1481 3838 1616 3931 κλῆρον
1641 3837 1743 3933 λέγει.
1778 3837 1896 3928 Σῶμα
1921 3831 2039 3932 ἅγιον,

673 3948 734 4023 καὶ
765 3950 811 4032 εἰς
843 3945 885 4022 ud
920 3945 1093 4044 ποτήριον
1127 3953 1239 4048 λέγει,
1258 3943 1364 4044 Αἷμα
1396 3949 1528 4043 τίμιον.
1580 3951 1661 4021 Com
1696 3955 1955 4020 commuttionem
1980 3950 2040 4020 dut

673 4067 785 4152 Claro,
814 4065 939 4134 dicere.
984 4063 1115 4156 Corpus
1139 4073 1303 4156 sunctum,
1331 4074 1365 4137 et
1390 4067 1436 4136 ud
1453 4067 1594 4137 calicem
1613 4071 1752 4160 sanquis
1765 4069 1947 4160 pretiosam,
1975 4073 2037 4136 etc.

673 4181 770 4254 Unde
797 4183 942 4276 suspicio
969 4187 1143 4268 nuscetur,
1169 4179 1232 4252 illis
1260 4183 1315 4275 qui
1341 4185 1375 4252 iu
1401 4181 1523 4254 Rituali
1550 4181 1721 4280 dIscipbna
1748 4180 1908 4254 Orientali
1932 4185 2038 4256 minus

672 4300 798 4372 versati
826 4304 913 4386 sunt,
940 4294 1132 4368 conclusam
1158 4299 1274 4392 paucis
1308 4296 1360 4370 hIs
1392 4296 1506 4372 verbis
1534 4296 1790 4372 Confessionem
1817 4297 1894 4371 olim
1919 4296 2038 4370 luisse:

671 4437 749 4486 nam
776 4435 818 4485 eo
845 4411 932 4484 ducit
964 4421 1192 4504 argumentum
1226 4416 1363 4508 petitum
1396 4437 1417 4484 a
1451 4417 1560 4486 veteri
1595 4412 1776 4511 disciphua.
1829 4413 1911 4486 Illud
1937 4435 2038 4508 porro

673 4552 783 4626 neque
809 4527 961 4601 affirmari
987 4538 1093 4617 certo,
1119 4551 1227 4625 neque
1253 4533 1371 4621 negari
1396 4538 1517 4626 potest.
1571 4528 1656 4602 Cum
1681 4534 1767 4601 enirn
1791 4529 1897 4602 blanci
1925 4528 2039 4600 Grae-

673 4669 747 4718 cam
773 4645 976 4738 Liturgiam,
1017 4643 1126 4718 multis
1152 4648 1354 4738 argumentis
1388 4655 1519 4719 constet
1543 4649 1760 4720 vetustiorem
1787 4669 1864 4718 esse
1891 4641 2039 4718 Calche-

674 4761 815 4835 donensi
843 4760 1007 4852 Coucdio,
1034 4759 1305 4857 orthodoxisque
1332 4762 1410 4834 oliuu
1436 4765 1617 4859 propriam,
1643 4766 1793 4836 caruisse
1810 4761 1898 4834 illam
1924 4759 2039 4834 verbis

675 4873 888 4949 Confessioni
915 4877 1061 4971 adJ'ectis,
1089 4901 1174 4973 quae
1199 4877 1508 4975 hIonopbysitarrun
1534 4901 1683 4951 errorem
1710 4882 1912 4968 contineant,
1938 4877 2039 4948 indu-

673 4990 813 5063 bitatum
830 5003 890 5066 est.
919 4993 1002 5068 Cum
1015 5005 1135 5086 tamen,
1147 5005 1183 5066 ut
1194 4993 1464 5087 observavimus,
1477 4996 1584 5067 bIarci
1596 4996 1746 5088 Liturgia
1760 5000 1889 5088 integra
1903 5016 1969 5066 non
1985 4997 2039 5084 sit,

674 5110 752 5204 quia
779 5132 865 5204 quae
893 5133 938 5182 ex
965 5114 1129 5184 communi
1156 5111 1262 5185 officio
1279 5113 1422 5208 petenda
1437 5125 1523 5206 sunt,
1549 5137 1610 5212 per
1629 5113 1771 5186 initIaIes
1788 5123 1911 5185 tautum
1933 5133 2039 5184 voces
