4670 6046
650 585 702 660 All
720 583 927 662 ulutatu
945 583 1136 661 cornuin
1153 583 1184 662 S.
1206 584 1351 661 EASILII.
1505 643 1512 658 .
1609 583 1685 658 267

317 773 390 836 lieet
415 774 460 834 ita
486 771 607 850 facem,
634 789 727 851 neque
757 770 1006 844 communionem,
1039 769 1102 830 nisi
1114 769 1245 847 jejunis,
1274 769 1436 848 comper-e?
1462 767 1685 850 Respondetur.

318 873 478 934 Dominam
503 890 564 932 non
591 869 653 931 alio
677 871 737 948 fine
770 869 891 932 dedisse
921 868 1078 948 discipulis
1106 870 1171 930 sais
1199 886 1309 948 corpus
1338 877 1368 930 et
1394 871 1569 949 sanquinem
1590 887 1686 943 mum,

314 980 473 1054 postquam
491 971 621 1049 pmmum
642 966 764 1029 Pascha
786 969 993 1043 comedissent,
1016 967 1078 1027 nisi
1097 976 1131 1029 at
1151 967 1225 1028 ilhsd
1242 971 1372 1046 perillo
1394 968 1534 1032 oboleret.
1556 965 1608 1026 Ee
1629 984 1687 1046 qna

320 1077 418 1132 antem
451 1071 583 1149 primum
611 1066 734 1129 Pascha
768 1067 916 1128 niblatam
947 1063 1098 1149 est,2¹non
1130 1068 1199 1128 licet
1234 1067 1322 1129 nobis
1350 1075 1419 1129 onte
1454 1078 1688 1138 communionem

319 1169 481 1231 comedm.
534 1165 665 1228 Sevems
701 1165 870 1246 Episcopus
905 1164 1089 1228 Aschmonin
1132 1166 1160 1226 in
1196 1165 1336 1229 Tractatu
1376 1165 1414 1229 de
1446 1168 1553 1251 jejunii
1594 1191 1689 1256 prae-

320 1268 435 1329 stantia.
480 1265 548 1328 Non
569 1272 703 1345 oportet,
725 1265 835 1344 inquit,
865 1266 1006 1344 accipere
1035 1284 1145 1346 corpus
1173 1262 1286 1326 Christi
1319 1268 1381 1328 nisi
1409 1285 1475 1330 oum
1504 1273 1570 1332 oris
1598 1291 1689 1335 oma-

319 1367 451 1428 ritudine
479 1383 556 1446 quoe
585 1385 625 1425 ee
638 1366 755 1443 jq'unio
776 1365 922 1441 mscitnr,
946 1371 977 1426 et
997 1363 1179 1426 wshnmtio
1209 1365 1298 1426 etiam
1321 1383 1342 1426 n
1360 1375 1609 1450 pensatoque,
1637 1379 1689 1432 at-

320 1484 375 1546 que
396 1466 440 1526 ita
461 1471 496 1525 ut
516 1465 618 1542 linquo
648 1472 757 1526 sancta
779 1465 836 1538 sit,
865 1464 952 1524 etin
979 1481 1015 1523 os
1043 1463 1119 1524 nihil
1146 1481 1181 1523 eo
1211 1463 1260 1524 die
1279 1466 1367 1542 prins
1394 1466 1563 1544 inpressam
1586 1468 1689 1547 fuerit,

322 1579 543 1644 montearpon
566 1559 698 1623 Christi:
719 1581 814 1642 neque
836 1564 913 1623 enim
935 1561 1005 1623 licet
1032 1563 1064 1621 in
1086 1579 1121 1624 os
1148 1563 1180 1622 in
1209 1563 1289 1643 quod
1310 1565 1405 1624 intrat
1433 1583 1545 1645 corpus
1568 1566 1688 1642 Christi,

321 1663 480 1743 quidquam
501 1662 588 1740 prins
609 1660 734 1740 inpredi.
780 1660 896 1741 Nempe
918 1660 1003 1741 quasi
1031 1659 1232 1742 Augustinum
1262 1661 1475 1742 exscripsisse!
1504 1667 1554 1746 qui
1584 1665 1688 1730 iisdem

320 1779 417 1842 prope
440 1760 542 1822 verbis
565 1761 605 1822 ita
627 1757 789 1822 scribebat.
833 1759 885 1821 Ee
906 1760 964 1822 hoc
986 1761 1064 1822 enim
1083 1761 1200 1839 placuit
1220 1761 1348 1840 Spiritui
1369 1769 1491 1824 sancto:
1519 1774 1553 1826 nt
1576 1767 1608 1828 in
1629 1767 1689 1828 bo-

320 1879 425 1922 norem
446 1860 524 1921 tanti
552 1857 744 1920 Somomenti
771 1860 803 1920 in
833 1877 869 1920 os
892 1856 1059 1920 Christiani
1083 1861 1171 1939 prius
1191 1860 1381 1922 Dominicam
1410 1879 1521 1940 carpas
1550 1863 1688 1939 intraret,

322 1977 410 2040 quam
432 1960 548 2022 coeteri
569 1958 638 2022 cibi.
683 1955 727 2018 lta
749 1975 870 2039 quoque
893 1958 1003 2020 docent
1032 1957 1195 2039 Dionysius
1216 1958 1361 2022 Barsalibi
1392 1966 1452 2020 tum
1482 1961 1511 2022 in
1535 1959 1689 2042 Opusculo
1738 1973 1993 2044 dpatientia

323 2059 361 2120 de
383 2056 571 2120 Institutione
593 2055 817 2132 Eucharistiae,
847 2065 908 2118 tum
935 2058 965 2118 in
989 2054 1210 2121 Commentario
1240 2057 1277 2120 ad
1299 2059 1404 2121 lacohi
1426 2057 1606 2140 Liturgiam:
1629 2059 1689 2123 bli-

324 2157 409 2220 chael
436 2157 606 2238 Episcopus
635 2153 782 2218 hlelicbae
810 2156 840 2217 in
870 2155 1104 2228 Quaestionibus
1132 2166 1163 2220 et
1192 2156 1448 2237 Responsionihus
1472 2155 1631 2221 canonicis
1659 2178 1688 2221 u.

323 2254 374 2318 21.
419 2255 480 2331 Qui
500 2263 604 2329 nocte,
635 2255 688 2315 siti
713 2254 863 2334 [aliquare
885 2253 975 2328 bibit,
1003 2255 1110 2317 licetne
1138 2264 1173 2318 ut
1192 2275 1281 2318 amne
1303 2257 1437 2337 sequenti
1457 2259 1691 2320 communionem

323 2356 463 2435 accipiat.
509 2353 543 2414 R.
574 2353 610 2414 Si
638 2353 672 2414 id
698 2360 768 2414 ante
798 2354 929 2416 mediam
957 2362 1073 2416 noctem
1103 2356 1276 2434 coatiperit,
1306 2355 1397 2416 licet:
1424 2357 1454 2416 si
1481 2355 1609 2429 deinde,·
1631 2377 1691 2420 non

321 2456 398 2518 licet.
443 2453 481 2515 Et
509 2454 540 2514 in
566 2451 682 2516 iisdem.
710 2451 747 2514 Si
773 2453 919 2514 matutirw
956 2460 1087 2532 tempore
1120 2456 1287 2515 communio
1322 2453 1538 2529 celebrabitur,
1574 2456 1694 2518 cavebit

323 2554 523 2634 unusquisqne
549 2571 588 2612 ne
617 2559 690 2631 post
716 2569 858 2614 acconem
891 2552 1000 2628 solem,
1035 2551 1107 2612 edat
1142 2561 1197 2614 ant
1228 2551 1333 2615 bibat:
1371 2554 1491 2634 quondo
1524 2573 1597 2615 aero
1631 2555 1694 2616 edit

326 2659 382 2714 cut
416 2651 504 2727 bibit,
537 2670 598 2712 non
637 2652 708 2712 licet
742 2651 802 2730 ipsi
829 2650 934 2712 eodem
971 2651 1022 2712 die
1056 2649 1282 2713 Eucharistiam
1317 2655 1467 2732 occipere.
1512 2651 1545 2713 ln
1577 2651 1693 2714 Nomo-

325 2768 440 2813 canone
479 2749 623 2831 Syrorum
662 2756 744 2810 extat
780 2746 958 2811 Constitutio
997 2748 1143 2814 Timothei
1184 2750 1383 2813 Alexandrini
1417 2751 1621 2814 Patriarchae:
1666 2753 1692 2814 is

326 2857 373 2912 est
401 2856 433 2910 ut
464 2849 583 2912 videtur
610 2866 698 2929 quem
727 2846 871 2910 Aelurum
903 2855 1012 2910 vocant
1042 2849 1165 2932 antiqui.
1210 2848 1279 2911 Nisi
1299 2852 1466 2912 necessitas
1486 2857 1610 2930 arpent,
1632 2869 1693 2914 aon

324 2950 393 3011 lieet
419 2949 510 3010 edere
538 2949 700 3029 quidquam
722 2953 777 3008 nat
796 2945 911 3032 bibere,
937 2948 1018 3030 quod
1045 2950 1135 3030 outq⁰
1162 2949 1297 3011 homines
1318 2957 1467 3029 usurpont
1496 2952 1529 3011 in
1557 2950 1624 3012 cibo
1646 2951 1696 3013 nel

323 3056 404 3128 pota,
427 3055 497 3110 onte
517 3047 781 3110 Sacrameutorum
800 3048 1034 3126 perceptionem,
1056 3067 1150 3128 neque
1161 3050 1223 3110 nisi
1244 3068 1284 3109 ee
1297 3067 1393 3110 consa
1414 3049 1619 3128 pravissimae
1641 3048 1693 3110 in-

321 3147 493 3228 firmitatis,
527 3165 594 3208 mun
621 3146 704 3208 vitoe
729 3146 874 3224 periculo.
917 3145 954 3208 ss·
974 3147 1042 3228 quas
1063 3165 1135 3209 cero
1158 3147 1363 3226 imprudenter
1380 3155 1485 3226 potum
1511 3165 1695 3209 communem

324 3247 448 3308 hauriat
467 3247 499 3307 in
521 3247 622 3326 αὶὶᾳιιο
643 3244 793 3323 ec'festis
813 3245 989 3324 majoribus,
1013 3254 1044 3309 et
1064 3248 1287 3307 communicare
1309 3246 1474 3321 desiderat,
1496 3265 1563 3307 cam
1577 3245 1694 3308 saeer-
1778 3309 1781 3316 ,

325 3345 405 3407 dotis
426 3345 547 3406 licemia
557 3365 570 3418 ;
594 3342 833 3420 communicabit,
856 3343 912 3404 sed
932 3351 1059 3424 occepta
1078 3345 1270 3423 poenitentio-
1293 3344 1331 3407 Et
1352 3343 1470 3408 ibidem.
1494 3343 1571 3408 Post
1579 3351 1693 3424 potunt,

326 3452 396 3506 onte
417 3443 509 3505 solam
532 3450 672 3504 scortum
694 3443 732 3505 ob
755 3443 938 3522 infirmitatis
959 3462 1095 3519 cansam,
1118 3446 1149 3505 ei
1168 3446 1220 3524 qni
1239 3446 1332 3525 qrnoi
1351 3443 1456 3506 morbo
1479 3451 1611 3518 latetur,
1633 3444 1694 3504 da·

325 3543 406 3605 bitur
427 3550 576 3618 sunonem,
597 3541 656 3604 hoc
686 3549 732 3604 est
755 3539 997 3632 Sacramentum,
1028 3561 1122 3624 neque
1144 3563 1181 3605 eo
1204 3544 1387 3622 privabitur.
1430 3543 1512 3605 Pleni
1534 3551 1603 3606 sunt
1624 3541 1694 3604 libri

325 3640 471 3725 ejusmodi
494 3642 661 3720 sententiis,
684 3659 785 3723 neque
806 3639 867 3702 ulla
890 3647 938 3702 est
958 3639 1015 3704 hac
1038 3643 1068 3704 in
1091 3649 1177 3722 parte
1201 3641 1376 3723 disciplinae
1398 3644 1540 3704 varietas.

411 3741 520 3824 lejunii
549 3748 743 3821 praeceptum
771 3739 906 3819 sequitur
934 3738 992 3801 alia
1022 3740 1221 3804 abstinentiae
1243 3742 1381 3822 species,
1410 3759 1498 3821 quam
1521 3739 1692 3804 Orientales
1739 3743 1900 3800 emimontu.

327 3858 386 3905 non
410 3842 506 3902 ninus
531 3841 656 3921 exigunt
679 3858 696 3900 a
719 3837 1018 3915 communicantibus,
1046 3857 1152 3921 nempe
1176 3839 1214 3901 ab
1238 3857 1331 3922 opere
1354 3839 1514 3922 conjugali.
1560 3840 1690 3904 Severus

327 3938 494 4022 Episcopus
517 3957 555 4002 eo
579 3957 667 4020 quem
689 3957 759 4002 mox
781 3938 965 4001 laudavimus
988 3939 1131 4002 tractatu
1153 3939 1192 4001 dc
1213 3939 1324 4021 lejunii
1346 3938 1539 4020 praestantia.
1568 3940 1605 4002 Si
1625 3941 1692 4021 quis

327 4037 555 4101 Eucharistiom
573 4041 729 4118 percipere
756 4039 857 4100 animo
884 4038 1024 4118 desiann
1049 4039 1150 4120 aliquo
1172 4040 1238 4117 die,
1259 4041 1404 4118 jejunare
1424 4038 1512 4100 debet
1532 4038 1571 4100 ob
1593 4057 1692 4101 neore

327 4157 393 4212 nto,
416 4157 436 4200 a
458 4157 587 4218 vespera
609 4139 672 4200 diei
690 4139 919 4218 praecedentis:
941 4145 974 4198 nt
996 4156 1063 4199 cnm
1083 4137 1311 4200 Eucharistiam
1330 4139 1486 4217 percipere
1508 4140 1623 4218 copitat
1643 4139 1692 4198 die

327 4237 358 4301 3.
381 4237 593 4313 hebdomadis,
615 4238 769 4300 obstineat
796 4237 835 4299 nb
864 4257 964 4299 neore
985 4255 1043 4298 suo
1070 4255 1091 4298 a
1119 4256 1248 4318 vespam
1275 4237 1384 4298 Feriae
1410 4235 1442 4300 2.
1472 4255 1549 4318 quoe
1576 4237 1693 4298 initiam

329 4338 508 4399 aetheriae
535 4337 567 4398 3.
612 4335 784 4400 Timotheus
813 4337 891 4399 idem
915 4337 965 4417 qui
988 4355 1095 4417 supra:
1124 4337 1222 4400 Virum
1245 4347 1274 4400 et
1302 4338 1452 4400 mulierem
1478 4337 1531 4417 qui
1557 4335 1693 4414 copulam
1775 4357 1776 4360 ¹

329 4445 538 4512 exercuerant,
567 4455 627 4498 non
657 4443 775 4516 oportet
802 4437 906 4497 eodem
934 4437 985 4497 die
1015 4439 1247 4498 communicare.
1292 4437 1363 4498 Eam
1387 4435 1572 4517 disciplinam
1594 4433 1693 4496 multis

330 4534 500 4598 Canonibus
534 4521 747 4611 ἀδεσπότοις,
781 4533 836 4597 sed
867 4535 1011 4615 antiquis,
1040 4535 1230 4614 confirmant,
1263 4544 1295 4599 ut
1332 4537 1420 4599 etiam
1453 4533 1608 4598 sententiis
1642 4533 1693 4596 SS.

328 4633 494 4714 Athanasii,
517 4634 627 4712 Basilii,
651 4634 792 4718 Gregorii
816 4633 974 4718 Theologi,
998 4633 1215 4718 Chrysostomi,
1238 4653 1317 4717 quae
1339 4637 1490 4700 extantia
1513 4633 1603 4696 variis
1619 4630 1695 4694 Col-

330 4732 474 4798 lectaneis
505 4735 719 4808 Quaestionum
754 4743 785 4796 et
811 4733 1061 4814 Responsionum.
1106 4735 1166 4797 Eas
1196 4753 1270 4799 vero
1297 4753 1358 4798 non
1387 4752 1494 4798 carere
1524 4732 1694 4811 autoritate,

331 4837 465 4915 quamvis
488 4836 525 4898 ad
549 4853 614 4912 eos,
638 4835 745 4916 quibus
768 4833 970 4896 attribuuntur
998 4851 1059 4897 non
1082 4836 1270 4916 pertineant,
1298 4844 1411 4900 certum
1434 4834 1576 4896 hahemus
1598 4847 1695 4914 argu-
1786 4915 1789 4926 q

331 4942 478 4996 mentum:
503 4935 571 5017 quia
595 4933 747 4996 inmollis
771 4932 895 4996 Graecis
918 4933 1156 5014 syntagmatibus
1180 4942 1285 4997 extant
1314 4934 1404 5017 plane
1427 4933 1550 4998 similes.
1595 4929 1699 5010 Opus-

333 5013 393 5096 cubi
419 5035 585 5098 Athanasio
608 5032 753 5114 adscripti
784 5033 822 5094 de
843 5032 1022 5096 abstinendo
1046 5032 1085 5094 ab
1107 5034 1256 5096 nnombns
1279 5041 1349 5096 onte
1364 5034 1608 5109 communionem,
1631 5047 1699 5091 me-

370 5173 486 5217 nomast
1446 5151 1494 5223 50
