4670 6046
689 705 767 778 256
1173 700 1580 780 COMMENTARIUS

690 889 878 951 ordinatione
902 886 1007 950 eadem
1030 885 1185 966 disciplina
1208 884 1368 948 observata
1391 886 1455 947 fuit.
1499 887 1594 949 Porro
1618 885 1667 965 qui
1690 893 1771 949 tanta
1793 887 1946 968 religione
1967 904 2067 948 cave-

689 987 762 1048 bant
783 1005 821 1048 ne
845 985 1039 1049 Coniessioni
1069 983 1229 1065 quidquam
1257 991 1371 1046 temere
1402 985 1638 1066 adjungeretur,
1666 1001 1765 1064 neque
1794 984 1976 1046 additionem
2004 986 2066 1063 pati

690 1093 848 1165 poterant,
872 1085 1008 1166 quamvis
1031 1083 1209 1146 Orthodoxa
1231 1089 1472 1164 agnosceretur,
1496 1099 1550 1145 eos
1573 1101 1647 1145 sane
1671 1100 1759 1146 nemo
1783 1081 1976 1159 existimabit,
2006 1099 2067 1158 non

688 1183 894 1258 intellexisse,
917 1183 988 1264 quid
1011 1181 1105 1244 verba
1129 1181 1348 1263 significarent,
1370 1188 1421 1242 aut
1444 1179 1675 1244 contessionem
1698 1181 1795 1260 qualis
1817 1189 1917 1260 extat,
1940 1182 1971 1242 in
1993 1197 2066 1242 suos

689 1281 786 1344 libros
809 1289 925 1344 temere
948 1281 1122 1360 recepisse,
1147 1279 1238 1340 multo
1260 1280 1357 1340 minus
1379 1295 1487 1339 novam
1510 1296 1654 1360 prorsus,
1677 1280 1847 1361 rationique
1870 1285 1901 1342 et
1923 1279 2065 1342 sensibus

689 1386 912 1461 repugnantem
934 1378 973 1441 de
996 1378 1185 1440 Eucharistia
1207 1376 1384 1439 doctrinam.

400 1483 517 1536 Secunda
540 1486 609 1536 cuca
627 1499 677 1536 vo-
777 1477 890 1538 Verum
912 1494 968 1558 par
989 1477 1110 1539 illorum
1133 1474 1288 1555 diligentia
1310 1474 1406 1538 altero
1429 1475 1580 1556 exemplo,
1603 1495 1642 1538 ex
1665 1475 1770 1540 eadem
1793 1477 1918 1538 historia
1940 1476 2066 1556 probari

366 1584 422 1620 cem
444 1571 578 1635 Viariicum.

691 1581 810 1654 petest,
833 1593 942 1655 nempe
966 1576 1046 1637 circa
1068 1591 1176 1636 voccrn
1204 1574 1366 1652 Vicilicom,
1390 1591 1467 1654 quae
1495 1575 1525 1636 in
1555 1576 1675 1656 antiqua
1698 1573 1813 1636 Graeca
1847 1573 1974 1636 iormula
2004 1591 2065 1636 non

417 1655 479 1707 mi·
507 1655 578 1707 Μ’·
603 1657 677 1709 5¹⁰²·
691 1680 774 1751 erat,
797 1673 914 1736 Joanne
936 1673 1052 1734 LXXll.
1074 1671 1245 1734 Patriarcha
1266 1671 1468 1735 Jacobitarum
1501 1672 1733 1736 Alexandrinam
1766 1673 1869 1736 sedern
1899 1673 2065 1737 obtinente.

363 1758 390 1810 p.
409 1742 471 1794 526.

690 1771 795 1834 Abbas
818 1771 938 1836 Salmon
960 1780 991 1834 et
1013 1771 1152 1835 Menaeni
1167 1770 1284 1832 Laurae
1300 1773 1396 1834 sancti
1413 1771 1492 1834 lusti
1506 1789 1572 1834 earn
1588 1771 1778 1848 addiderunt,
1801 1772 1937 1834 dicentes
1953 1772 2064 1850 Credo,

692 1879 748 1934 etc.
772 1871 830 1932 boc
852 1890 919 1932 asae
942 1890 1055 1950 corpus
1075 1871 1243 1950 vivificam,
1266 1871 1348 1949 quod
1368 1872 1512 1933 asnmicr't
1532 1871 1627 1932 Filias
1648 1873 1833 1950 unigenitam,
1856 1878 1913 1932 cta.
1940 1871 2065 1952 Agitata

692 1985 815 2050 quoque
838 1969 914 2031 haec
937 1969 1048 2033 additio
1077 1968 1133 2031 luit
1158 1969 1237 2030 inter
1255 1967 1453 2050 -Episcopos,
1485 1966 1665 2050 tandemque
1694 1970 1904 2045 constitutum,
1934 1977 1968 2031 ut
1997 1973 2068 2052 quia

692 2085 754 2130 vox
775 2070 841 2148 ipsa
863 2066 1012 2131 iu'sacris
1035 2069 1193 2149 scripturis
1215 2067 1395 2149 legebatur,
1419 2085 1518 2148 neque
1542 2066 1670 2128 dubitari
1702 2075 1822 2148 poterat
1852 2067 1923 2146 quin
1952 2083 2066 2148 corpus

692 2165 804 2229 Christi
826 2174 908 2228 esset
930 2167 1097 2246 vivificum,
1120 2185 1157 2228 ea
1179 2183 1241 2228 vox
1262 2167 1447 2228 retineretur
1468 2169 1632 2245 omnesque
1655 2183 1724 2228 eam
1742 2168 1917 2245 reciperent
1945 2167 1975 2230 in
2000 2166 2066 2229 Co-

692 2265 777 2327 dices
800 2263 972 2348 Liturgicos
996 2283 1086 2342 suos,
1110 2265 1190 2346 quod
1212 2265 1323 2344 ubique
1345 2264 1466 2327 tandem
1488 2263 1616 2341 lactum,
1639 2270 1871 2344 praeterquam
1901 2263 1940 2325 ad
1969 2267 2065 2328 sancti

690 2361 830 2426 blacarii:
852 2382 920 2426 nam
935 2365 1075 2427 blouachi
1097 2371 1321 2426 excusaverunt
1344 2381 1378 2425 se
1393 2381 1432 2424 ex
1455 2363 1600 2442 majorum
1620 2362 1849 2441 consuetudine,
1873 2379 1953 2443 quae
1975 2364 2066 2425 talem

690 2481 799 2525 vocem
820 2479 882 2525 non
904 2463 1100 2545 agnoscebat.
1145 2462 1307 2525 Ordinatus
1332 2470 1378 2525 est
1399 2462 1532 2525 loannes
1555 2479 1603 2525 an.
1633 2462 1708 2524 Jesu
1737 2461 1848 2524 Christi
1877 2461 2064 2526 bl.CllLVll.

692 2561 767 2624 obiit
794 2561 978 2625 lilCLXVll.
1031 2562 1079 2625 Ex
1108 2563 1242 2625 secundo
1265 2562 1316 2625 illo
1340 2561 1479 2642 exemplo
1502 2567 1620 2622 constat
1649 2577 1723 2623 usus
1746 2560 1955 2624 Confessionis
1985 2562 2066 2624 illius

692 2666 805 2736 certus,
829 2659 906 2722 adeo
930 2667 962 2722 ut
984 2668 1054 2722 ante
1077 2668 1241 2723 sexcentos
1264 2677 1359 2723 anuos
1378 2661 1440 2741 jam
1462 2660 1513 2722 illa
1536 2677 1603 2722 enm
1626 2659 1750 2722 femiam
1773 2662 1955 2742 accepisset,
1976 2679 2065 2741 quam

689 2776 771 2819 nunc
792 2756 892 2821 babet.
914 2757 1003 2820 Nulla
1025 2759 1106 2820 circa
1137 2758 1272 2820 eamdem
1295 2758 1504 2822 controversia
1531 2756 1596 2837 luit,
1619 2765 1760 2839 quantum
1790 2759 1828 2821 ad
1857 2759 2066 2822 Eucharistiae

690 2855 795 2934 iidem,
823 2873 923 2937 neque
954 2857 1032 2918 enim
1061 2851 1125 2918 ulla'
1141 2873 1220 2956 ¹esse
1242 2865 1378 2937 poterat,
1406 2876 1473 2920 curn
1503 2857 1560 2920 illis
1582 2859 1615 2919 in
1636 2857 1782 2920 Ecclesiis
1811 2860 1925 2921 erroris
1953 2860 1983 2920 in
2006 2859 2065 2920 hac

690 2954 847 3037 religionis
870 2962 957 3036 parte
980 2973 1019 3017 ne
1050 2956 1153 3018 umbra
1183 2953 1302 3036 quidem
1329 2956 1430 3020 luerit.
1476 2955 1536 3028 oni
1563 2974 1638 3019 vero
1671 2975 1736 3018 eam
1767 2957 1973 3038 incorruptam
1995 2957 2065 3019 ior-

688 3054 797 3116 mulam
829 3061 889 3116 tam
918 3053 1063 3136 religiose
1094 3065 1309 3136 servaverunt,
1338 3065 1370 3117 ut
1398 3057 1451 3118 vix
1477 3055 1656 3117 Patriarchis
1686 3055 1767 3133 suis,
1803 3075 1931 3136 quorum
1964 3063 2064 3117 tamen

679 3170 801 3216 usumma
823 3155 970 3216 autoritas
991 3160 1074 3231 erat,
1104 3153 1359 3236 obtemperarent,
1383 3154 1503 3236 quando
1526 3155 1656 3216 orationi
1678 3171 1775 3234 pauca
1798 3155 1895 3218 verba
1926 3153 2064 3216 addenda

687 3253 753 3314 uisa
775 3260 855 3329 sunt,
874 3252 1012 3332 Judicare
1034 3253 1122 3315 facile
1146 3260 1194 3315 est
1214 3253 1283 3316 illos
1312 3271 1372 3315 non
1402 3253 1587 3315 admissuros
1616 3252 1710 3314 luisse
1741 3255 1905 3317 novitatem
1934 3253 2063 3333 aliquam

687 3350 770 3414 circa
794 3350 979 3414 sacramenti
1002 3350 1101 3430 iidem,
1125 3353 1151 3413 si
1175 3370 1251 3432 quae
1274 3369 1405 3432 unquam
1426 3359 1496 3412 nata
1519 3351 1598 3432 apud
1622 3368 1677 3413 eos
1700 3349 1814 3414 luisset.

388 3461 675 3531 vesp-tommosam.
776 3449 850 3514 Cum
867 3458 976 3526 autem,
992 3460 1025 3513 ut
1045 3451 1185 3532 superius
1207 3452 1377 3530 expositum
1399 3457 1456 3527 cst,
1479 3449 1559 3531 apud
1581 3451 1719 3529 antiquos
1739 3449 1957 3531 simplicissima
1972 3449 2063 3528 loret,

363 3561 420 3600 rum
433 3547 602 3606 confessione
616 3563 675 3606 aare
688 3551 853 3630 paucisque
868 3550 971 3612 verbis
989 3557 1130 3620 constans
1145 3548 1196 3610 illa
1210 3545 1387 3627 Confessio,
1404 3549 1445 3609 ita
1464 3567 1586 3629 quoque
1602 3547 1682 3628 apud
1700 3547 1806 3630 Syros,
1821 3555 1882 3610 tarn
1896 3548 2064 3632 moabitas,

363 3629 580 3693 communionem.

689 3667 776 3730 quam
789 3649 945 3712 blelchitas
958 3659 989 3712 et
1003 3649 1212 3712 Nestorianos.
1235 3649 1269 3711 ln
1285 3647 1397 3711 Codice
1412 3648 1535 3728 antiquo
1552 3646 1708 3730 Liturgiao
1729 3647 1895 3708 communis
1916 3647 2065 3726 Syrorum

687 3746 891 3809 Jacobitarum
904 3747 1079 3810 Colbertino
1097 3748 1326 3827 praescribitur,
1346 3755 1379 3809 ut
1392 3746 1543 3808 Sacerdos
1563 3764 1629 3807 cum
1650 3753 1734 3807 tenet
1747 3763 1857 3826 corpus
1875 3746 1906 3806 in
1926 3745 2063 3807 manibus

687 3845 826 3909 dicatlh
837 3867 870 3909 es
882 3845 1020 3908 Chr-istm
1026 3847 1110 3908 Deire
1119 3856 1243 3921 noster;
1258 3855 1290 3908 ta
1302 3865 1335 3906 es
1349 3847 1414 3925 ipse
1427 3846 1480 3926 qai
1492 3843 1793 3924 propellierraalcm,
1806 3845 1838 3904 ia
1850 3845 1944 3904 latera
1957 3853 2064 3906 trans-

685 3947 767 4024 fixas
784 3963 818 4006 es
834 3953 962 4024 propter
976 3964 1050 4020 nos,
1074 3945 1106 4006 in
1124 3947 1237 4006 nartiac
1259 3944 1444 4023 Golqatbaa:
1471 3950 1503 4004 tu
1522 3961 1557 4003 cs
1574 3941 1679 4022 Agnos
1694 3940 1755 4002 Dei
1771 3943 1823 4021 qui
1839 3941 1919 4002 tollis
1931 3947 2064 4022 peccota

687 4043 800 4104 mandi.
844 4042 935 4104 Extat
954 4043 1012 4106 alia
1035 4041 1185 4123 prolixior
1199 4042 1338 4124 Dionysii
1359 4040 1521 4104 Barsalibi:
1543 4041 1628 4122 cujus
1650 4040 1726 4102 baec
1742 4039 1844 4101 ultima
1865 4040 1960 4102 verba
1983 4048 2062 4102 sunt.

689 4141 771 4204 Unus
799 4150 845 4203 est
871 4142 1063 4217 Emmanuel,
1092 4161 1153 4204 non
1180 4143 1296 4205 dicimis
1321 4148 1393 4221 post
1420 4142 1559 4202 unionem
1589 4138 1824 4217 inseparabilem
1851 4139 1982 4200 duorum
2001 4157 2064 4199 na-

687 4247 834 4302 turarum.
864 4239 912 4301 lta
935 4242 1100 4317 credimus,
1122 4243 1167 4303 ito
1189 4243 1378 4320 confiteamur,
1402 4243 1448 4302 ita
1470 4242 1648 4316 asserimus,
1671 4239 1729 4300 boc
1751 4258 1818 4300 esse
1840 4257 1953 4318 comam
1974 4239 2063 4317 bajus

687 4341 846 4417 sanguinis
867 4345 897 4400 et
917 4339 996 4400 banc
1017 4359 1084 4401 esse
1105 4342 1282 4420 sanguinem
1304 4341 1395 4418 bajus
1415 4342 1564 4419 corporis.
1611 4337 1720 4400 Graeci
1744 4337 1856 4412 dicunt,
1881 4337 1980 4399 Credo
1993 4337 2062 4399 Do-

686 4438 766 4498 mine
789 4443 819 4497 ct
839 4439 984 4516 confiteor
1003 4440 1075 4518 qnia
1097 4447 1129 4500 tu
1151 4458 1184 4500 es
1207 4436 1346 4500 Cirristzm
1366 4439 1461 4499 Filius
1483 4437 1551 4513 lici,
1574 4444 1629 4498 etc.
1675 4435 1766 4516 Apud
1798 4435 1873 4499 alios
1896 4455 1981 4498 more
2004 4455 2063 4498 ve·
2118 4515 2120 4520 ,

687 4535 852 4598 tustissimo
875 4535 913 4597 ad
935 4536 1013 4598 illam
1038 4535 1267 4600 Confessioncm
1290 4536 1532 4618 significandam,
1555 4535 1650 4596 Amcm
1673 4535 1797 4610 dicitur,
1820 4553 1888 4596 curn
1911 4535 2062 4599 Sacerdos

687 4629 737 4692 vel
760 4630 912 4697 Diaconos
935 4636 1127 4699 Sacramenta
1151 4636 1340 4701 distribuunt.
1381 4636 1443 4699 Cur
1464 4634 1614 4715 prolixior
1636 4632 1716 4713 apud
1740 4632 1875 4714 Coptitas
1899 4632 1989 4696 fuerit
2011 4632 2061 4695 illa

688 4729 852 4812 confessio,
876 4736 953 4797 haec
974 4735 1095 4798 videtur
1118 4754 1209 4799 eausa
1233 4735 1336 4798 luisse.
1381 4735 1480 4797 Primo
1505 4753 1544 4796 ex
1573 4733 1694 4812 antiqua
1725 4731 1944 4809 consuetudine
1974 4740 2062 4794 uetus

687 4834 717 4889 et
739 4832 868 4912 simplex
891 4833 1018 4897 formula
1030 4834 1149 4916 Corpus
1167 4845 1303 4897 sanctam
1322 4836 1501 4914 pretiosam,
1524 4832 1589 4893 sive
1612 4819 1705 4914 ἅγιον
1718 4823 1828 4908 τίμιον
1843 4829 1961 4894 Graece
1983 4831 2062 4894 dicta

687 4939 750 4992 est:
780 4949 845 4992 cam
875 4942 908 4995 ut
937 4935 1067 5014 populus
1097 4934 1298 5016 intelligeret,
1329 4932 1455 5014 Coptica
1486 4930 1626 5012 exposita
1650 4928 1721 5008 luit,
1753 4946 1813 4991 non
1844 4929 1949 4992 iisdem
1971 4929 2062 5010 plane

688 5030 806 5106 verbis,
837 5032 892 5093 sed
921 5033 986 5094 aliis
1016 5051 1093 5114 quae
1123 5033 1231 5097 eedem
1259 5033 1440 5095 reciderent.
1485 5029 1562 5102 Ouia
1590 5045 1667 5091 uero
1691 5026 1817 5108 Coptica
1845 5030 1950 5111 lingua
1973 5037 2062 5110 post-

685 5129 809 5192 modum
831 5138 861 5192 et
883 5133 950 5214 ipsa
971 5133 1107 5217 vulgaris
1138 5151 1209 5196 esse
1232 5132 1338 5213 desiit,
1361 5130 1496 5193 Arabica
1528 5129 1650 5209 quoqu'e
1679 5127 1740 5189 dici
1770 5127 1871 5208 coepit
1900 5126 2058 5190 Confessio
