4684 6042
624 514 677 589 46
1122 511 1484 590 LITURGIA

727 699 890 795 Populus.
941 701 1062 773 Amen.

728 818 912 890 Sacerdos.
964 817 1009 889 Et
1036 815 1254 889 sanctificavit
1279 816 1380 888 illum.

729 933 891 1028 Populus.
944 933 1064 1006 Amen.

729 1049 915 1122 Sacerdos.
967 1047 1012 1122 Et
1037 1049 1139 1142 fregit
1164 1049 1265 1139 illum,
1293 1059 1327 1120 et
1353 1045 1441 1120 dedit
1467 1045 1556 1119 illum
1584 1050 1654 1121 suis
1678 1045 1846 1142 discipulis
1863 1053 2000 1140 sanctis,

625 1177 660 1238 ει
684 1166 859 1263 Apostolis
892 1169 984 1262 puris
1019 1166 1150 1238 dicens:
1185 1165 1356 1261 Accipite,
1388 1162 1583 1234 manducate
1619 1185 1665 1234 ex
1699 1185 1742 1235 eo
1778 1185 1844 1236 vos
1872 1187 2002 1254 omues,

625 1281 701 1354 Hoc
728 1293 781 1354 cst
807 1303 929 1376 corpus
956 1304 1066 1354 meum
1092 1279 1181 1375 quod
1215 1302 1277 1375 pro
1311 1278 1411 1352 vobis
1438 1278 1612 1371 frangitur,
1640 1289 1673 1350 et
1699 1301 1760 1374 pro
1786 1279 1895 1352 multis
1924 1291 2000 1352 tra-

626 1396 782 1471 daturin
808 1400 1037 1472 remissionem
1064 1406 1297 1494 peccatorum3
1330 1393 1396 1468 hoc
1428 1392 1528 1467 facite
1555 1396 1589 1466 iu
1614 1418 1724 1467 meam
1751 1417 2000 1468 commemora-

624 1517 759 1587 tionem.

728 1629 890 1724 Populos.
944 1629 1063 1701 Amen.

730 1744 913 1816 Sacerdos.
967 1744 1124 1817 Similiter
1158 1755 1191 1816 ει
1224 1744 1360 1818 calicem
1395 1753 1473 1842 post
1504 1766 1663 1834 coenam,
1696 1745 1827 1816 miscuit
1860 1745 1940 1815 vino
1967 1754 2003 1815 et

625 1885 725 1956 aqua:
753 1871 787 1932 ει
812 1864 939 1954 gratias
967 1863 1046 1952 egit.

728 1976 889 2070 Populos.
929 1977 1049 2048 Amen.

728 2093 911 2166 Sacerdos.
963 2092 1008 2164 Et
1032 2093 1206 2166 benedixit
1232 2116 1317 2166 eum.

728 2210 890 2304 Populus.
929 2208 1051 2280 Amen.

726 2325 912 2397 Sacerdos.
965 2324 1009 2396 Et
1036 2325 1253 2398 sanctificavit
1279 2348 1363 2398 eum.

728 2442 889 2536 Populos.
936 2441 1057 2513 Amen.

730 2557 914 2629 Sacerdos.
967 2556 1011 2628 Et
1043 2560 1211 2649 gustavit,
1247 2557 1401 2652 deditque
1435 2580 1511 2629 eum
1537 2560 1624 2650 suis,
1650 2557 1846 2655 praeclaris,
1873 2565 1997 2634 sanctis

626 2673 813 2769 discipulis,
850 2683 884 2745 et
912 2671 1084 2770 Apostolis
1119 2673 1250 2746 dicens:
1286 2674 1461 2770 Accipite,
1495 2673 1598 2746 bibite
1626 2698 1671 2747 ex
1698 2697 1741 2746 eo
1769 2695 1835 2746 uros
1862 2698 1998 2750 omncs:

623 2787 687 2860 Hic
714 2799 765 2862 est
792 2793 929 2882 sanguis
962 2811 1056 2862 meus
1091 2793 1172 2861 novi
1207 2795 1411 2881 testamenti,
1451 2793 1505 2885 qui
1537 2813 1601 2886 pro
1636 2789 1736 2863 vohis
1763 2789 1937 2864 effunditur
1964 2804 1999 2866 et

622 2928 685 3000 pro
713 2906 822 2977 multis
850 2904 979 2977 dabitur
1004 2909 1036 2976 iu
1063 2909 1295 2979 remissionem
1320 2917 1548 3003 peccatorum:
1587 2906 1664 2979 Hoc
1695 2905 1797 2978 facite
1828 2909 1861 2979 in
1888 2931 1997 2981 meam

625 3026 985 3095 commemorationem.

729 3138 890 3232 Populos.
930 3141 1050 3213 Amen.

725 3254 909 3326 Sacerdos.
951 3254 1235 3350 Quotiescumque
1267 3259 1355 3326 enim
1385 3254 1624 3328 manducabitis
1659 3278 1707 3326 cx
1733 3256 1799 3328 hoc
1824 3278 1930 3351 pane,
1958 3264 1992 3327 ει

620 3369 742 3443 bibetis
769 3395 814 3443 ex
841 3370 906 3444 hoc
932 3371 1050 3461 culice,
1078 3375 1275 3444 annunciate
1306 3380 1447 3443 mortem
1473 3395 1600 3462 meam,
1636 3383 1670 3443 ει
1703 3371 1901 3444 confitemini
1927 3396 1990 3444 re-

622 3491 863 3561 surrectionem
890 3511 1012 3579 mesm,
1040 3499 1074 3560 et
1100 3491 1294 3560 memoriam
1319 3491 1385 3560 mei
1412 3491 1513 3580 agite,
1541 3488 1648 3560 donec
1674 3492 1818 3560 veniam.

724 3604 885 3699 Populos.
926 3604 1071 3676 Mortem
1097 3613 1187 3677 tuam
1213 3608 1461 3696 annunciamus,
1487 3605 1640 3677 Domine.

725 3721 908 3794 Sacerdos.
955 3720 1071 3810 Nunc,
1102 3722 1195 3795 Deus
1227 3722 1329 3793 Pater
1363 3723 1592 3816 omnipotens,
1623 3724 1860 3794 annunciamus
1894 3745 1991 3794 mor-

621 3849 689 3910 tem
725 3841 886 3930 unigeniti
919 3837 996 3908 Filii
1035 3841 1082 3908 tui
1120 3836 1274 3926 Domini,
1316 3837 1397 3926 Dei,
1436 3836 1643 3928 Salvatoris,
1682 3848 1715 3910 ει
1754 3842 1847 3931 regis
1885 3842 1990 3912 nostri

622 3956 765 4026 omnium
792 3955 876 4026 Jcsu
898 3952 1041 4028 Christi:
1080 3964 1114 4026 et
1146 3954 1340 4027 conlioemur
1368 3956 1647 4026 resurrectionem
1670 3956 1742 4046 ejus
1768 3963 1926 4046 sanctam,
1959 3966 1993 4028 et

569 4089 572 4100 ·
622 4073 853 4144 ascensionem
882 4073 954 4162 ejus
981 4092 1112 4144 sursum
1137 4075 1171 4142 in
1197 4070 1327 4160 coelos,
1354 4075 1607 4166 sessionemque
1643 4073 1715 4162 ejus
1748 4071 1790 4142 ad
1818 4071 1990 4142 dexteram

621 4197 722 4276 tuam,
751 4211 771 4260 o
799 4187 911 4276 Pater,
938 4195 972 4258 at
1007 4197 1242 4283 exspectamus
1270 4187 1448 4260 adveutum
1479 4189 1550 4280 ejus
1585 4184 1777 4277 secundum,
1806 4210 1871 4282 quo
1898 4209 1990 4259 ven-

620 4315 712 4377 turus
740 4312 792 4376 cst
818 4326 864 4374 ex
890 4302 1006 4395 coelis,
1033 4303 1214 4375 terribilem
1241 4313 1275 4375 et
1300 4303 1408 4396 gloria
1442 4304 1588 4399 plenum,
1618 4305 1650 4374 in
1684 4303 1750 4376 fine
1776 4301 1872 4394 hujus
1905 4325 1989 4376 sae-

621 4419 701 4491 culi:
728 4424 762 4491 in
789 4443 854 4515 quo
881 4423 995 4492 vemet
1021 4419 1063 4492 ad
1086 4419 1299 4512 judicandum
1325 4421 1440 4495 orbem
1467 4422 1705 4516 inaequitate:
1732 4429 1767 4492 ει
1793 4419 1884 4492 dabit
1909 4424 1989 4492 uni-

621 4540 740 4631 cuique
767 4536 949 4609 secundum
975 4559 1080 4632 opera
1107 4559 1167 4610 sua
1194 4541 1269 4610 sive
1294 4537 1430 4629 bonum,
1457 4539 1530 4610 sive
1556 4535 1686 4606 malum.

723 4652 885 4746 Populos.
925 4652 1114 4724 Secundum
1149 4654 1411 4727 misericordium
1448 4664 1554 4744 tuam,
1580 4654 1740 4743 Domine,
1768 4662 1802 4724 et
1827 4672 1895 4722 uun
1922 4671 1986 4721 se-

621 4766 762 4840 cundum
787 4776 926 4864 peccata
953 4779 1078 4840 nostra.

726 4883 910 4956 Sacerdos.
950 4884 1002 4957 l’u
1034 4907 1072 4956 es
1099 4909 1213 4960 eoram
1250 4889 1343 4978 cujus
1375 4886 1483 4978 gloria
1515 4887 1598 4958 haec
1633 4895 1749 4958 sancta
1781 4883 1869 4958 dona
1902 4903 1988 4979 pro-

620 5003 784 5094 ponimus,
812 5023 858 5072 ex
883 5000 945 5072 illis
973 5000 1058 5096 quie
1086 5012 1139 5074 tuna
1168 5013 1253 5095 suut,
1279 5001 1379 5075 Pater
1406 5013 1533 5077 sancte.
