4670 6046
601 457 1074 540 lNLITURGlAMCOPTlCAld
1094 456 1324 536 suntoculi
1577 453 1651 527 291

280 737 439 828 Pacifico
476 695 540 806 nos
571 734 735 820 Domine,
767 735 856 804 sicut
887 733 1114 823 sanctificosti
1149 730 1212 802 bos
1248 729 1445 800 Oblationes
1476 733 1511 798 el
1539 728 1657 820 fecisti

688 871 749 920 eos
774 845 961 920 invisibiles
986 868 1033 916 ec
1058 844 1254 917 visibilibus.

385 1057 443 1138 Suc
464 1087 563 1150 prope
585 1068 623 1131 ad
645 1067 771 1131 verbum
794 1074 894 1130 textus
918 1064 1073 1146 Cepheus,
1096 1066 1136 1126 ita
1160 1073 1193 1126 ut
1216 1064 1367 1126 distinctio
1397 1062 1437 1124 sit
1465 1062 1544 1124 inter
1565 1062 1655 1142 puri-

281 1175 468 1247 ficationem,
492 1186 580 1250 quam
603 1175 671 1229 orat
699 1167 849 1231 Sacerdos
877 1163 1011 1226 conlerri
1033 1182 1050 1226 a
1073 1163 1140 1225 Deo
1171 1163 1228 1226 sibi
1262 1171 1292 1224 et
1315 1160 1593 1239 circumstantibus,
1625 1169 1655 1223 et

283 1271 549 1337 sanctificationem
579 1267 804 1329 elementorum.
846 1263 880 1324 ln
910 1263 1007 1344 prima
1037 1261 1234 1346 significanda
1264 1261 1422 1324 adhibetur
1443 1278 1505 1323 vox
1538 1261 1656 1340 τουβο,

284 1390 372 1454 quam
383 1366 502 1432 Arabes
524 1383 584 1447 per
605 1384 672 1428 eam
695 1366 866 1445 exprimunt
888 1381 966 1444 quae
988 1363 1111 1443 proprie
1134 1363 1357 1423 mundationem
1370 1367 1399 1422 et
1414 1361 1658 1440 purificationem

283 1469 450 1555 significat,
473 1463 633 1545 aliquando
656 1464 745 1525 etiam
767 1463 1051 1542 sanctificationem:
1074 1461 1198 1523 alteram
1221 1460 1351 1522 reddunt
1367 1461 1431 1540 ipsa
1447 1476 1525 1521 voce
1540 1455 1657 1520 Graeca

282 1558 447 1654 ἆγιᾶζειν,
478 1581 555 1644 quae
579 1564 711 1624 occurrit
733 1563 764 1624 in
793 1561 912 1624 Graeco
935 1560 1055 1639 codice,
1078 1567 1211 1640 utroque
1234 1560 1265 1620 io
1294 1559 1373 1622 loco.
1418 1557 1518 1620 Arabs
1547 1554 1656 1618 Graeci

285 1665 406 1734 Codicis
428 1665 581 1742 interpres
605 1661 712 1724 eadem
737 1677 825 1739 voce,
849 1679 927 1741 quae
948 1655 995 1741 τῷ
1017 1649 1134 1742 byluoo
1147 1660 1272 1740 proprie
1295 1657 1476 1738 respondet,
1498 1673 1570 1719 usus
1594 1664 1657 1717 est:

284 1767 332 1831 alii
354 1765 504 1828 diversam
526 1759 735 1822 adhibuerunt.
780 1760 823 1822 lta
847 1758 1077 1836 distinctionem,
1100 1777 1160 1821 non
1185 1758 1305 1838 quidem
1330 1757 1420 1837 plene
1440 1754 1656 1832 necessariam,

285 1865 503 1930 constituerunt
528 1860 606 1921 iuter
628 1857 894 1920 sanctificationem
917 1859 1160 1938 suscipientium,
1191 1865 1222 1920 et
1249 1858 1397 1920 donorum
1426 1856 1658 1938 propositorum.

284 1965 359 2026 Nam
382 1961 500 2024 cavisse
523 1957 663 2020 videntur
686 1956 921 2037 quodammodo,
952 1975 991 2020 nc
1014 1959 1197 2038 comparatio
1220 1973 1280 2019 non
1311 1957 1383 2020 satis
1413 1954 1580 2035 adaequate
1610 1954 1660 2015 in-

285 2061 486 2143 telligeretur,
509 2074 575 2118 cum
591 2057 842 2119 sanctificationes
866 2056 978 2120 diversi
1000 2058 1121 2119 omnino
1141 2057 1265 2137 generis
1289 2057 1360 2118 sint:
1384 2054 1472 2118 aliter
1485 2052 1565 2116 euim
1586 2070 1662 2114 san-

286 2157 453 2221 ctificantur
482 2155 632 2232 homines,
668 2155 756 2217 aliter
790 2155 869 2218 dona
904 2156 1071 2237 proposita.
1135 2155 1195 2220 Sed
1224 2154 1394 2217 intellectus
1423 2151 1659 2233 simplicissimus

288 2265 350 2336 est,
374 2263 407 2317 ut
429 2253 622 2318 sanctificasti
645 2254 723 2316 dona
745 2255 919 2335 proposita,
943 2254 1089 2336 singulari
1110 2253 1225 2316 scilicet
1247 2255 1363 2317 ratione
1388 2270 1476 2334 quam
1504 2251 1661 2332 subjuncta

287 2355 381 2418 verba
404 2353 573 2434 explicant,
595 2353 636 2414 ita
659 2351 697 2414 ud
720 2352 911 2433 suscipienda
933 2353 983 2416 illa
1006 2354 1097 2436 digne
1121 2352 1306 2415 Christianos
1329 2351 1509 2414 sanctifices.

372 2451 529 2526 Quomodo
552 2458 651 2513 autem
672 2450 905 2514 sanctificaverit
926 2453 1008 2515 Deus
1031 2450 1109 2514 dona
1133 2454 1290 2532 proposita
1312 2469 1384 2514 mox
1411 2449 1589 2530 exponitur,
1613 2446 1663 2509 ia-

291 2552 398 2616 ciendo
421 2551 536 2614 scilicet
559 2568 594 2612 ea
617 2551 783 2612 inuisibilia
805 2571 846 2612 eu
866 2551 1052 2613 visibilibus:
1075 2538 1205 2636 α’όρατα
1218 2544 1255 2612 ἐκ
1273 2547 1338 2612 τῶν
1360 2539 1500 2635 ὁρατῶν,
1523 2555 1556 2609 ut
1573 2547 1665 2608 habet

291 2649 398 2714 Codex
420 2648 565 2712 Graecus.
609 2649 757 2711 blaronita
779 2667 885 2730 parum
906 2657 1006 2729 reete,
1031 2657 1060 2711 et
1079 2649 1184 2729 fecisti
1204 2651 1274 2711 illos
1294 2669 1356 2712 non
1377 2648 1587 2721 udmnbrotus,
1609 2643 1670 2728 sed!

288 2750 433 2832 φιίιίφιίά
454 2755 583 2828 apparet
604 2755 652 2810 est
670 2750 845 2831 mysterium
867 2755 949 2810 mum
971 2749 1142 2827 spirituale,
1173 2747 1256 2812 nullo
1283 2755 1393 2827 sensu,
1417 2754 1448 2809 et
1470 2754 1575 2809 contra
1599 2741 1665 2805 Co-

289 2851 377 2932 ptici,
407 2847 667 2928 Ambicurumque
699 2845 843 2910 Codicum
873 2847 971 2912 fidem.
1023 2845 1177 2910 Sententia
1206 2848 1282 2910 haec
1310 2856 1372 2910 est:
1405 2848 1462 2909 bus
1490 2845 1666 2908 Oblationes

287 2949 391 3028 [scisti
411 2967 452 3009 eu
472 2948 513 3008 iis
533 2965 611 3027 pavos
639 2946 835 3023 uidebantur,
865 2965 932 3008 esse
960 2947 1046 3008 aliud
1071 2949 1159 3029 puisi,
1188 2949 1270 3030 quod
1297 2965 1358 3010 vion
1386 2947 1522 3008 uideam:
1556 2960 1664 3022 nempe

291 3054 377 3112 erant
399 3045 484 3127 panis
508 3052 539 3107 et
560 3045 677 3124 vinum,
707 3043 806 3107 iecisti
836 3063 888 3108 eas
911 3063 982 3108 esse
1011 3063 1123 3127 corpus
1152 3055 1183 3110 et
1212 3049 1389 3130 sanguinem
1418 3043 1539 3109 Christi.
1584 3042 1665 3105 Ante

291 3145 556 3210 sanctificationem
585 3162 641 3206 seu
674 3145 949 3224 consecrationem,
980 3153 1082 3224 erant,
1109 3155 1140 3208 et
1169 3146 1348 3230 videbantur
1377 3147 1463 3227 panis
1493 3151 1524 3206 et
1549 3144 1665 3216 vinum3

291 3253 360 3328 post
382 3244 649 3307 sanctificationem
671 3250 741 3305 sunt
763 3261 874 3324 corpus
897 3251 928 3306 et
950 3245 1090 3326 sanguis,
1115 3262 1193 3325 quae
1216 3263 1277 3308 non
1305 3245 1454 3309 videntur.
1499 3243 1587 3305 Nulla
1617 3242 1666 3303 hic

292 3345 479 3428 ambiguitas,
502 3360 637 3424 veraque
660 3344 867 3404 transmutatio
889 3344 919 3403 in
941 3343 1006 3404 istis
1033 3340 1136 3404 verbis
1166 3345 1353 3427 agnoscitur,
1376 3343 1468 3426 longe
1492 3342 1605 3405 distaru
1629 3339 1666 3402 ab

227 3489 234 3498 .
292 3461 328 3506 ea
351 3461 439 3524 quarn
461 3441 557 3504 solam
579 3441 734 3504 veteribus
758 3449 789 3503 et
811 3441 884 3522 ipsis
908 3440 1036 3522 Coptitis
1059 3441 1204 3504 creditam
1219 3441 1330 3522 luisse,
1353 3451 1412 3506 tarn
1427 3443 1571 3505 audacter
1584 3439 1666 3504 alllr-

291 3542 392 3604 mabat
414 3540 585 3604 Salmasius.
629 3538 657 3601 ls
681 3557 755 3602 vero
777 3539 804 3602 si
825 3539 903 3600 bona
928 3538 987 3602 lide
1004 3539 1130 3622 egisset,
1156 3558 1223 3604 cum
1245 3543 1354 3626 nugaci
1377 3550 1409 3605 et
1424 3539 1553 3604 absurda
1569 3541 1666 3602 inter-

292 3641 462 3723 pretatione
485 3639 710 3701 devocationem
732 3639 860 3719 Spiritus
884 3639 994 3717 suncti,
1017 3639 1105 3722 hujus
1126 3640 1281 3723 Littugiae
1304 3643 1508 3704 contaminare
1538 3648 1667 3722 satege-

292 3739 362 3816 bat,
384 3755 560 3818 comparare
582 3737 660 3800 hanc
682 3739 849 3800 orationem
871 3754 938 3799 curn
961 3739 1034 3816 ista,
1058 3747 1089 3801 et
1111 3759 1178 3802 cum
1192 3748 1320 3820 utraque
1337 3757 1420 3802 suam
1433 3740 1665 3822 explicationem

294 3837 450 3901 debuerat.
487 3837 520 3898 ln
543 3839 601 3899 ista
623 3837 820 3899 sanctificatio
844 3834 1093 3926 Christianorum,
1117 3846 1147 3900 et
1170 3840 1263 3919 ipsius
1288 3839 1462 3904 Sacerdotis
1485 3840 1667 3921 postulatur,

293 3944 327 3999 ut
348 3939 378 3999 in
400 3936 495 4016 prima
519 3933 666 3998 adventus
697 3934 824 4015 Spiritus
853 3937 967 4012 saneti,
996 3955 1091 4018 super
1120 3956 1174 4000 eos
1205 3946 1236 4000 et
1266 3956 1360 4019 super
1387 3938 1464 4002 dona
1495 3942 1666 4022 proposita:

293 4053 403 4116 nempe
426 4037 466 4097 ait
488 4033 666 4111 Salmasius,
690 4042 723 4096 ut
745 4033 968 4097 sanctificemur
991 4043 1022 4099 et
1045 4043 1254 4100 convertamus
1277 4036 1332 4098 has
1346 4037 1521 4102 Oblationes
1544 4042 1574 4101 iu
1593 4057 1668 4102 cor-

294 4152 351 4215 pus
375 4141 405 4196 et
427 4134 604 4217 sanguinem
628 4132 755 4197 Christi:
779 4135 934 4215 quamvis,
957 4143 990 4196 ut
1013 4153 1105 4216 supra
1129 4136 1377 4214 observavimus,
1405 4138 1479 4200 nihil
1501 4138 1597 4201 simile
1618 4139 1668 4200 le-

294 4239 384 4314 gatur
410 4233 441 4294 in
471 4239 557 4295 textu
587 4230 713 4312 Coptica
743 4240 774 4295 et
806 4234 947 4295 Arabico.
990 4235 1022 4296 ln
1050 4237 1108 4297 ista
1136 4237 1273 4298 oratione
1297 4254 1375 4316 quse
1396 4254 1458 4299 non
1481 4237 1575 4318 longo
1599 4245 1668 4317 post

294 4332 420 4413 primam
447 4329 606 4393 intervallo
636 4332 788 4412 sequitur,
817 4333 906 4412 plena
936 4334 1085 4413 paradoxi
1114 4333 1290 4397 Salmasiani
1323 4335 1462 4398 refutatio
1493 4344 1548 4398 est.
1593 4336 1668 4399 Orat

295 4431 372 4494 enim
396 4429 546 4493 Sacerdos
568 4429 686 4507 Deum,
715 4439 748 4494 ut
770 4450 804 4494 se
833 4439 863 4493 et
886 4433 1115 4496 circumstantes
1138 4433 1319 4512 sanctificet,
1346 4453 1408 4498 non
1430 4442 1463 4498 ut
1490 4443 1669 4500 convertant

294 4546 351 4609 per
373 4531 611 4592 communionem
634 4528 782 4595 elementa
804 4531 834 4592 in
857 4548 971 4611 corpus
994 4540 1024 4594 et
1046 4535 1241 4615 sanguinem,
1265 4535 1506 4616 quandoquidem
1529 4538 1669 4619 agnoscit

294 4628 556 4690 consecrationem
574 4630 636 4710 jam
659 4629 783 4710 facum,
815 4649 880 4693 cum
902 4631 987 4694 Deus
1014 4630 1065 4695 illa
1095 4633 1202 4696 lecerit
1232 4632 1391 4696 invisibilia
1420 4653 1460 4696 ex
1487 4635 1653 4698 visibilibus
1660 4655 1670 4708 ;

295 4733 418 4808 totaque
442 4726 605 4790 verborum
627 4729 725 4791 series
748 4729 904 4810 ostendat,
938 4750 993 4795 eos
1016 4735 1067 4815 qui
1088 4731 1139 4796 illa
1168 4733 1385 4814 pronunciant,
1416 4751 1527 4815 corpus
1558 4733 1670 4797 Christi

294 4841 442 4906 praeseus
465 4827 496 4889 in
518 4827 605 4888 altari
627 4845 713 4906 esse,
737 4829 876 4892 credere.
920 4831 1015 4895 Porro
1037 4850 1115 4913 quae
1137 4833 1175 4894 de
1190 4831 1336 4896 Salmasio
1349 4833 1477 4897 dixiums
1498 4832 1535 4895 ad
1553 4833 1668 4895 Albur-

296 4924 404 5002 tinum,
435 4924 472 4987 ad
503 4925 677 5003 Claudium,
709 4926 745 4989 ad
775 4927 940 5009 discipulos
970 4949 1075 4994 eorum
1105 4949 1167 4994 non
1197 4933 1293 4996 minus
1315 4934 1486 5014 pertinent,
1520 4934 1570 5014 qui
1603 4948 1670 4992 cum

334 5061 422 5103 Tantus
434 5061 451 5104 l.
1413 5051 1462 5126 53

1702 791 1737 846 lb.
1756 794 1772 846 l·
1790 792 1835 846 28.
