4684 6042
747 615 956 694 OllthbllllS
982 618 1029 693 ΕΤ
1055 613 1359 692 subnotationes,

717 889 939 963 Comecratio
966 889 1103 962 tabulae
1128 893 1167 958 at
1192 888 1304 960 altare
1328 889 1400 981 fiat.

611 1061 804 1155 hlpiacopoa
829 1062 920 1134 dicet
942 1065 1038 1156 [acie
1065 1059 1111 1132 ad
1136 1061 1305 1131 Orientem
1331 1081 1506 1130 conversa.

474 1266 689 1354 Dominator‚
721 1266 885 1353 Domine,
920 1265 1012 1337 Deus
1039 1237 1279 1359 omnipotens(
1299 1262 1353 1355 qui
1387 1259 1508 1332 creasti
1541 1258 1672 1332 coelum
1708 1271 1741 1332 et

371 1392 495 1454 terram
533 1379 640 1452 verbo
677 1391 711 1452 et
735 1383 875 1476 imperio
911 1389 966 1451 tuo
1003 1390 1037 1451 et
1063 1403 1137 1452 eam
1171 1377 1343 1473 replevisti
1376 1375 1500 1472 Spiritu
1526 1385 1643 1450 sancto
1671 1386 1740 1464 tuo,

372 1501 560 1592 creastique
587 1496 741 1589 Angelos
769 1504 802 1568 ct
827 1493 1081 1588 Archangelos‚
1108 1492 1288 1568 Cherubim
1314 1501 1349 1563 et
1366 1491 1540 1589 Seraphim
1557 1501 1591 1564 et
1607 1515 1740 1565 omnem

373 1617 557 1686 exercitum
584 1612 783 1702 coelestem,
821 1614 925 1684 maria
952 1622 986 1683 et
1011 1610 1142 1684 flumina
1175 1622 1209 1682 et
1239 1611 1347 1683 omnia
1383 1631 1469 1703 quae
1508 1612 1543 1681 in
1576 1611 1626 1682 eis
1653 1618 1737 1682 sunt.

373 1729 519 1804 Petimus
541 1751 775 1824 ,rogamusque
802 1751 821 1800 a
846 1725 993 1800 bonitate
1019 1739 1095 1818 tua,
1123 1749 1143 1801 o
1171 1724 1488 1808 amatorhominum,
1516 1723 1740 1816 exaudinos,

374 1844 519 1919 extende
546 1866 677 1918 manum
704 1854 793 1917 tuam
824 1844 1040 1934 invisibilem,
1074 1855 1107 1916 ct
1139 1842 1279 1917 benedic
1313 1841 1389 1914 huic
1423 1839 1556 1914 tabulae
1590 1840 1736 1934 ligneae,

372 1953 490 2036 utliat
516 1961 619 2034 altare
646 1970 795 2036 sanctum
823 1971 856 2033 ct
881 1985 996 2035 mensa
1023 1971 1155 2049 sancta,
1187 1981 1251 2054 pro
1279 1957 1375 2052 altari
1400 1955 1538 2030 excelso
1575 1965 1609 2029 et
1635 1979 1655 2030 e
1680 1957 1738 2030 la-

373 2077 451 2175 pide
477 2087 678 2152 constructo.
732 2075 783 2148 Tu
805 2079 934 2169 jussisti
960 2099 1062 2150 servo
1089 2086 1145 2148 tuo
1171 2075 1298 2171 Moysi,
1323 2084 1359 2145 ut
1380 2071 1602 2146 sanctificaret
1620 2073 1739 2146 taber-

373 2193 526 2266 naculum
553 2203 719 2284 sanctum,
746 2203 780 2265 et
806 2196 917 2267 omnia
933 2217 1019 2289 quae
1044 2197 1079 2265 in
1106 2183 1147 2265 eo
1174 2201 1285 2264 erant:
1313 2199 1347 2262 et
1371 2193 1444 2286 ipsc
1465 2186 1638 2261 benedixit
1662 2188 1739 2278 illis,

370 2313 468 2402 juxta
493 2309 680 2382 mandatum
706 2319 796 2382 tuum
824 2310 866 2382 ad
885 2333 933 2383 se.
986 2309 1030 2382 m
1044 2331 1111 2402 ego
1127 2329 1245 2382 servus
1264 2316 1339 2381 tuus
1358 2328 1472 2378 coram
1490 2313 1523 2376 te
1540 2307 1739 2392 consistens,

374 2446 461 2518 rogo
488 2436 543 2516 te,
568 2435 604 2498 ut
630 2425 791 2500 exaudias
818 2449 872 2499 me
898 2427 1015 2518 vilem,
1040 2447 1242 2522 pauperem,
1270 2435 1304 2496 et
1329 2423 1496 2514 indignum
1524 2422 1579 2517 qui
1611 2431 1645 2491 tc
1675 2444 1739 2494 ro·

374 2563 465 2635 gem,
492 2563 512 2613 o
540 2550 668 2612 amator
686 2541 852 2613 hominum
866 2539 968 2631 bone,
993 2552 1131 2638 propter
1145 2541 1259 2613 lesum
1282 2537 1447 2612 Christum
1469 2537 1645 2609 Dominum
1669 2561 1739 2610 no-
1864 2575 1867 2586 ·

375 2666 496 2746 suarm,
523 2664 557 2728 et
570 2655 725 2752 Spiritum
753 2667 916 2730 sanctum:
944 2656 1085 2730 benedic
1102 2659 1156 2729 isti
1182 2678 1336 2748 mensae,
1362 2665 1399 2727 ut
1424 2659 1458 2727 in
1485 2678 1526 2727 ea
1548 2655 1740 2727 sanctillce-

373 2783 427 2844 tur
453 2770 608 2868 quidquid
635 2793 736 2868 super
761 2776 865 2869 ipsam
894 2777 1034 2868 positum
1061 2773 1175 2865 luerit,
1202 2782 1236 2844 et
1261 2776 1370 2844 omnia
1396 2770 1510 2844 altaris
1526 2773 1741 2844 instrumenta

374 2911 437 2985 per
463 2892 604 2982 gratiam
630 2899 665 2961 et
690 2889 949 2962 misericordiam
977 2899 1040 2961 etc.

492 3023 583 3094 Toac
620 3026 770 3116 accipiet
803 3023 958 3096 Chriama
988 3030 1140 3096 coactam
1180 3030 1214 3094 et
1250 3045 1295 3094 er:
1330 3045 1371 3093 eo
1407 3019 1556 3113 signabit
1593 3019 1742 3091 tabidam

375 3144 413 3211 ia
453 3139 584 3210 modam
617 3137 736 3210 Gracia
773 3143 810 3210 ia
845 3147 990 3235 quatuor
1022 3143 1129 3234 ipsios
1160 3137 1324 3210 lateribus
1358 3139 1484 3210 diceas.
1540 3137 1739 3210 Benedictus

375 3255 554 3344 Dominae,
581 3256 681 3328 Jesus
709 3253 878 3347 Christus,
904 3257 1008 3330 Filius
1034 3257 1099 3328 Dei
1126 3259 1244 3347 sancti,
1272 3265 1306 3327 et
1324 3254 1465 3350 Spiritus
1492 3263 1637 3344 sanctus,
1662 3257 1743 3324 uai-

376 3393 437 3444 cus
464 3381 498 3443 et
523 3371 685 3444 vivificus.
737 3372 857 3446 Amen.

379 3522 500 3593 Oratio
526 3522 709 3615 singularia
729 3545 798 3615 pro
825 3522 943 3609 altari,
975 3545 1048 3592 acm
1073 3521 1225 3594 manibus
1250 3523 1500 3593 haereticoram
1526 3527 1743 3593 attrectatum

427 3640 535 3733 suerit
562 3643 793 3733 mpiaacatmpae
817 3642 968 3730 pemeria,
996 3643 1056 3708 cat
1081 3641 1185 3710 maria
1210 3639 1265 3710 cel
1290 3637 1432 3710 alteriue
1457 3638 1613 3710 animalia
1644 3644 1739 3710 ater-

431 3775 513 3824 core
535 3757 645 3847 faerit
670 3757 887 3848 inquinatam.
939 3753 1089 3824 Primam
1115 3777 1207 3848 apra
1233 3752 1407 3842 oblector,
1440 3760 1507 3825 tom
1537 3752 1741 3826 recitabam-

430 3875 485 3940 tar
506 3893 646 3963 precer,
673 3868 890 3965 adolebitque
904 3870 1096 3964 hlpiacopaa
1109 3875 1280 3942 incensam
1294 3877 1328 3941 et
1339 3870 1431 3940 dicet
1443 3870 1531 3941 hanc
1542 3873 1740 3942 orationem.

428 4095 432 4102 ,
480 4018 676 4091 Dominator
702 4021 863 4110 omnium,
890 4042 975 4114 qrrae
1003 4025 1134 4094 suntin
1167 4043 1280 4094 rerum
1313 4031 1451 4113 natura,
1485 4022 1626 4092 omnium
1660 4022 1742 4092 exi·

378 4138 530 4208 stantium
561 4139 741 4226 institutor,
768 4135 986 4231 conditorque
1012 4140 1156 4212 amrium
1186 4148 1429 4228 creaturarum,
1454 4135 1741 4210 benedictionibus

378 4273 494 4323 omnes
520 4250 670 4323 homines
697 4251 866 4324 cumulans
894 4255 1176 4350 omnitempore,
1202 4265 1340 4351 propter
1356 4253 1567 4328 Salvatorem
1580 4263 1741 4343 nostrum,

378 4375 412 4439 et
437 4367 525 4440 bana
552 4368 700 4442 tribuens
726 4366 868 4440 humano
895 4373 1028 4462 generi:
1057 4374 1112 4465 qui
1137 4370 1283 4444 fundasti
1314 4382 1437 4443 terram
1472 4393 1572 4466 super
1607 4369 1741 4444 stabili-

378 4493 477 4555 tatem
504 4505 609 4572 suam,
637 4488 692 4579 qui
716 4483 800 4556 iacis
826 4484 989 4558 mirabilia
1016 4489 1118 4562 solus.
1170 4487 1222 4560 'l'u
1249 4490 1390 4560 Domhre
1417 4490 1450 4558 in
1480 4489 1570 4560 omni
1600 4485 1677 4558 loco
1711 4495 1744 4557 et

377 4604 412 4671 in
439 4603 527 4673 omni
554 4603 689 4673 civitate
717 4611 750 4673 et
775 4604 810 4673 in
836 4606 924 4674 omni
950 4606 1089 4696 regione
1117 4603 1234 4676 dedisti
1261 4607 1310 4677 cis
1334 4603 1526 4694 Ecclesias‚
1553 4612 1586 4674 et
1612 4604 1744 4674 consti-

379 4719 468 4790 tuisti
494 4719 527 4787 in
554 4717 617 4790 illis
645 4718 748 4790 altare
785 4728 819 4789 et
843 4723 1044 4816 praecepisti
1071 4731 1106 4793 ut
1139 4721 1335 4793 ollerrentur
1368 4723 1492 4792 nonani
1532 4730 1588 4791 tuo
1624 4727 1742 4791 sancto

380 4831 567 4906 oblationes
596 4835 781 4929 spirituales
808 4843 842 4907 et
867 4838 1030 4910 sacrificia
1058 4839 1240 4928 incruenta,
1269 4836 1310 4909 ad
1324 4837 1463 4911 salutem
1483 4839 1662 4907 animarum
1675 4833 1742 4906 hu-

378 4971 559 5022 manarum.

483 5085 588 5156 Dicet
613 5084 801 5158 Diaconos.
855 5085 967 5159 Orate.

418 5223 504 5271 ¹l'onms
517 5227 533 5270 l·
