4670 6046
728 617 769 695 IN
782 617 989 694 LITURGIAM
1006 614 1186 694 GRAECAM
1203 616 1233 694 S.
1248 615 1393 694 busitu.
1677 616 1751 689 323

387 797 530 865 accurate
562 803 765 883 scripserunt,
788 819 856 864 curn
879 801 1096 864 caeremoniam
1125 799 1204 862 illam
1231 808 1414 882 quaererent
1444 804 1475 863 in
1505 800 1573 863 loco
1601 817 1662 864 non
1685 819 1752 878 suo,

386 919 494 984 nempe
517 903 617 964 statim
640 909 730 984 atque
752 901 949 984 pronunciata
972 908 1041 964 sunt
1061 899 1156 962 verba
1179 899 1300 963 Christi.
1350 899 1454 962 Totius
1484 900 1596 980 quippe
1620 898 1752 961 Orientis

387 999 548 1064 Christiani
571 1001 757 1065 consuetudo
779 1001 856 1080 lert,
886 1008 919 1063 ut
947 1018 1007 1064 non
1030 1001 1113 1080 prius
1140 998 1277 1063 elevetur
1304 998 1545 1077 Sacramentum,
1579 1003 1609 1060 et
1638 997 1751 1080 populo

387 1098 571 1180 ostendatur,
595 1119 683 1182 quam
706 1100 832 1178 dicatur,
854 1099 969 1163 Sancto
990 1102 1113 1163 sanctu.
1140 1100 1188 1162 Ex
1201 1098 1259 1162 hoc
1273 1115 1380 1162 errore
1401 1098 1511 1160 lactum
1534 1104 1636 1160 estut
1658 1094 1751 1174 multi,

387 1199 589 1262 Orientalibus
602 1200 747 1264 Ecclesiis
769 1203 902 1282 ignotam
924 1217 994 1261 esse
1017 1198 1216 1262 elevationem
1238 1205 1352 1260 temere
1372 1197 1598 1272 allirmaverint3
1621 1202 1652 1257 et
1665 1197 1751 1276 quasi

387 1305 572 1380 compertum
593 1298 684 1378 foret,
706 1299 826 1362 adorari
849 1315 910 1360 non
931 1313 1023 1379 posse
1033 1298 1261 1378 Eucharistiam,
1285 1297 1340 1358 nisi
1352 1296 1489 1360 elevetur
1511 1303 1542 1358 et
1564 1294 1748 1372 ostendatur,

386 1397 504 1480 quidam
527 1399 653 1462 ulterius
676 1399 848 1481 progressi,
879 1397 989 1461 nullam
1011 1397 1090 1459 illius
1125 1397 1331 1460 adorationem
1354 1397 1384 1458 in
1406 1395 1531 1460 Oriente
1562 1396 1627 1458 lieri
1649 1401 1750 1457 statu-

386 1505 484 1562 erunt.
529 1497 611 1560 Istud
633 1484 822 1581 παράδοξον
844 1514 910 1559 cum
939 1495 1079 1560 Claudius
1103 1494 1347 1559 Carentoniensis
1376 1513 1393 1557 a
1423 1490 1636 1558 sordidissimis
1660 1501 1752 1556 auto-

385 1597 468 1659 ribus
491 1603 664 1676 mutuatum,
689 1598 773 1678 quasi
797 1596 998 1678 exploratam,
1028 1604 1059 1658 et
1088 1596 1125 1660 de
1149 1614 1208 1676 qua
1231 1595 1359 1658 dubitari
1379 1613 1443 1658 non
1467 1602 1565 1670 esset,
1594 1593 1751 1655 veritatem

387 1697 607 1777 proposuisset,
630 1696 713 1760 velut
742 1695 821 1758 bello
852 1694 998 1758 adversus
1029 1693 1200 1758 Catholicos
1230 1694 1359 1757 feliciter
1388 1693 1542 1772 conlecto,
1572 1694 1651 1755 inter
1679 1709 1752 1755 suos

387 1795 588 1876 triumphavit.
638 1794 679 1858 At
706 1796 792 1858 istius
828 1793 983 1875 liturgiae
1020 1795 1114 1858 solius
1148 1795 1346 1858 testimonium
1374 1811 1478 1857 omnes
1514 1793 1592 1856 illius
1620 1792 1752 1854 rationes

387 1896 505 1973 evertit,
529 1913 596 1957 cum
618 1912 657 1956 ex
679 1912 718 1957 eo
742 1900 870 1972 constet,
901 1892 1117 1957 Eucharistium
1147 1894 1279 1973 elevari,
1309 1893 1486 1974 ostendique
1514 1891 1642 1974 populo;
1671 1889 1752 1953 unde

387 1993 466 2056 illam
489 1993 608 2057 adorari
630 1995 776 2076 sequitur,
799 1993 955 2074 exipsius
978 1992 1092 2056 Claudii
1116 2002 1146 2056 et
1169 1993 1294 2056 aliorum
1316 1993 1390 2055 ralis
1413 1991 1579 2055 sententiis.
1615 1989 1752 2054 videnda

387 2113 465 2176 quac
489 2094 527 2157 de
550 2092 608 2156 hoc
638 2100 817 2176 argumento
848 2091 917 2154 alibi
945 2092 1057 2173 scriptu
1087 2099 1166 2172 sunt,
1196 2093 1304 2174 quibus
1334 2091 1433 2174 plura,
1455 2091 1481 2154 si
1509 2091 1571 2153 vita
1599 2097 1752 2172 suppetet,
1765 2098 1898 2169 Pepers.
1911 2099 1936 2151 t.
1951 2099 2073 2154 tace.

386 2193 569 2275 adjiciemus.

472 2293 542 2357 Vox
563 2279 745 2354 Σπουδικόν
765 2309 843 2372 quae
863 2290 912 2353 hic
927 2291 1070 2368 occurrit,
1091 2289 1202 2353 lmstra
1218 2299 1380 2371 quaeretur
1395 2292 1426 2352 in
1440 2290 1600 2354 Glossariis
1615 2289 1752 2352 Graeco-

386 2392 535 2471 Barbaris,
559 2410 620 2454 uon
643 2391 739 2474 magis
761 2407 850 2471 quam
875 2391 905 2451 in
917 2389 1056 2452 Arabicis
1069 2390 1189 2452 Lexicis
1202 2397 1379 2487 petuma
1397 2390 1569 2468 Isbadicoa,
1594 2405 1662 2452 cum
1685 2407 1752 2451 cam

386 2493 579 2575 peregrinam
615 2508 685 2552 esse
718 2492 791 2552 satis
823 2497 978 2571 appareat.
1029 2489 1058 2552 A
1095 2490 1210 2552 Graeca
1245 2477 1450 2553 Δεσπσιικόν
1488 2489 1645 2551 formatam
1680 2503 1751 2549 esse

386 2608 504 2670 nempe,
526 2599 559 2652 ut
581 2588 820 2672 subintelligatur
842 2585 948 2668 σῶμα,
971 2588 1099 2651 dubitari
1126 2606 1187 2652 non
1212 2598 1329 2672 potest:
1362 2596 1446 2653 certe
1477 2588 1566 2651 talem
1596 2586 1752 2668 significu-

386 2690 497 2751 tionem
518 2688 598 2750 illam
625 2686 755 2766 habere,
784 2689 879 2751 series
907 2689 1075 2751 orationum
1104 2688 1298 2754 demonstrat.
1345 2689 1462 2770 Quippe
1492 2672 1674 2749 Σπουδικόν
1703 2691 1751 2746 est

385 2786 532 2870 particula
560 2789 646 2869 panis
676 2788 846 2849 consecrati
869 2789 972 2870 major,
996 2805 1074 2868 quae
1101 2807 1119 2850 a
1147 2790 1276 2852 caeteris
1299 2789 1485 2868 secernitur,
1515 2805 1556 2849 ex
1584 2801 1643 2867 qua
1671 2801 1749 2846 con-

385 2889 522 2972 signatur
544 2887 638 2962 calix,
669 2892 699 2948 et
721 2904 800 2966 quae
823 2887 852 2948 in
876 2886 1040 2950 meditullio
1064 2886 1139 2952 disci
1161 2888 1337 2952 collocatur.
1371 2888 1474 2970 ltaque
1504 2884 1585 2967 quod
1614 2901 1677 2946 vox
1701 2881 1753 2944 illa

385 2987 533 3068 significat
560 2985 633 3048 satis
663 2991 710 3048 est
739 2985 945 3066 perspicuum:
975 2992 1006 3048 et
1036 3003 1103 3049 cum
1132 2985 1256 3068 dicitur,
1279 2987 1394 3050 Soracte
1415 2987 1546 3063 sancus,
1579 2983 1650 3046 nibil
1672 2981 1752 3044 aliud

386 3103 472 3167 quam
494 3085 681 3148 Eucharistia
703 3091 804 3166 potest
825 3085 989 3168 designari,
1013 3102 1080 3148 cmm
1102 3094 1223 3168 praeter
1252 3087 1332 3150 illam
1354 3075 1432 3167 ἅγια
1454 3093 1485 3148 et
1507 3073 1697 3168 ἂγιάσματα
1719 3083 1750 3144 in

385 3184 471 3247 altari
493 3183 572 3246 nulla
595 3185 665 3263 sint,
688 3182 726 3245 ad
749 3201 825 3264 quae
848 3185 904 3246 soli
927 3187 1023 3248 sancti
1053 3185 1166 3248 admitti
1195 3186 1332 3250 debeant.
1375 3184 1490 3247 Sancto
1512 3183 1562 3246 illa
1594 3200 1665 3246 esse
1686 3181 1752 3244 Eu-

386 3284 565 3364 charistiam,
589 3282 697 3366 probat
718 3283 832 3346 veteris
854 3283 1011 3348 Ecclesiae
1035 3284 1201 3366 disciplina,
1224 3305 1291 3348 cum
1313 3283 1591 3348 stetimcommunio
1615 3281 1752 3346 distribui

386 3384 507 3458 soleret,
529 3390 560 3446 et
583 3401 621 3446 eo
644 3390 797 3463 spectaret
820 3383 949 3446 celebris
972 3384 1023 3446 illa
1046 3384 1226 3463 admonitio,
1255 3403 1294 3447 ne
1324 3385 1373 3448 alii
1403 3400 1491 3465 quam
1514 3385 1565 3465 qui
1588 3382 1626 3445 ad
1648 3383 1753 3464 perci-

385 3483 494 3564 pienda
517 3483 658 3564 mysteria
689 3482 787 3562 parati
817 3491 935 3560 essent,
967 3484 1157 3547 accederent.
1201 3483 1327 3565 Jamque
1354 3485 1411 3546 etsi
1440 3483 1572 3547 nondum
1598 3488 1753 3563 percepta,

385 3581 501 3643 Sancto
523 3581 783 3644 existimabantur:
813 3589 843 3644 et
864 3580 1028 3644 secundum
1050 3581 1193 3664 quasdam
1215 3585 1374 3646 versiones
1398 3583 1537 3666 Syriacas
1560 3584 1636 3647 haec
1658 3584 1751 3647 verba

386 3681 427 3744 ita
454 3679 716 3761 intelligebantur,
745 3688 778 3743 ut
808 3681 1031 3765 significarent,
1061 3700 1131 3745 esse
1160 3682 1276 3746 Sancto
1303 3691 1484 3746 sauctorum.
1529 3669 1612 3746 lla'ec
1633 3685 1753 3766 quidem

338 3839 339 3842 ,
387 3780 560 3844 acclamatio
582 3797 643 3843 non
666 3779 788 3842 extabat
810 3781 839 3842 in
863 3780 976 3844 Codice
999 3781 1210 3864 Scaligeruno,
1241 3800 1299 3845 nec
1325 3783 1355 3844 in
1378 3780 1481 3864 Regiis
1505 3790 1555 3844 aut
1577 3784 1607 3844 in
1629 3793 1751 3847 nostro:

387 3899 492 3944 verum
514 3897 579 3941 eam
602 3887 812 3961 repraesentat
835 3877 942 3943 Codex
963 3879 1077 3965 Regius
1101 3901 1140 3944 ex
1167 3883 1348 3945 recensione
1372 3880 1520 3944 Gabrielis
1549 3882 1751 3963 Patriarchue,

387 3980 438 4060 qrti
460 3986 490 4041 et
512 3979 591 4042 illius
615 3981 644 4041 in
666 3977 775 4042 Rituali
798 3997 854 4042 suo
877 3983 1025 4057 meminit,
1054 3980 1134 4046 unde
1163 3981 1242 4044 illam
1265 3983 1458 4043 inversione
1481 3989 1585 4044 nostra
1608 3985 1751 4063 reposui-

386 4095 463 4157 mm,
486 4096 553 4141 curn
576 4079 656 4141 illam
679 4079 808 4141 omnium
830 4080 1045 4163 cujuscumque
1074 4081 1195 4166 linguae
1222 4081 1422 4166 Liturgiarum
1451 4083 1639 4146 commendet
1662 4090 1752 4145 auto-

386 4178 470 4254 ritas,
493 4179 578 4242 istius
601 4179 778 4260 praesertim
800 4177 920 4260 Graeci,
943 4183 993 4262 qui
1017 4182 1172 4263 Copticum
1195 4182 1369 4263 antiquitate
1393 4189 1524 4262 superat.

447 4438 485 4518 ‘O
509 4439 615 4540 {speie
639 4446 731 4540 λέγει
756 4437 824 4538 τήν
847 4439 1069 4543 Ὁμοληῶιν.
1121 4443 1297 4516 Sacerdos
1322 4445 1407 4514 dicil
1433 4442 1694 4538 Confessiooem.

488 4649 660 4728 Conrassro
688 4663 744 4726 ista
773 4664 804 4724 in
834 4663 969 4727 omnibus
999 4664 1212 4729 Alexandrinis
1240 4662 1365 4727 Graecis
1395 4673 1426 4728 et
1454 4663 1586 4745 Copticis
1607 4663 1752 4748 Liturgiis
1829 4661 1836 4676 '

387 4767 547 4846 reperitur,
570 4775 677 4847 estque
699 4769 828 4850 insigne,
851 4769 878 4830 si
901 4769 981 4852 quod
1004 4787 1142 4852 unquam,
1164 4769 1233 4833 lidei
1256 4767 1294 4833 de
1317 4770 1445 4832 veritate
1466 4769 1603 4850 corporis
1627 4777 1658 4832 ct
1679 4787 1753 4831 san-

387 4865 486 4944 guinis
509 4863 620 4930 Christi
648 4868 678 4929 in
700 4865 905 4947 Eucharistia,
936 4869 1052 4931 illarum
1079 4869 1285 4931 Ecclesiarum
1312 4870 1522 4933 testimonium.
1567 4869 1753 4932 vetustatem

387 4961 466 5026 illius
494 4965 602 5045 probat
622 4965 758 5050 Litorgia
781 4965 899 5030 Graeca
925 4965 959 5028 D.
987 4966 1090 5029 Marci.
1136 4966 1209 5030 Cum
1238 4987 1312 5033 vero
1342 4987 1401 5033 non
1439 4969 1557 5051 integra
1591 4969 1752 5049 referatur,

387 5063 579 5146 sedprimus
602 5073 714 5130 lautum
736 5085 830 5134 voces
853 5064 955 5147 Σῶμα
978 5053 1085 5150 Syrou:
1116 5069 1154 5130 de
1183 5074 1245 5132 tota
1277 5067 1355 5132 illius
1386 5067 1479 5131 formu
1508 5070 1604 5149 qualis
1632 5072 1663 5132 in
1687 5071 1754 5152 pri-

429 5201 542 5244 ronasc
1498 5187 1547 5261 57
