4684 6042
652 603 726 678 102
917 569 934 592 ’
1071 585 1358 669 nrruaoms.
1392 578 1615 660 oaaaomr

651 787 774 882 gaudio
803 794 836 856 et
862 783 988 855 laetitia
1015 776 1119 860 corda
1139 784 1268 864 nostra,
1294 780 1330 844 ut
1373 761 1656 888 διδαῦςτροφην
1666 759 1900 891 παίσησαρκῖη
1938 757 2048 890 Πλήι-

651 906 687 976 in
721 898 873 974 omnibus
907 916 1041 992 sempor
1074 913 1207 965 omnem
1234 888 1329 960 suffi-
1374 895 1495 970 ρωσον
1523 895 1640 965 χαρᾶς
1658 893 1720 940 και
1741 891 1965 964 ευφροσονης
1985 895 2049 950 τας

652 1022 806 1091 cientiam
839 1014 1023 1101 habentes,
1056 1005 1262 1080 abundemus
1295 1007 1330 1076 in
1374 971 1524 1072 καρδίας
1531 969 1649 1096 ἡμῖν»
1661 971 1885 1058 ἱ’νῖίένπᾶσα
1896 971 2050 1044 πάντοτε

653 1155 753 1206 omne
781 1153 866 1226 opus
897 1129 1033 1216 boumn,
1068 1123 1111 1196 ad
1141 1119 1331 1194 faciendam
1373 1101 1495 1202 “W
1516 1100 1734 1197 “mai'fflfn'
1755 1075 1907 1168 ἔχοντες»
1922 1097 2050 1168 mew-

701 1248 712 1319 Ι
759 1255 804 1318 tat
885 1254 919 1316 tu
1084 1249 1115 1310 w
1374 1203 1559 1272 σευσαιμεν
1583 1179 1629 1259 τίς
1651 1204 1726 1250 παν
1747 1177 1856 1275 ἔργον
1887 1173 2050 1276 ἀγαθόν,

653 1271 700 1322 ¹¹⁰
713 1269 756 1319 ¹¹¹¹
805 1269 859 1317 ²¹¹¹
921 1266 975 1315 ³¹¹¹
1002 1263 1082 1314 ⁵⁰⁰⁰
1118 1263 1161 1310 ¹¹¹·
1373 1287 1441 1356 τοῦ
1452 1277 1620 1356 ποιεῖντὸ
1635 1278 1781 1373 θέλημά
1794 1303 1864 1353 σου
1877 1277 1920 1352 τὸ
1933 1279 2050 1379 ἅγιον.

705 1378 868 1472 Ροραίια.
895 1375 1002 1470 Kyrie
1029 1372 1167 1443 eleison.
1421 1388 1456 1460 ‘0
1477 1384 1570 1470 ,1059
1591 1390 1686 1478 λέγει,
1738 1378 1851 1479 Κύριε
1866 1384 2020 1478 ἐλέησον,

705 1479 883 1552 Sacerdos
909 1480 994 1548 dicit
1027 1479 1061 1545 et
1084 1469 1231 1566 populus
1264 1492 1330 1540 re·
1421 1491 1456 1563 Ὁ
1475 1484 1594 1583 «ηερεῡς
1615 1491 1718 1582 λέγει,
1740 1493 1796 1560 καὶ
1818 1489 1838 1561 5
1858 1488 1938 1572 λαός
1960 1487 2052 1562 ἄπο,

654 1583 799 1678 spondei
1374 1580 1528 1671 κρίνεται.

707 1685 814 1782 Kyrie
841 1681 979 1754 cleison.
1428 1670 1542 1770 Κύριε
1560 1674 1713 1767 ἐλέησον.

710 1785 869 1860 Concede
915 1781 1038 1879 populo
1078 1791 1135 1853 tuo
1181 1801 1331 1852 concor·
1426 1773 1592 1874 Χάρισαι
1617 1781 1669 1870 τῷ
1687 1778 1764 1870 λαῷ
1780 1799 1849 1848 σου
1871 1772 1937 1873 τὴν
1955 1774 2053 1869 ὁμό-

657 1890 761 1976 diam,
1375 1907 1492 1955 νοιαν.

709 1991 835 2063 Mundo
861 1988 1071 2086 praeclarum
1097 1995 1227 2074 statum,
1433 1987 1493 2076 Τῶ
1511 1975 1639 2075 κόσμῳ
1660 1975 1728 2076 τὴν
1750 1977 1974 2057 εὐστάθειαν.

710 2096 795 2167 Acri
816 2095 1020 2187 temperiem,
1435 2088 1495 2178 Tui
1515 2079 1593 2177 οίέρι
1611 2080 1679 2178 τὴν
1695 2081 1897 2182 εὐκρασίαν.

709 2194 975 2288 Aegrotantibus
1003 2193 1152 2279 salutem,
1436 2193 1517 2269 Τοῖς
1530 2192 1681 2259 νοσοῦσι
1703 2183 1771 2283 τήν
1787 2187 1979 2282 σωτηρίαν.

710 2300 938 2392 indigentibus
964 2295 1184 2388 refrigerium,
1437 2296 1518 2371 Τοῖς
1535 2285 1718 2382 δεομῶοις
1735 2285 1804 2383 τήν
1824 2286 2021 2388 ἀνάψοξιν.

709 2402 777 2475 illis
806 2404 860 2495 qui
886 2404 920 2472 in
947 2397 1057 2470 exiliis
1070 2405 1153 2484 sunt,
1182 2397 1335 2490 maetam,
1437 2399 1518 2473 Τοῖς
1534 2394 1573 2466 ἐν
1588 2392 1740 2489 ἐξορίαις
1755 2390 1823 2488 τήν
1842 2391 1975 2466 ἄνεσιν.

711 2504 876 2600 Orphanis
906 2501 1075 2586 auxilium,
1437 2501 1519 2575 Τοῖς
1532 2490 1704 2592 ὀρφανοῖς
1720 2492 1789 2590 τήν
1804 2492 1996 2591 βοήθειαν.

714 2606 832 2678 Viduis
859 2606 1112 2701 protectionem.
1438 2603 1522 2678 Ταῖς
1540 2606 1668 2694 χηραῖς
1689 2595 1757 2694 τὴν
1775 2593 1978 2695 ἀντίληψιν.

714 2708 924 2800 AngustiatiS
951 2705 1162 2780 subministra
1183 2713 1340 2800 wantum
1439 2707 1521 2782 Τοῖς
1538 2699 1779 2796 θλιβομνοις
1792 2698 1996 2800 ίποίρκησον
2012 2701 2058 2784 είς

664 2833 749 2908 opus
777 2821 838 2898 cst,
865 2818 901 2883 ut
926 2809 1013 2880 bene
1041 2809 1113 2879 sint.
1381 2798 1539 2902 ἀγαθόν.

716 2913 851 2985 Stantes
879 2909 1047 2984 confirma.
1440 2901 1532 2986 Τούς
1551 2905 1702 2988 ἑστῶτας
1720 2902 1922 3001 ὀχύρωσαν.

715 3013 787 3086 Eos
815 3019 869 3109 qui
896 3013 1087 3085 ceciderunt
1115 3015 1220 3103 erige.
1440 3004 1530 3088 Τούς
1546 3004 1773 3091 πεπτωκότας
1789 3010 1937 3108 ἔγειραν.

716 3118 865 3190 Securos
897 3124 1031 3213 praesta
1062 3134 1124 3186 cos
1160 3118 1216 3209 qui
1242 3123 1339 3186 stant
1442 3105 1533 3191 Τοὺς
1550 3108 1739 3205 ἑστηκότας
1757 3109 1966 3210 ἀσφάλισαι.

715 3219 923 3293 Mortuerum
948 3219 1175 3289 reminiscere.
1441 3216 1524 3286 Τῶν
1544 3217 1816 3308 κεκοιμημενων
1833 3211 2033 3311 μνήσθητι.

715 3320 841 3393 Eorum
869 3323 984 3416 quiin
1011 3319 1226 3391 confessione
1253 3326 1338 3406 sunt,
1440 3319 1523 3388 Τῶν
1538 3317 1577 3389 ἐν
1590 3313 1780 3416 ὁμολογίᾳ,
1796 3314 1861 3400 ταῖς
1871 3317 2060 3415 πρεσβείας

664 3426 924 3498 intercessiones
952 3425 1095 3517 suscipe.
1383 3412 1583 3516 πρόςδεξαι.
1913 3461 1916 3468 ,

715 3525 787 3600 Eos
821 3529 874 3622 qni
909 3533 1149 3620 peccaverunt,
1188 3533 1222 3595 et
1248 3545 1338 3616 ege·
1441 3517 1532 3603 Τούς
1569 3517 1818 3619 ἡμαρτηκότας
1847 3516 1914 3595 ’καί
1947 3548 2061 3617 μετα-

665 3640 740 3700 runt
766 3631 1022 3725 poenitentiam,
1059 3626 1240 3698 adnumera
1268 3649 1342 3698 cum
1383 3619 1600 3718 νοήσαντος,
1646 3623 1930 3724 συναρίθμησον
1972 3621 2061 3719 μετὰ

666 3731 816 3802 fidelihus
843 3735 917 3804 tuis.
1384 3730 1459 3800 ταῖν
1482 3731 1623 3800 πιστῶν
1643 3749 1721 3800 σου.

718 3831 851 3906 Fideles
884 3832 1063 3904 adnumera
1100 3854 1172 3904 cum
1208 3841 1343 3926 marty-
1441 3824 1533 3910 Ταύς
1581 3827 1730 3912 πιστούς
1779 3829 2063 3928 συναρίθμησον

666 3933 758 4006 ribus
785 3938 857 4006 tuis.
1384 3927 1475 4024 parci
1498 3931 1699 4031 μαρτύρῶν
1724 3956 1802 4005 σου.

718 4033 790 4108 Eos
818 4039 873 4131 qui
899 4039 932 4108 in
958 4035 1024 4108 hoc
1049 4035 1126 4108 loco
1146 4043 1342 4131 praesentes
1439 4031 1627 4128 Μιμητάς,
1650 4031 1734 4117 τούς
1753 4031 1934 4133 παρόντας
1951 4037 1990 4108 ἐν
2012 4037 2066 4128 τῷ

669 4149 744 4211 sunt
784 4142 969 4213 imitatores
1007 4137 1217 4230 Angelorum
1253 4158 1343 4209 con·
1385 4131 1487 4230 τόπῳ
1514 4133 1634 4232 τούτῳ
1657 4143 1733 4211 τῶν
1760 4135 1925 4237 ἀγγέλων
1948 4133 2063 4210 κατοί-

669 4245 775 4313 stitue.
1320 4285 1323 4292 ·
1386 4260 1532 4332 στησον.

720 4342 764 4414 Et
789 4363 853 4416 nos
879 4346 987 4435 gratia
1014 4351 1079 4428 tua,
1108 4340 1150 4412 ud
1169 4351 1258 4412 tuum
1271 4360 1342 4412 vo·
1440 4338 1514 4412 Καὶ
1541 4337 1634 4434 ἡμᾶς
1663 4347 1712 4438 τῇ
1744 4347 1791 4437 σῇ
1817 4339 1944 4438 χάριτι
1975 4339 2064 4435 πρὸς

670 4454 766 4517 catos
808 4448 1024 4520 ministerium
1061 4443 1216 4535 indignos
1254 4442 1343 4530 licet,
1386 4437 1456 4535 τήν
1487 4439 1558 4537 σὴν
1599 4450 1835 4540 κεκληρανους
1873 4442 2063 4519 διακονίαν

670 4550 812 4641 suscipe.
1387 4541 1556 4628 ἀναξίους
1573 4544 1679 4630 ὄντας
1700 4545 1882 4626 ὑπόδεξαι.

637 4717 643 4724 .
722 4648 883 4741 Populos.
911 4647 1017 4744 Kyrie
1044 4647 1182 4722 eleison.
1439 4647 1473 4722 ‘0
1494 4652 1591 4735 Λαὸς
1612 4657 1710 4747 λέγει.
1754 4646 1868 4748 Κύριε
1886 4651 2038 4745 ἐλέησον.

721 4749 891 4822 Memento
917 4750 1061 4823 Domine
1088 4761 1123 4823 et
1151 4749 1244 4823 urhis
1276 4769 1345 4819 no·
1440 4749 1474 4823 ‘0
1495 4750 1611 4848 Ὶερεύς
1633 4759 1730 4846 λέγει.
1768 4748 1975 4848 Μνὴσθητι
1996 4749 2067 4827 κύ-

672 4861 763 4925 strae
795 4851 891 4943 hujus
925 4864 958 4925 et
990 4853 1202 4926 habitantium
1236 4857 1269 4924 in
1306 4872 1348 4922 ca
1391 4847 1528 4949 pacnuti
1551 4861 1612 4950 τῆς
1636 4851 1769 4937 πόλεως
1796 4851 2067 4951 opprobrantium,

670 4957 706 5025 in
738 4954 926 5026 orthodoxa
960 4954 1040 5043 iide,
1075 4959 1182 5027 omnis
1215 4974 1347 5048 quoque
1392 4951 1552 5028 καὶτῶν
1580 4953 1840 5055 ἐνόρθοδόξῳ
1864 4956 1980 5030 πίστει
2009 4960 2068 5030 οῖ-

671 5054 765 5129 urbis
793 5065 827 5129 ct
858 5060 1023 5149 regionis,
1059 5080 1135 5130 curn
1162 5060 1252 5130 omui
1277 5076 1348 5151 po·
1393 5050 1560 5132 κούνταν
1584 5063 1624 5135 ἐν
1646 5058 1753 5155 αὐτῇ,
1773 5057 1834 5133 καί
1855 5054 1972 5156 πάσης
1993 5055 2069 5134 πό*
