4736 6064
629 487 884 566 ALEXANDRINI
914 487 1181 565 JACOBITARUM
1206 484 1481 565 PATRIARCHAE.
1663 485 1740 559 455

369 677 413 748 de
438 673 660 762 fflerorclu‘o,
688 679 724 744 et
749 673 839 745 altos
865 695 953 768 quoe
975 673 1134 766 diqoitoti
1150 673 1353 766 Pontificoli
1370 673 1592 743 conueniunt:
1619 670 1742 742 detme

323 813 330 822 ·
368 791 570 886 Proloquere,
597 796 632 860 et
657 789 837 860 Psolmuoe
898 789 1058 883 Denique
1088 787 1226 859 deditur
1259 791 1293 860 ei
1325 794 1430 882 caput
1465 785 1527 858 23.
1561 786 1744 882 Ecouqelii

368 907 548 978 secuudum
573 905 754 992 deuouere,
782 911 877 996 ceput
902 904 968 976 troc
994 909 1046 975 est
1071 907 1211 974 initium.

472 1023 584 1094 Amen
617 1041 715 1092 amen
748 1019 822 1092 dico
855 1016 973 1108 vohis,
1009 1022 1065 1114 qui
1095 1041 1163 1092 non
1198 1020 1297 1090 iuuat
1335 1040 1398 1114 per
1428 1019 1549 1092 ostimu
1584 1020 1618 1089 in
1652 1018 1742 1091 ovile

370 1158 493 1209 omum.

472 1250 520 1320 Et
546 1253 818 1343 quotiescumque
845 1249 953 1336 dicet,
980 1246 1057 1339 Ego
1084 1270 1156 1321 sum
1176 1248 1306 1323 Pastor
1331 1246 1449 1321 bonus.
1487 1247 1599 1318 Omnis
1622 1267 1741 1340 popu-

368 1367 421 1438 lus
447 1365 626 1453 elucebit,
653 1363 795 1456 Dignus.
822 1365 962 1456 Dignus.
989 1363 1120 1454 Dignus
1146 1374 1207 1436 εει.

471 1477 559 1552 Moe
585 1478 700 1550 diceet
723 1481 825 1572 finem
849 1478 981 1549 Psalmi
1008 1476 1096 1548 109.

470 1595 602 1667 duravit
627 1593 791 1666 Dominus
818 1601 852 1664 et
877 1615 944 1665 non
970 1590 1155 1688 poenitebit
1171 1614 1263 1665 eum:
1291 1605 1326 1666 tu
1341 1615 1379 1667 es
1395 1593 1565 1667 Sacerdos
1579 1595 1744 1665 inueter-

367 1731 447 1783 num
472 1710 653 1783 secundum
681 1709 831 1782 ordinem
857 1707 1114 1780 Melchisedech.

472 1826 634 1899 Dominus
661 1846 681 1893 a
708 1823 837 1894 dextris
863 1825 969 1895 tuis...
996 1821 1180 1916 Propterea
1208 1820 1369 1902 exaltabit
1394 1833 1501 1918 caput.

644 2096 868 2189 Euangeliou
893 2095 1075 2166 secuudum
1100 2095 1268 2166 dodonem
1294 2119 1371 2188 cop.
1398 2094 1460 2168 23.

471 2286 582 2358 Amen
616 2283 726 2355 Amen
761 2283 836 2355 dico
871 2281 969 2356 vobis
1003 2285 1059 2377 qui
1093 2304 1161 2356 non
1195 2285 1294 2354 intrat
1332 2305 1394 2378 per
1429 2287 1548 2357 ostium
1582 2287 1617 2356 in
1652 2284 1768 2380 ovilev

370 2403 503 2488 ovium,
530 2399 592 2472 sed
619 2398 770 2470 aseendit
797 2397 945 2488 aliunde,
971 2397 1027 2470 ille
1052 2395 1105 2470 lur
1132 2408 1203 2487 est,
1230 2408 1263 2469 et
1291 2397 1387 2471 latro.
1442 2399 1507 2484 Qui
1532 2421 1618 2472 vero
1645 2404 1745 2473 intrat

369 2537 431 2611 per
457 2518 598 2602 ostium.
625 2523 741 2609 pastor
767 2523 820 2586 εει
846 2515 978 2585 ovium:
1005 2511 1080 2583 huic
1106 2515 1263 2585 ostiarius
1290 2514 1416 2609 aperit,
1450 2522 1485 2585 et
1511 2537 1597 2589 oves
1623 2537 1744 2588 vocem
1811 2525 1814 2532 '

368 2633 441 2722 ejus
469 2629 620 2718 audiunt,
654 2638 689 2700 et
712 2637 817 2701 vocat
851 2649 938 2701 oves
974 2648 1052 2702 suas
1087 2630 1289 2699 nominatim.
1345 2624 1495 2723 Cumque
1528 2632 1745 2722 egrediuntur
1838 2721 1840 2727 s

368 2767 506 2834 omnes,
533 2747 607 2839 ipse
634 2752 711 2815 ante
738 2764 798 2816 eas
823 2743 935 2833 vadit,
969 2755 1004 2816 et
1029 2763 1115 2814 oves
1147 2765 1223 2815 eum
1257 2753 1456 2838 sequuntur,
1493 2756 1745 2843 agnoscuntque

369 2881 493 2932 vocem
520 2862 601 2951 ejus.
655 2857 810 2930 Alienum
838 2857 1041 2931 autemnon
1069 2869 1268 2953 sequuntur,
1295 2858 1356 2932 sed
1381 2857 1512 2952 lugiunt
1538 2859 1580 2932 ab
1608 2884 1650 2934 eo
1668 2865 1745 2957 quia

368 2997 437 3048 non
463 2984 630 3046 noverunt
655 2994 778 3045 vocem
814 2973 921 3045 alieni.
973 2973 1069 3045 Hanc
1101 2971 1296 3068 parabolam
1331 2973 1415 3046 dixit
1448 2978 1498 3048 eis
1530 2976 1645 3063 lesus,
1681 2977 1747 3071 ipsi

371 3099 480 3162 autem
506 3110 574 3161 non
600 3087 833 3160 intellexerunt
860 3088 937 3182 quid
963 3088 1154 3183 loqueretru
1181 3092 1240 3160 eis.
1294 3089 1416 3161 lterum
1442 3093 1544 3182 igitur
1577 3091 1660 3162 dixit
1694 3093 1745 3163 eis

368 3205 480 3278 lesus.
533 3205 661 3292 Amen,
687 3206 798 3277 Amen
824 3203 900 3276 dico
928 3201 1039 3292 vobis,
1067 3225 1133 3295 ego
1161 3227 1233 3276 snm
1261 3207 1380 3279 ostium
1399 3209 1527 3278 ovium:
1555 3209 1746 3301 omnesqui

369 3328 534 3392 venerunt
560 3331 636 3392 ante
662 3342 717 3393 me
742 3317 834 3392 iures
860 3329 943 3392 sunt'
961 3329 995 3391 et
1021 3318 1189 3407 latrones3
1215 3319 1340 3392 idcirco
1373 3342 1442 3394 non
1470 3322 1650 3404 ¹audierunt
1682 3343 1744 3395 eos

319 3443 322 3450 “
370 3457 465 3508 oves.
518 3435 595 3528 ago
623 3457 694 3508 sum
722 3436 841 3508 ostium
869 3436 999 3506 ovium:
1026 3436 1132 3508 omnis
1160 3436 1215 3528 qui
1241 3436 1405 3507 introierit
1419 3456 1481 3529 per
1504 3435 1594 3526 illud,
1622 3435 1743 3510 salva-

371 3551 471 3641 bitur,
499 3561 533 3622 et
560 3550 764 3642 ingredietur
784 3559 819 3621 et
837 3550 1029 3641 egredietur
1055 3559 1089 3620 et
1113 3570 1240 3643 pascua
1266 3553 1423 3621 inveniet.
1464 3551 1533 3621 Fur
1550 3574 1618 3623 non
1638 3556 1744 3641 venit,

368 3669 435 3736 nisi
461 3675 497 3737 ut
529 3665 655 3738 iuretur
691 3675 725 3736 et
749 3675 872 3737 mactet
898 3675 932 3736 et
956 3664 1088 3759 perdat:
1115 3686 1183 3755 ego
1210 3669 1290 3736 veni
1319 3673 1355 3736 ut
1379 3669 1483 3736 vitam
1515 3663 1679 3758 habeant,
1711 3679 1764 3740 et·

372 3779 591 3853 abundantius
616 3778 769 3854 habeant.
822 3779 899 3872 Ego
926 3803 997 3854 sum
1024 3780 1145 3852 Pastor
1171 3778 1289 3853 bonus.

270 3887 274 3894 ’
480 3897 573 3967 Tunc
598 3897 716 3966 senior
741 3895 935 3988 Episcopus
960 3897 1045 3967 dicit
1078 3918 1232 3988 enpooso
1258 3899 1395 3967 intereo
1420 3896 1611 3990 Ecuoqelio
1641 3921 1745 3990 super

373 4015 477 4102 ceput
501 4009 746 4081 Patriorcltue.

475 4126 614 4217 Dignus.
648 4125 789 4218 Dignus.
828 4126 959 4218 Dignus
986 4137 1038 4198 est
1063 4127 1104 4200 N.
1131 4125 1359 4200 Patriarchatn
1387 4136 1421 4199 et
1445 4125 1746 4222 Archiepiscopatu

372 4261 474 4335 super
501 4261 655 4334 magnam
682 4240 798 4315 urbem
824 4240 1067 4314 Alexandriam
1094 4253 1128 4313 et
1152 4244 1346 4315 universam
1380 4244 1555 4334 regionem
1579 4244 1745 4340 Aegypti,

373 4366 407 4426 et
433 4375 550 4427 onmes
576 4356 659 4428 fines
687 4361 780 4450 ejus,
807 4361 841 4428 in
867 4360 1000 4429 nomine
1026 4358 1154 4447 Patris,
1182 4366 1216 4428 et
1241 4357 1333 4442 Filii,
1361 4366 1396 4429 et
1421 4357 1563 4452 Spiritus
1590 4361 1706 4430 sancti

475 4469 630 4563 Populus
663 4471 813 4542 clupeos
846 4471 939 4541 dicit.
993 4471 1122 4563 Dignus
1157 4481 1208 4544 est
1238 4469 1340 4544 Abba
1366 4472 1408 4544 N.
1434 4471 1746 4568 Archiepiscopatu.

476 4585 691 4656 Potrierclte
716 4589 856 4658 resmuit
881 4593 916 4657 et
938 4589 1078 4680 perficit
1103 4585 1282 4657 lectionem
1309 4590 1434 4680 cupitis
1459 4587 1650 4681 Evangelii.

458 4699 591 4773 ‘Bonus
617 4711 734 4795 pastor
759 4701 851 4774 debit
877 4703 1018 4772 animaru
1046 4722 1140 4773 suam
1166 4723 1229 4795 pro
1256 4701 1379 4776 ovibus
1407 4705 1492 4776 suis:
1519 4707 1747 4777 mercenarius
1804 4749 1809 4764 =

338 4801 341 4806 ¹
374 4827 484 4890 numm
511 4828 545 4890 ει
571 4821 626 4912 qui
651 4840 720 4892 non
747 4827 800 4890 est
824 4828 959 4913 pastor,
986 4821 1147 4912 cujusque
1172 4839 1241 4889 non
1269 4828 1344 4890 sunt
1370 4839 1455 4892 oves
1481 4822 1659 4914 propriae,
1691 4818 1748 4891 ubi

372 4932 466 5004 videt
500 4933 611 5028 lupum
641 4934 851 5022 venientem,
887 4931 972 5025 fugit
1006 4943 1038 5004 ει
1077 4930 1230 5026 relinquit
1261 4954 1362 5006 oves:
1398 4933 1562 5029 lupusque
1593 4937 1682 5031 rapit
1715 4942 1750 5005 et
