4680 6044
684 506 960 584 ADLITURGIAM
977 503 1170 582 oultlclu
1186 505 1217 582 S.
1232 503 1378 581 BASlLll.
1643 502 1719 576 213

347 691 534 772 Euangelico
562 707 651 769 quom
679 691 817 752 recitasti
836 690 950 764 nobis„
974 707 1077 767 nempe
1105 690 1185 770 quod
1214 688 1352 750 Christus
1380 687 1532 765 occeperit
1557 703 1669 767 ponent
1689 687 1721 748 iu

347 805 454 852 munus
476 807 559 864 suaa,
583 796 639 853 etc.
683 787 722 851 Et
752 807 825 851 sane
853 805 931 869 quae
960 787 1029 848 huic
1053 788 1184 868 opinioni
1208 787 1328 870 faveant
1351 786 1485 848 rationes
1508 785 1618 849 multae
1640 792 1718 848 sunt.

347 887 422 950 Nam
444 895 477 950 ut
500 885 653 950 consessio
676 886 714 950 ad
736 889 893 950 veritatem
915 886 1055 966 corporis
1079 885 1189 948 Christi
1216 887 1246 946 in
1269 885 1355 947 altari
1382 885 1443 966 jam
1471 886 1642 964 praesentis
1665 904 1720 948 re-

275 995 283 1002 “
347 986 472 1064 teratur,
495 1003 625 1048 necesse
647 1005 708 1049 non
732 994 778 1048 est
801 985 838 1048 ad
861 984 979 1067 singula
1003 1002 1080 1065 quae
1105 982 1241 1047 Christus
1266 984 1296 1044 in
1319 989 1510 1045 sacramento
1533 983 1717 1045 instituendo

348 1084 419 1148 lecit
440 1085 602 1162 immorari,
626 1091 658 1147 et
679 1085 775 1147 Amem
786 1084 964 1147 inclamare:
987 1101 1087 1164 neque
1110 1083 1223 1165 duplex
1243 1101 1313 1145 esse
1335 1083 1456 1145 videtur
1484 1081 1513 1142 in
1537 1081 1643 1144 eadem
1665 1081 1720 1144 Li-

348 1185 447 1267 turgia
471 1183 541 1246 bdei
564 1184 602 1246 dc
623 1183 813 1247 Eucharistia
837 1183 998 1246 confessio.
1035 1182 1079 1245 Ea
1104 1190 1202 1244 autem
1226 1200 1303 1263 quae
1327 1181 1451 1262 proprie
1474 1182 1514 1244 ita
1539 1179 1717 1262 appellatur,

349 1290 478 1364 atquae
502 1281 612 1344 dicitur
634 1289 704 1344 ante
733 1282 992 1362 communionem,
1021 1281 1088 1344 talis
1120 1289 1167 1344 est
1190 1289 1310 1362 tamque
1333 1281 1568 1362 perspicua,ut
1597 1279 1720 1341 alteram

348 1399 408 1444 uon
433 1381 596 1444 desideret.

433 1480 479 1543 Eo
509 1481 602 1564 igitur
631 1481 777 1543 inclinare
806 1481 948 1543 videntur
980 1479 1077 1542 omnia
1107 1479 1257 1541 rationum
1288 1487 1453 1557 momenta,
1483 1485 1516 1540 ut
1546 1474 1720 1540 acclamatio
1774 1476 1815 1528 Aa
1834 1476 1995 1530 referendum
2014 1481 2046 1530 m

347 1576 408 1642 τοῦ
430 1579 525 1640 Ameu
547 1579 643 1662 magis
665 1581 814 1659 pertineat
837 1578 875 1641 ad
898 1577 1121 1661 agnoscendam
1143 1579 1301 1640 veritatem
1324 1595 1437 1656 eorum,
1462 1595 1540 1658 quae
1563 1595 1603 1639 ex
1616 1575 1720 1638 Evan—
1734 1562 1768 1662 {d
1789 1565 1926 1663 rer-intem
1939 1579 2045 1662 ,narra-

346 1677 446 1760 gelica
474 1677 598 1740 historia
628 1678 780 1741 Sacerdos
807 1678 1018 1759 pronunciavit
1051 1678 1132 1739 circa
1161 1677 1376 1740 iustitutionem
1405 1677 1599 1754 sacramenti,
1632 1692 1719 1755 quam
1733 1659 1809 1702 ’Μ
1818 1649 2002 1748 arragonum,
2011 1665 2045 1702 ⁸¹¹

347 1775 383 1838 ad
406 1775 591 1858 singularem
614 1775 652 1838 de
674 1778 801 1839 veritate
825 1777 963 1857 eorporis
987 1782 1017 1838 et
1040 1777 1194 1858 sanguinis
1217 1775 1328 1840 Christi
1351 1775 1581 1839 consessionem.
1611 1773 1718 1837 Obstat
1731 1735 1860 1874 Ξέῃὲἒζω
1878 1735 2044 1803 ‘⁰⁸¹¹⁸¹'¹⁸⁰'

345 1873 500 1958 liturgiae
523 1874 723 1956 Aethiopicae
746 1876 903 1954 autoritas,
936 1893 1105 1956 quaecum
1136 1883 1204 1938 ante
1229 1875 1343 1956 aliquot
1371 1875 1493 1937 saecula
1522 1893 1561 1936 ex
1592 1873 1718 1954 Coptica
1821 1861 1837 1900 ·’

347 1991 493 2055 expressa
516 1971 622 2051 luerit,
646 1972 725 2036 bunc
748 1973 847 2035 locum
868 1974 910 2034 ita
933 1975 1085 2054 exprimit,
1109 1983 1141 2036 ut
1163 1975 1201 2037 ad
1224 1973 1458 2052 Eucharistiam,
1481 1991 1543 2036 non
1566 1972 1604 2035 ad
1626 1973 1718 2036 insti-

342 2074 489 2135 tutionem
511 2073 588 2152 ejus,
610 2071 776 2135 referatur:
801 2070 959 2133 Credimus
981 2081 1010 2135 et
1032 2074 1218 2152 confidimus,
1242 2081 1272 2134 et
1288 2073 1447 2134 laudamus
1469 2080 1520 2134 te:
1543 2074 1601 2135 boc
1622 2078 1669 2134 est
1689 2074 1720 2134 iu

346 2173 472 2234 acritate
494 2189 605 2249 corpus
628 2177 727 2232 mum:
750 2171 791 2232 ita
813 2171 903 2232 vertit
924 2170 1107 2250 llircberus,
1137 2191 1174 2234 ea
1205 2172 1299 2233 verba
1331 2170 1469 2233 reterens
1498 2173 1528 2233 in
1556 2171 1721 2234 Prodromo

347 2268 484 2351 Coptica.
507 2268 542 2331 ln
564 2269 697 2332 Romana
721 2268 852 2332 editione
874 2267 978 2346 Auen,
1001 2270 1106 2345 Amen,
1127 2270 1233 2332 Amen.
1265 2267 1423 2332 Credimus
1444 2277 1475 2331 et
1496 2271 1672 2350 confidimus
1694 2275 1725 2329 et

347 2370 506 2430 lmadamus
528 2375 565 2446 te,
588 2368 672 2430 Deus
693 2376 816 2442 nostem
839 2368 897 2430 hoc
918 2388 991 2431 aere
1013 2376 1060 2430 eat
1080 2387 1192 2448 eorpus
1214 2377 1304 2431 tuum.
1328 2368 1509 2430 Accuratius
1533 2387 1573 2431 ex
1590 2367 1722 2430 Aethio-

347 2467 414 2548 pico
437 2475 549 2530 vertas.
575 2465 749 2543 Credimus,
773 2474 803 2528 et
823 2469 900 2529 certi
931 2487 1042 2547 mmue,
1067 2475 1097 2530 et
1117 2469 1279 2530 laudamus
1301 2475 1330 2530 te
1343 2468 1472 2530 Domine
1493 2469 1577 2530 aaa
1598 2474 1722 2540 nostem·

346 2567 404 2627 boc
425 2572 471 2628 ert
491 2585 572 2641 cere,
596 2572 626 2627 et
647 2566 693 2627 ito
715 2567 874 2644 credimus,
899 2584 1010 2646 carpum
1032 2574 1122 2630 mum.
1156 2565 1198 2628 lta
1222 2584 1343 2647 quoque
1373 2574 1442 2647 post
1465 2566 1566 2630 calibis
1591 2565 1721 2630 benedi-

348 2665 486 2729 ctionem.
531 2663 574 2726 Ea
598 2681 674 2727 vero
703 2673 761 2727 tam
784 2665 949 2745 perspicue
978 2665 1016 2728 ad
1044 2664 1133 2727 iidem
1156 2666 1250 2746 ipsius
1273 2666 1424 2746 mysterii,
1453 2682 1515 2727 non
1537 2665 1574 2727 ad
1597 2665 1722 2727 institu-

348 2765 457 2826 tionem
479 2763 573 2844 ipsius
596 2763 758 2844 pertinent,
783 2762 929 2842 utnulla,
953 2765 1011 2827 nisi
1032 2765 1166 2827 violenta
1188 2765 1453 2844 interpretatione,
1484 2765 1515 2825 in
1539 2765 1721 2829 contrariam
1778 2795 1782 2804 ·

348 2863 525 2926 sententiam
548 2862 617 2925 duci
639 2871 759 2943 queant.
805 2861 881 2926 Cum
903 2862 996 2947 igitur
1017 2864 1172 2946 liturgiae
1195 2863 1394 2944 Aethiopicae
1418 2871 1558 2940 autores,
1589 2865 1640 2944 qui
1668 2863 1720 2925 vel

349 2969 434 3024 erant
455 2962 513 3042 ipsi
534 2961 726 3024 Patriarchae
748 2961 958 3041 Alexandrini,
982 2962 1032 3025 vel
1053 2962 1263 3044 Metropolitae
1286 2962 1322 3024 ab
1344 2962 1404 3025 illis
1427 2963 1519 3043 laissi,
1543 2963 1622 3025 banc
1645 2980 1720 3025 ora-

348 3060 459 3122 tionem
481 3080 522 3124 ex
546 3060 674 3141 Coptico
698 3061 867 3142 exemplari
889 3069 1117 3142 expresserunt,
1142 3080 1207 3124 eam
1235 3062 1275 3124 ita
1303 3070 1372 3124 sunt
1394 3063 1603 3142 interpretati,
1626 3071 1660 3126 ut
1682 3061 1721 3124 ad

349 3157 554 3222 Eucharistiae
577 3159 666 3221 iidem
689 3159 801 3223 reterri
823 3161 1011 3240 censuerint,
1040 3161 1120 3224 illam
1151 3161 1202 3223 tali
1232 3179 1325 3224 sensu
1347 3178 1364 3221 a
1388 3160 1516 3242 Coptitis
1539 3161 1721 3226 intellectam

350 3257 453 3337 luisse,
476 3277 537 3322 non
560 3260 721 3322 temeraria
744 3277 872 3341 prorsus
895 3261 1071 3342 conjectura
1094 3269 1150 3323 est.
1174 3259 1317 3322 Eamdem
1346 3261 1525 3323 confirmant
1555 3260 1632 3324 aliae
1655 3261 1722 3322 Ae-

350 3354 499 3437 thiopicae
520 3357 683 3442 liturgiae.
731 3358 816 3432 Quae
839 3376 907 3421 cum
928 3361 970 3421 ita
993 3360 1066 3436 sint,
1093 3377 1194 3441 neque
1217 3361 1290 3422 satis
1314 3359 1507 3422 determinari
1527 3361 1635 3440 possit,
1659 3379 1721 3441 quo

348 3472 441 3517 sensu
462 3455 538 3518 baec
560 3454 713 3520 confessio
737 3457 933 3541 intelligenda
954 3461 1005 3537 sit,
1027 3477 1091 3522 rem
1114 3461 1144 3521 in
1163 3460 1262 3523 medio
1276 3458 1483 3540 relinquimus.
1512 3459 1619 3540 Neque
1642 3461 1721 3521 enim

350 3572 535 3637 magnopere
558 3554 654 3618 reiert
676 3558 707 3619 in
729 3574 789 3638 quo
812 3557 992 3637 accipiatur;
1016 3577 1082 3620 cum
1106 3558 1179 3620 fides
1204 3557 1390 3638 Coptitarum
1422 3567 1512 3638 atque
1536 3558 1719 3639 Aethiopum

350 3671 390 3715 ex
412 3652 476 3716 aliis
498 3653 652 3737 liturgiae
675 3655 750 3717 locis
773 3663 832 3717 tam
854 3657 1017 3739 perspicue
1039 3657 1166 3738 probata
1188 3658 1236 3736 sit,
1261 3665 1293 3719 ut
1316 3658 1353 3720 da
1377 3675 1414 3720 ca
1436 3677 1475 3720 ne
1498 3658 1575 3720 levis
1600 3657 1720 3738 quidem

352 3766 442 3813 causa
465 3751 618 3817 dubitandi
642 3772 711 3818 esse
735 3762 834 3835 queat.

436 3851 545 3914 Tribus
568 3853 679 3934 quippe
702 3853 778 3916 locis
800 3853 923 3916 mutatio
947 3855 1163 3918 elementorum
1185 3857 1215 3917 iu
1238 3872 1349 3936 corpus
1372 3862 1402 3917 et
1419 3855 1597 3938 sanguinem
1612 3854 1722 3919 Christi
1770 3855 1846 3915 Fidae
1873 3862 1949 3914 realta
1966 3875 2045 3928 prae·

351 3947 506 4013 mamteste
529 3951 730 4033 significatur:
754 3951 899 4016 Oratione
923 3972 1000 4034 quae
1023 3962 1093 4036 post
1116 3955 1377 4035 praeparationem
1400 3954 1501 4017 altaris
1521 3954 1645 4017 dicitur:
1668 3946 2045 4014 1n.aantiaealthtocissi-

351 4050 510 4112 vocatione
525 4050 652 4130 Spiritus
676 4052 788 4130 Sancti,
812 4059 842 4114 et
858 4051 1057 4115 Confessione
1080 4055 1267 4134 praescripta
1289 4062 1358 4116 ante
1372 4053 1621 4118 communionem.
1645 4051 1721 4115 lllud
1735 4033 1878 4103 garamam.

352 4145 441 4207 modo
463 4157 616 4228 superest,
640 4151 732 4231 quod,
755 4151 782 4213 si
805 4151 880 4214 baec
904 4169 992 4232 quam
1015 4152 1209 4232 exponimus,
1238 4149 1300 4216 τοῦ
1328 4153 1423 4215 Amm
1450 4153 1623 4216 acclamatio
1646 4171 1722 4235 per-

353 4246 445 4308 tineat
477 4246 517 4309 ad
543 4249 768 4330 agnoscendam
797 4251 954 4313 veritatem
990 4252 1127 4334 corporis
1157 4251 1267 4314 Christi
1297 4253 1327 4314 iu
1356 4251 1559 4328 Eucharistia,
1597 4252 1651 4315 sed
1683 4253 1721 4315 ad

352 4343 446 4407 solam
468 4364 568 4408 rerum
591 4365 631 4410 ex
652 4348 821 4432 Evangelio
843 4351 1038 4413 recitatorum
1069 4349 1237 4429 historiam,
1260 4353 1346 4432 sequi
1368 4350 1490 4413 videtur
1513 4349 1665 4432 Coptitas,
1689 4359 1720 4413 ut

341 4445 440 4506 etiam
464 4443 609 4525 Graecos,
633 4448 690 4509 etsi
712 4448 897 4511 lnvocatioui
925 4450 1047 4528 spiritus
1077 4449 1173 4510 sancti
1201 4449 1324 4511 multum
1354 4450 1499 4528 tribuant,
1531 4456 1561 4511 et
1584 4469 1651 4514 eam
1681 4471 1721 4514 cx

352 4543 477 4624 simplici
499 4544 662 4608 verborum
685 4564 762 4610 sono
789 4546 1014 4628 intelligendam
1035 4547 1236 4626 arbitrentur,
1267 4566 1438 4631 agnoscere
1467 4557 1567 4612 tamen
1598 4551 1724 4630 praeci-

352 4657 441 4720 puam
463 4643 493 4704 ia
517 4642 626 4707 Christi
647 4646 750 4710 verbis
774 4647 949 4724 efficaciam,
972 4646 1053 4727 quod
1076 4657 1183 4728 postea
1216 4647 1401 4729 probabitur.
1432 4646 1547 4719 Quibus
1574 4651 1651 4712 enim
1674 4651 1724 4711 in-

354 4741 507 4802 commoda
529 4743 621 4805 multa
644 4763 684 4806 ex
707 4743 902 4808 luvocatione
926 4747 1012 4827 sequi
1036 4747 1211 4822 creduntur,
1235 4747 1383 4809 adversus
1397 4746 1563 4810 doctrinam
1586 4749 1624 4812 de
1647 4763 1726 4811 coo-

353 4840 524 4901 secratione
551 4842 767 4905 elementorum
798 4861 854 4922 par
883 4843 978 4906 verba
1008 4842 1119 4908 Christi
1147 4847 1280 4925 Domini,
1311 4853 1344 4908 ut
1366 4845 1539 4925 Bessarioo,
1563 4855 1594 4909 et
1616 4848 1725 4910 Petrus

352 4931 502 5000 Arcadius
509 4959 519 5014 3
548 4937 590 5001 illi
619 4941 649 5001 br
679 4941 893 5004 acclamatione
923 4941 985 5004 τοῦ
1013 4941 1108 5005 Amen
1131 4945 1354 5008 contessionem
1385 4944 1422 5007 de
1453 4945 1528 5006 reali
1549 4948 1725 5026 praesentia

1442 5058 1520 5134 43*
