<?xml version="1.0" encoding="UTF-8"?>
<!DOCTYPE html PUBLIC "-//W3C//DTD XHTML 1.0 Transitional//EN"
    "http://www.w3.org/TR/xhtml1/DTD/xhtml1-transitional.dtd">
<html xmlns="http://www.w3.org/1999/xhtml" xml:lang="en" lang="en">
 <head>
  <title>
</title>
<meta http-equiv="Content-Type" content="text/html;charset=utf-8" />
  <meta name='ocr-system' content='tesseract 3.04.00' />
  <meta name='ocr-capabilities' content='ocr_page ocr_carea ocr_par ocr_line ocrx_word'/>
</head>
<body>
  <div class='ocr_page' id='page_1' title='image "./liturgiarumorie03renagoog_0667.png"; bbox 0 0 4736 6064; ppageno 0'>
   <div class='ocr_carea' id='block_1_1' title="bbox 672 672 1669 755">
    <p class='ocr_par' dir='ltr' id='par_1_1' title="bbox 672 672 1669 755">
     <span class='ocr_line' id='line_1_1' title="bbox 672 672 1669 755; baseline 0.001 -3"><span class='ocrx_word' id='word_1_1' title='bbox 672 677 819 752; x_wconf 75' lang='lat'>504.</span> <span class='ocrx_word' id='word_1_2' title='bbox 908 703 912 710; x_wconf 91' lang='lat'><em>·</em></span> <span class='ocrx_word' id='word_1_3' title='bbox 1050 672 1669 755; x_wconf 69' lang='lat' dir='ltr'><strong>districtionis</strong></span> 
     </span>
    </p>
   </div>
   <div class='ocr_carea' id='block_1_2' title="bbox 607 857 2047 4714">
    <p class='ocr_par' dir='ltr' id='par_1_2' title="bbox 669 857 2047 1439">
     <span class='ocr_line' id='line_1_2' title="bbox 757 857 2047 944; baseline 0.005 -22"><span class='ocrx_word' id='word_1_4' title='bbox 757 860 791 923; x_wconf 94' lang='lat' dir='ltr'><strong>ln</strong></span> <span class='ocrx_word' id='word_1_5' title='bbox 812 859 944 922; x_wconf 90' lang='lat' dir='ltr'><strong>lectione</strong></span> <span class='ocrx_word' id='word_1_6' title='bbox 966 857 1126 940; x_wconf 82' lang='lat' dir='ltr'>Evangelii</span> <span class='ocrx_word' id='word_1_7' title='bbox 1148 875 1227 940; x_wconf 85' lang='lat' dir='ltr'><strong>quae</strong></span> <span class='ocrx_word' id='word_1_8' title='bbox 1250 874 1321 920; x_wconf 90' lang='lat' dir='ltr'><strong>mox</strong></span> <span class='ocrx_word' id='word_1_9' title='bbox 1342 857 1515 940; x_wconf 91' lang='lat' dir='ltr'><strong>subjicitur,</strong></span> <span class='ocrx_word' id='word_1_10' title='bbox 1544 859 1700 944; x_wconf 87' lang='lat' dir='ltr'><strong>singulare</strong></span> <span class='ocrx_word' id='word_1_11' title='bbox 1722 859 1796 922; x_wconf 92' lang='lat' dir='ltr'><strong>nihil</strong></span> <span class='ocrx_word' id='word_1_12' title='bbox 1819 867 1884 943; x_wconf 91' lang='lat' dir='ltr'><strong>est,</strong></span> <span class='ocrx_word' id='word_1_13' title='bbox 1916 862 1973 924; x_wconf 88' lang='lat' dir='ltr'><strong>sed</strong></span> <span class='ocrx_word' id='word_1_14' title='bbox 1996 863 2047 928; x_wconf 90' lang='lat' dir='ltr'><strong>di-</strong></span> 
     </span>
     <span class='ocr_line' id='line_1_3' title="bbox 670 956 2045 1044; baseline 0.001 -20"><span class='ocrx_word' id='word_1_15' title='bbox 670 960 799 1043; x_wconf 91' lang='lat' dir='ltr'><strong>sciplina</strong></span> <span class='ocrx_word' id='word_1_16' title='bbox 809 958 973 1022; x_wconf 89' lang='lat' dir='ltr'><strong>communis</strong></span> <span class='ocrx_word' id='word_1_17' title='bbox 988 957 1125 1020; x_wconf 90' lang='lat' dir='ltr'><strong>omnibus</strong></span> <span class='ocrx_word' id='word_1_18' title='bbox 1140 956 1344 1020; x_wconf 68' lang='lat' dir='ltr'>Orientalibus</span> <span class='ocrx_word' id='word_1_19' title='bbox 1365 957 1527 1022; x_wconf 90' lang='lat' dir='ltr'><strong>Ecclesiis:</strong></span> <span class='ocrx_word' id='word_1_20' title='bbox 1551 960 1577 1022; x_wconf 91' lang='lat' dir='ltr'><strong>si</strong></span> <span class='ocrx_word' id='word_1_21' title='bbox 1591 959 1739 1041; x_wconf 90' lang='lat' dir='ltr'><strong>quaedam</strong></span> <span class='ocrx_word' id='word_1_22' title='bbox 1753 962 1907 1025; x_wconf 90' lang='lat' dir='ltr'><strong>orationes</strong></span> <span class='ocrx_word' id='word_1_23' title='bbox 1922 959 2045 1044; x_wconf 89' lang='lat' dir='ltr'><strong>breves,</strong></span> 
     </span>
     <span class='ocr_line' id='line_1_4' title="bbox 671 1056 2045 1142; baseline 0.001 -20"><span class='ocrx_word' id='word_1_24' title='bbox 671 1066 702 1123; x_wconf 89' lang='lat' dir='ltr'><strong>et</strong></span> <span class='ocrx_word' id='word_1_25' title='bbox 724 1057 956 1123; x_wconf 69' lang='lat' dir='ltr'><strong>acclamationes</strong></span> <span class='ocrx_word' id='word_1_26' title='bbox 968 1056 1096 1119; x_wconf 90' lang='lat' dir='ltr'><strong>Diaconi</strong></span> <span class='ocrx_word' id='word_1_27' title='bbox 1119 1065 1170 1120; x_wconf 90' lang='lat' dir='ltr'><strong>aut</strong></span> <span class='ocrx_word' id='word_1_28' title='bbox 1191 1056 1296 1140; x_wconf 91' lang='lat' dir='ltr'><strong>populi</strong></span> <span class='ocrx_word' id='word_1_29' title='bbox 1309 1065 1472 1120; x_wconf 89' lang='lat' dir='ltr'><strong>occurrunt</strong></span> <span class='ocrx_word' id='word_1_30' title='bbox 1488 1058 1519 1122; x_wconf 92' lang='lat' dir='ltr'><strong>in</strong></span> <span class='ocrx_word' id='word_1_31' title='bbox 1537 1059 1682 1122; x_wconf 79' lang='lat' dir='ltr'><strong>versione</strong></span> <span class='ocrx_word' id='word_1_32' title='bbox 1696 1058 1813 1138; x_wconf 89' lang='lat' dir='ltr'><strong>Latina,</strong></span> <span class='ocrx_word' id='word_1_33' title='bbox 1826 1059 1941 1124; x_wconf 87' lang='lat' dir='ltr'><strong>Romae</strong></span> <span class='ocrx_word' id='word_1_34' title='bbox 1955 1059 2045 1142; x_wconf 88' lang='lat' dir='ltr'><strong>edita,</strong></span> 
     </span>
     <span class='ocr_line' id='line_1_5' title="bbox 670 1154 2046 1241; baseline -0.001 -19"><span class='ocrx_word' id='word_1_35' title='bbox 670 1176 745 1240; x_wconf 89' lang='lat' dir='ltr'><strong>quas</strong></span> <span class='ocrx_word' id='word_1_36' title='bbox 769 1156 877 1221; x_wconf 84' lang='lat' dir='ltr'><strong>Codex</strong></span> <span class='ocrx_word' id='word_1_37' title='bbox 899 1155 1097 1237; x_wconf 84' lang='lat' dir='ltr'><strong>Aethiopicos</strong></span> <span class='ocrx_word' id='word_1_38' title='bbox 1119 1174 1180 1218; x_wconf 92' lang='lat' dir='ltr'><strong>non</strong></span> <span class='ocrx_word' id='word_1_39' title='bbox 1202 1154 1310 1236; x_wconf 88' lang='lat' dir='ltr'><strong>babet,</strong></span> <span class='ocrx_word' id='word_1_40' title='bbox 1332 1174 1392 1220; x_wconf 95' lang='lat' dir='ltr'><strong>non</strong></span> <span class='ocrx_word' id='word_1_41' title='bbox 1416 1156 1474 1221; x_wconf 92' lang='lat' dir='ltr'><strong>alia</strong></span> <span class='ocrx_word' id='word_1_42' title='bbox 1495 1159 1573 1221; x_wconf 88' lang='lat' dir='ltr'><strong>ratio</strong></span> <span class='ocrx_word' id='word_1_43' title='bbox 1596 1165 1659 1238; x_wconf 90' lang='lat' dir='ltr'><strong>est,</strong></span> <span class='ocrx_word' id='word_1_44' title='bbox 1690 1177 1778 1240; x_wconf 87' lang='lat' dir='ltr'><strong>quarn</strong></span> <span class='ocrx_word' id='word_1_45' title='bbox 1801 1158 1882 1241; x_wconf 84' lang='lat' dir='ltr'><strong>quod</strong></span> <span class='ocrx_word' id='word_1_46' title='bbox 1906 1178 1942 1223; x_wconf 92' lang='lat' dir='ltr'><strong>ea</strong></span> <span class='ocrx_word' id='word_1_47' title='bbox 1966 1177 2046 1240; x_wconf 90' lang='lat' dir='ltr'><strong>quae</strong></span> 
     </span>
     <span class='ocr_line' id='line_1_6' title="bbox 669 1254 2045 1342; baseline 0.001 -22"><span class='ocrx_word' id='word_1_48' title='bbox 669 1275 729 1321; x_wconf 91' lang='lat' dir='ltr'><strong>usu</strong></span> <span class='ocrx_word' id='word_1_49' title='bbox 749 1259 902 1335; x_wconf 87' lang='lat' dir='ltr'><strong>sciuntur,</strong></span> <span class='ocrx_word' id='word_1_50' title='bbox 931 1256 984 1318; x_wconf 90' lang='lat' dir='ltr'><strong>vix</strong></span> <span class='ocrx_word' id='word_1_51' title='bbox 1007 1254 1171 1319; x_wconf 88' lang='lat' dir='ltr'><strong>Codicibus</strong></span> <span class='ocrx_word' id='word_1_52' title='bbox 1195 1257 1289 1319; x_wconf 89' lang='lat' dir='ltr'><strong>inseri</strong></span> <span class='ocrx_word' id='word_1_53' title='bbox 1310 1256 1425 1334; x_wconf 91' lang='lat' dir='ltr'><strong>solent,</strong></span> <span class='ocrx_word' id='word_1_54' title='bbox 1455 1257 1537 1339; x_wconf 93' lang='lat' dir='ltr'><strong>quod</strong></span> <span class='ocrx_word' id='word_1_55' title='bbox 1559 1258 1591 1320; x_wconf 92' lang='lat' dir='ltr'><strong>in</strong></span> <span class='ocrx_word' id='word_1_56' title='bbox 1612 1257 1755 1341; x_wconf 77' lang='lat' dir='ltr'><strong>liturgiis</strong></span> <span class='ocrx_word' id='word_1_57' title='bbox 1778 1258 1917 1323; x_wconf 90' lang='lat' dir='ltr'><strong>omnibus</strong></span> <span class='ocrx_word' id='word_1_58' title='bbox 1939 1259 2045 1342; x_wconf 89' lang='lat' dir='ltr'><strong>cujus-</strong></span> 
     </span>
     <span class='ocr_line' id='line_1_7' title="bbox 671 1354 1301 1439; baseline 0 -19"><span class='ocrx_word' id='word_1_59' title='bbox 671 1375 800 1439; x_wconf 86' lang='lat' dir='ltr'><strong>cumque</strong></span> <span class='ocrx_word' id='word_1_60' title='bbox 822 1356 955 1438; x_wconf 83' lang='lat' dir='ltr'><strong>linguae,</strong></span> <span class='ocrx_word' id='word_1_61' title='bbox 978 1356 1089 1436; x_wconf 90' lang='lat' dir='ltr'><strong>passim</strong></span> <span class='ocrx_word' id='word_1_62' title='bbox 1113 1354 1301 1420; x_wconf 88' lang='lat' dir='ltr'><strong>observatur.</strong></span> 
     </span>
    </p>

    <p class='ocr_par' dir='ltr' id='par_1_3' title="bbox 759 1453 2047 1538">
     <span class='ocr_line' id='line_1_8' title="bbox 759 1453 2047 1538; baseline 0 -20"><span class='ocrx_word' id='word_1_63' title='bbox 759 1455 847 1530; x_wconf 85' lang='lat' dir='ltr'><strong>Quod</strong></span> <span class='ocrx_word' id='word_1_64' title='bbox 869 1457 899 1517; x_wconf 93' lang='lat' dir='ltr'><strong>in</strong></span> <span class='ocrx_word' id='word_1_65' title='bbox 921 1454 1181 1517; x_wconf 87' lang='lat' dir='ltr'><strong>versioneLatina</strong></span> <span class='ocrx_word' id='word_1_66' title='bbox 1204 1455 1302 1516; x_wconf 90' lang='lat' dir='ltr'><strong>statim</strong></span> <span class='ocrx_word' id='word_1_67' title='bbox 1324 1461 1395 1534; x_wconf 92' lang='lat' dir='ltr'><strong>post</strong></span> <span class='ocrx_word' id='word_1_68' title='bbox 1417 1453 1624 1518; x_wconf 73' lang='lat' dir='ltr'><strong>recitationem</strong></span> <span class='ocrx_word' id='word_1_69' title='bbox 1637 1453 1798 1536; x_wconf 88' lang='lat' dir='ltr'><strong>Evangelii</strong></span> <span class='ocrx_word' id='word_1_70' title='bbox 1809 1453 1931 1538; x_wconf 85' lang='lat' dir='ltr'><strong>legitur.</strong></span> <span class='ocrx_word' id='word_1_71' title='bbox 1954 1454 2047 1518; x_wconf 75' lang='lat' dir='ltr'><strong>Exite</strong></span> 
     </span>
    </p>

    <p class='ocr_par' dir='ltr' id='par_1_4' title="bbox 607 1551 2047 3796">
     <span class='ocr_line' id='line_1_9' title="bbox 668 1551 2047 1636; baseline 0 -20"><span class='ocrx_word' id='word_1_72' title='bbox 668 1554 759 1634; x_wconf 79' lang='lat' dir='ltr'><strong>foros</strong></span> <span class='ocrx_word' id='word_1_73' title='bbox 779 1556 833 1635; x_wconf 83' lang='lat' dir='ltr'><strong>pai</strong></span> <span class='ocrx_word' id='word_1_74' title='bbox 851 1573 913 1636; x_wconf 83' lang='lat' dir='ltr'><strong>non</strong></span> <span class='ocrx_word' id='word_1_75' title='bbox 933 1554 1025 1616; x_wconf 80' lang='lat' dir='ltr'><strong>celtis</strong></span> <span class='ocrx_word' id='word_1_76' title='bbox 1047 1555 1187 1632; x_wconf 82' lang='lat' dir='ltr'><strong>occipere</strong></span> <span class='ocrx_word' id='word_1_77' title='bbox 1208 1553 1452 1630; x_wconf 78' lang='lat' dir='ltr'><strong>Somomortam,</strong></span> <span class='ocrx_word' id='word_1_78' title='bbox 1475 1555 1541 1616; x_wconf 83' lang='lat' dir='ltr'><strong>rice</strong></span> <span class='ocrx_word' id='word_1_79' title='bbox 1562 1553 1808 1617; x_wconf 84' lang='lat' dir='ltr'><strong>Eucharistiom:</strong></span> <span class='ocrx_word' id='word_1_80' title='bbox 1829 1555 1871 1616; x_wconf 81' lang='lat' dir='ltr'><strong>ite</strong></span> <span class='ocrx_word' id='word_1_81' title='bbox 1894 1551 2047 1616; x_wconf 79' lang='lat' dir='ltr'><strong>Catacha-</strong></span> 
     </span>
     <span class='ocr_line' id='line_1_10' title="bbox 607 1638 2046 1735; baseline -0.001 -21"><span class='ocrx_word' id='word_1_82' title='bbox 607 1638 609 1642; x_wconf 54' lang='grc'>’</span> <span class='ocrx_word' id='word_1_83' title='bbox 669 1654 760 1729; x_wconf 80' lang='lat' dir='ltr'><strong>mani,</strong></span> <span class='ocrx_word' id='word_1_84' title='bbox 782 1670 843 1716; x_wconf 93' lang='lat' dir='ltr'><strong>non</strong></span> <span class='ocrx_word' id='word_1_85' title='bbox 865 1652 977 1735; x_wconf 88' lang='lat' dir='ltr'><strong>legitur</strong></span> <span class='ocrx_word' id='word_1_86' title='bbox 998 1653 1029 1714; x_wconf 93' lang='lat' dir='ltr'><strong>in</strong></span> <span class='ocrx_word' id='word_1_87' title='bbox 1052 1651 1183 1715; x_wconf 92' lang='lat' dir='ltr'><strong>editione</strong></span> <span class='ocrx_word' id='word_1_88' title='bbox 1196 1651 1385 1733; x_wconf 86' lang='lat' dir='ltr'><strong>Aethiopica.</strong></span> <span class='ocrx_word' id='word_1_89' title='bbox 1420 1652 1520 1716; x_wconf 90' lang='lat' dir='ltr'><strong>Potuit</strong></span> <span class='ocrx_word' id='word_1_90' title='bbox 1541 1651 1661 1735; x_wconf 89' lang='lat' dir='ltr'><strong>quidem</strong></span> <span class='ocrx_word' id='word_1_91' title='bbox 1683 1651 1812 1716; x_wconf 90' lang='lat' dir='ltr'><strong>lormula</strong></span> <span class='ocrx_word' id='word_1_92' title='bbox 1834 1654 1962 1716; x_wconf 88' lang='lat' dir='ltr'><strong>vetustis</strong></span> <span class='ocrx_word' id='word_1_93' title='bbox 1985 1668 2046 1714; x_wconf 91' lang='lat' dir='ltr'><strong>non</strong></span> 
     </span>
     <span class='ocr_line' id='line_1_11' title="bbox 670 1750 2046 1833; baseline 0 -19"><span class='ocrx_word' id='word_1_94' title='bbox 670 1751 825 1829; x_wconf 91' lang='lat' dir='ltr'><strong>absimilis,</strong></span> <span class='ocrx_word' id='word_1_95' title='bbox 848 1769 926 1832; x_wconf 84' lang='lat' dir='ltr'><strong>quae</strong></span> <span class='ocrx_word' id='word_1_96' title='bbox 950 1751 987 1814; x_wconf 93' lang='lat' dir='ltr'><strong>ad</strong></span> <span class='ocrx_word' id='word_1_97' title='bbox 1010 1751 1209 1833; x_wconf 88' lang='lat' dir='ltr'><strong>expellendos</strong></span> <span class='ocrx_word' id='word_1_98' title='bbox 1227 1753 1434 1830; x_wconf 87' lang='lat' dir='ltr'><strong>Poenitentes,</strong></span> <span class='ocrx_word' id='word_1_99' title='bbox 1458 1751 1706 1831; x_wconf 87' lang='lat' dir='ltr'><strong>Catechumenos,</strong></span> <span class='ocrx_word' id='word_1_100' title='bbox 1730 1759 1762 1815; x_wconf 90' lang='lat' dir='ltr'><strong>et</strong></span> <span class='ocrx_word' id='word_1_101' title='bbox 1780 1750 1948 1815; x_wconf 86' lang='lat' dir='ltr'><strong>Audientcs</strong></span> <span class='ocrx_word' id='word_1_102' title='bbox 1971 1769 2046 1832; x_wconf 90' lang='lat' dir='ltr'><strong>spc-</strong></span> 
     </span>
     <span class='ocr_line' id='line_1_12' title="bbox 670 1849 2047 1933; baseline -0.001 -21"><span class='ocrx_word' id='word_1_103' title='bbox 670 1851 781 1930; x_wconf 88' lang='lat' dir='ltr'><strong>ctabat,</strong></span> <span class='ocrx_word' id='word_1_104' title='bbox 798 1852 927 1932; x_wconf 89' lang='lat' dir='ltr'><strong>reperiri</strong></span> <span class='ocrx_word' id='word_1_105' title='bbox 946 1853 976 1913; x_wconf 95' lang='lat' dir='ltr'><strong>in</strong></span> <span class='ocrx_word' id='word_1_106' title='bbox 992 1850 1056 1912; x_wconf 90' lang='lat' dir='ltr'><strong>aliis</strong></span> <span class='ocrx_word' id='word_1_107' title='bbox 1073 1849 1246 1931; x_wconf 81' lang='lat' dir='ltr'><strong>eodictbus,</strong></span> <span class='ocrx_word' id='word_1_108' title='bbox 1270 1869 1346 1931; x_wconf 89' lang='lat' dir='ltr'><strong>quos</strong></span> <span class='ocrx_word' id='word_1_109' title='bbox 1359 1851 1499 1914; x_wconf 90' lang='lat' dir='ltr'><strong>habuerit</strong></span> <span class='ocrx_word' id='word_1_110' title='bbox 1513 1849 1715 1916; x_wconf 72' lang='lat' dir='ltr'><strong>&#39;lesia-sioni</strong></span> <span class='ocrx_word' id='word_1_111' title='bbox 1738 1853 1789 1933; x_wconf 87' lang='lat' dir='ltr'><strong>qui</strong></span> <span class='ocrx_word' id='word_1_112' title='bbox 1811 1869 1877 1913; x_wconf 88' lang='lat' dir='ltr'><strong>curn</strong></span> <span class='ocrx_word' id='word_1_113' title='bbox 1891 1851 2047 1930; x_wconf 92' lang='lat' dir='ltr'><strong>interpre-</strong></span> 
     </span>
     <span class='ocr_line' id='line_1_13' title="bbox 667 1948 2045 2034; baseline 0 -22"><span class='ocrx_word' id='word_1_114' title='bbox 667 1949 746 2012; x_wconf 88' lang='lat' dir='ltr'><strong>tibus</strong></span> <span class='ocrx_word' id='word_1_115' title='bbox 770 1950 976 2034; x_wconf 79' lang='lat' dir='ltr'><strong>suggesserit:</strong></span> <span class='ocrx_word' id='word_1_116' title='bbox 1001 1948 1076 2012; x_wconf 88' lang='lat' dir='ltr'><strong>alios</strong></span> <span class='ocrx_word' id='word_1_117' title='bbox 1099 1951 1218 2034; x_wconf 86' lang='lat' dir='ltr'><strong>omnino</strong></span> <span class='ocrx_word' id='word_1_118' title='bbox 1241 1949 1340 2012; x_wconf 91' lang='lat' dir='ltr'><strong>nullos</strong></span> <span class='ocrx_word' id='word_1_119' title='bbox 1362 1949 1518 2013; x_wconf 88' lang='lat' dir='ltr'><strong>habuimus</strong></span> <span class='ocrx_word' id='word_1_120' title='bbox 1533 1949 1613 2013; x_wconf 89' lang='lat' dir='ltr'><strong>unde</strong></span> <span class='ocrx_word' id='word_1_121' title='bbox 1624 1951 1762 2013; x_wconf 91' lang='lat' dir='ltr'><strong>lectionis</strong></span> <span class='ocrx_word' id='word_1_122' title='bbox 1776 1951 1889 2013; x_wconf 90' lang='lat' dir='ltr'><strong>veritas</strong></span> <span class='ocrx_word' id='word_1_123' title='bbox 1904 1957 2045 2012; x_wconf 86' lang='lat' dir='ltr'><strong>constare</strong></span> 
     </span>
     <span class='ocr_line' id='line_1_14' title="bbox 666 2041 2044 2131; baseline 0 -21"><span class='ocrx_word' id='word_1_124' title='bbox 666 2057 784 2131; x_wconf 90' lang='lat' dir='ltr'><strong>posset.</strong></span> <span class='ocrx_word' id='word_1_125' title='bbox 813 2041 1043 2112; x_wconf 60' lang='lat' dir='ltr'><strong>“Verumtamen</strong></span> <span class='ocrx_word' id='word_1_126' title='bbox 1066 2049 1145 2112; x_wconf 90' lang='lat' dir='ltr'><strong>haud</strong></span> <span class='ocrx_word' id='word_1_127' title='bbox 1167 2057 1281 2112; x_wconf 89' lang='lat' dir='ltr'><strong>temere</strong></span> <span class='ocrx_word' id='word_1_128' title='bbox 1305 2049 1497 2130; x_wconf 83' lang='lat' dir='ltr'><strong>affirmamus,</strong></span> <span class='ocrx_word' id='word_1_129' title='bbox 1526 2050 1605 2112; x_wconf 91' lang='lat' dir='ltr'><strong>illam</strong></span> <span class='ocrx_word' id='word_1_130' title='bbox 1629 2057 1662 2112; x_wconf 94' lang='lat' dir='ltr'><strong>ut</strong></span> <span class='ocrx_word' id='word_1_131' title='bbox 1683 2050 1789 2113; x_wconf 90' lang='lat' dir='ltr'><strong>Latine</strong></span> <span class='ocrx_word' id='word_1_132' title='bbox 1813 2067 1962 2130; x_wconf 88' lang='lat' dir='ltr'><strong>expressa</strong></span> <span class='ocrx_word' id='word_1_133' title='bbox 1985 2055 2044 2127; x_wconf 89' lang='lat' dir='ltr'><strong>est,</strong></span> 
     </span>
     <span class='ocr_line' id='line_1_15' title="bbox 667 2147 2045 2231; baseline -0.002 -19"><span class='ocrx_word' id='word_1_134' title='bbox 667 2157 751 2212; x_wconf 89' lang='lat' dir='ltr'><strong>stare</strong></span> <span class='ocrx_word' id='word_1_135' title='bbox 773 2164 835 2210; x_wconf 94' lang='lat' dir='ltr'><strong>non</strong></span> <span class='ocrx_word' id='word_1_136' title='bbox 857 2166 960 2229; x_wconf 89' lang='lat' dir='ltr'><strong>posse,</strong></span> <span class='ocrx_word' id='word_1_137' title='bbox 984 2167 1052 2212; x_wconf 88' lang='lat' dir='ltr'><strong>curn</strong></span> <span class='ocrx_word' id='word_1_138' title='bbox 1074 2149 1184 2211; x_wconf 93' lang='lat' dir='ltr'><strong>dudum</strong></span> <span class='ocrx_word' id='word_1_139' title='bbox 1206 2148 1327 2228; x_wconf 90' lang='lat' dir='ltr'><strong>publice</strong></span> <span class='ocrx_word' id='word_1_140' title='bbox 1349 2151 1553 2231; x_wconf 92' lang='lat' dir='ltr'><strong>poenitentes,</strong></span> <span class='ocrx_word' id='word_1_141' title='bbox 1576 2157 1628 2212; x_wconf 91' lang='lat' dir='ltr'><strong>aut</strong></span> <span class='ocrx_word' id='word_1_142' title='bbox 1651 2149 1867 2213; x_wconf 75' lang='lat' dir='ltr'><strong>catechumeni</strong></span> <span class='ocrx_word' id='word_1_143' title='bbox 1889 2151 1918 2211; x_wconf 93' lang='lat' dir='ltr'><strong>in</strong></span> <span class='ocrx_word' id='word_1_144' title='bbox 1931 2147 2045 2211; x_wconf 91' lang='lat' dir='ltr'><strong>Eccle-</strong></span> 
     </span>
     <span class='ocr_line' id='line_1_16' title="bbox 667 2247 2044 2331; baseline -0.001 -21"><span class='ocrx_word' id='word_1_145' title='bbox 667 2249 721 2311; x_wconf 91' lang='lat' dir='ltr'><strong>siis</strong></span> <span class='ocrx_word' id='word_1_146' title='bbox 744 2247 947 2310; x_wconf 89' lang='lat' dir='ltr'><strong>Orientalibus</strong></span> <span class='ocrx_word' id='word_1_147' title='bbox 970 2247 1043 2311; x_wconf 95' lang='lat' dir='ltr'><strong>nulli</strong></span> <span class='ocrx_word' id='word_1_148' title='bbox 1066 2250 1141 2328; x_wconf 91' lang='lat' dir='ltr'><strong>sint,</strong></span> <span class='ocrx_word' id='word_1_149' title='bbox 1167 2247 1224 2310; x_wconf 93' lang='lat' dir='ltr'><strong>illis</strong></span> <span class='ocrx_word' id='word_1_150' title='bbox 1247 2251 1427 2329; x_wconf 89' lang='lat' dir='ltr'><strong>praesertim</strong></span> <span class='ocrx_word' id='word_1_151' title='bbox 1450 2250 1480 2311; x_wconf 92' lang='lat' dir='ltr'><strong>in</strong></span> <span class='ocrx_word' id='word_1_152' title='bbox 1502 2248 1678 2331; x_wconf 84' lang='lat' dir='ltr'><strong>regionibus</strong></span> <span class='ocrx_word' id='word_1_153' title='bbox 1685 2296 1696 2327; x_wconf 91' lang='lat'><strong>,</strong></span> <span class='ocrx_word' id='word_1_154' title='bbox 1725 2267 1803 2331; x_wconf 92' lang='lat' dir='ltr'><strong>quac</strong></span> <span class='ocrx_word' id='word_1_155' title='bbox 1825 2247 2044 2311; x_wconf 89' lang='lat' dir='ltr'><strong>lluhamedano</strong></span> 
     </span>
     <span class='ocr_line' id='line_1_17' title="bbox 667 2339 2046 2429; baseline -0.001 -19"><span class='ocrx_word' id='word_1_156' title='bbox 667 2348 799 2428; x_wconf 88' lang='lat' dir='ltr'><strong>Imperio</strong></span> <span class='ocrx_word' id='word_1_157' title='bbox 823 2349 1024 2411; x_wconf 88' lang='lat' dir='ltr'><strong>continentur.</strong></span> <span class='ocrx_word' id='word_1_158' title='bbox 1052 2347 1085 2410; x_wconf 93' lang='lat' dir='ltr'><strong>ln</strong></span> <span class='ocrx_word' id='word_1_159' title='bbox 1107 2347 1269 2429; x_wconf 86' lang='lat' dir='ltr'><strong>Aethiopia</strong></span> <span class='ocrx_word' id='word_1_160' title='bbox 1300 2339 1425 2429; x_wconf 88' lang='lat' dir='ltr'><strong>quidem</strong></span> <span class='ocrx_word' id='word_1_161' title='bbox 1447 2349 1554 2429; x_wconf 90' lang='lat' dir='ltr'><strong>vigere</strong></span> <span class='ocrx_word' id='word_1_162' title='bbox 1577 2349 1674 2429; x_wconf 89' lang='lat' dir='ltr'><strong>potuit</strong></span> <span class='ocrx_word' id='word_1_163' title='bbox 1696 2347 1773 2411; x_wconf 92' lang='lat' dir='ltr'><strong>baec</strong></span> <span class='ocrx_word' id='word_1_164' title='bbox 1796 2347 1955 2428; x_wconf 84' lang='lat' dir='ltr'><strong>disciplina</strong></span> <span class='ocrx_word' id='word_1_165' title='bbox 1978 2365 2046 2409; x_wconf 90' lang='lat' dir='ltr'><strong>cum</strong></span> 
     </span>
     <span class='ocr_line' id='line_1_18' title="bbox 666 2443 2046 2528; baseline 0 -20"><span class='ocrx_word' id='word_1_166' title='bbox 666 2446 770 2528; x_wconf 84' lang='lat' dir='ltr'><strong>llegcs</strong></span> <span class='ocrx_word' id='word_1_167' title='bbox 793 2443 956 2508; x_wconf 87' lang='lat' dir='ltr'><strong>Christiani</strong></span> <span class='ocrx_word' id='word_1_168' title='bbox 978 2444 1095 2508; x_wconf 78' lang='lat' dir='ltr'><strong>forent:</strong></span> <span class='ocrx_word' id='word_1_169' title='bbox 1118 2445 1174 2510; x_wconf 91' lang='lat' dir='ltr'><strong>sed</strong></span> <span class='ocrx_word' id='word_1_170' title='bbox 1196 2464 1265 2508; x_wconf 92' lang='lat' dir='ltr'><strong>cum</strong></span> <span class='ocrx_word' id='word_1_171' title='bbox 1287 2447 1317 2508; x_wconf 92' lang='lat' dir='ltr'><strong>in</strong></span> <span class='ocrx_word' id='word_1_172' title='bbox 1332 2444 1539 2510; x_wconf 88' lang='lat' dir='ltr'><strong>Alexandrina</strong></span> <span class='ocrx_word' id='word_1_173' title='bbox 1555 2446 1692 2510; x_wconf 86' lang='lat' dir='ltr'><strong>Ecclesia</strong></span> <span class='ocrx_word' id='word_1_174' title='bbox 1714 2446 1835 2528; x_wconf 86' lang='lat' dir='ltr'><strong>penitus</strong></span> <span class='ocrx_word' id='word_1_175' title='bbox 1859 2445 2046 2509; x_wconf 86' lang='lat' dir='ltr'><strong>obsoleverit</strong></span> 
     </span>
     <span class='ocr_line' id='line_1_19' title="bbox 667 2543 2046 2630; baseline 0 -22"><span class='ocrx_word' id='word_1_176' title='bbox 667 2565 686 2608; x_wconf 91' lang='lat' dir='ltr'><strong>a</strong></span> <span class='ocrx_word' id='word_1_177' title='bbox 707 2545 807 2608; x_wconf 92' lang='lat' dir='ltr'><strong>multis</strong></span> <span class='ocrx_word' id='word_1_178' title='bbox 830 2545 970 2624; x_wconf 92' lang='lat' dir='ltr'><strong>saeculis,</strong></span> <span class='ocrx_word' id='word_1_179' title='bbox 994 2552 1085 2608; x_wconf 90' lang='lat' dir='ltr'><strong>etex</strong></span> <span class='ocrx_word' id='word_1_180' title='bbox 1108 2564 1168 2627; x_wconf 90' lang='lat' dir='ltr'><strong>quo</strong></span> <span class='ocrx_word' id='word_1_181' title='bbox 1183 2543 1303 2607; x_wconf 89' lang='lat' dir='ltr'><strong>Arabes</strong></span> <span class='ocrx_word' id='word_1_182' title='bbox 1318 2546 1494 2628; x_wconf 72' lang='lat' dir='ltr'><strong>Aegyptum</strong></span> <span class='ocrx_word' id='word_1_183' title='bbox 1516 2546 1714 2630; x_wconf 88' lang='lat' dir='ltr'><strong>subegerunt,</strong></span> <span class='ocrx_word' id='word_1_184' title='bbox 1737 2565 1826 2610; x_wconf 91' lang='lat' dir='ltr'><strong>sacra</strong></span> <span class='ocrx_word' id='word_1_185' title='bbox 1848 2546 1923 2609; x_wconf 91' lang='lat' dir='ltr'><strong>baec</strong></span> <span class='ocrx_word' id='word_1_186' title='bbox 1946 2545 2046 2608; x_wconf 87' lang='lat' dir='ltr'><strong>omnia</strong></span> 
     </span>
     <span class='ocr_line' id='line_1_20' title="bbox 667 2643 2045 2727; baseline -0.003 -19"><span class='ocrx_word' id='word_1_187' title='bbox 667 2643 836 2725; x_wconf 86' lang='lat' dir='ltr'><strong>Aethiopes</strong></span> <span class='ocrx_word' id='word_1_188' title='bbox 866 2662 882 2705; x_wconf 90' lang='lat' dir='ltr'><strong>a</strong></span> <span class='ocrx_word' id='word_1_189' title='bbox 913 2643 1092 2706; x_wconf 90' lang='lat' dir='ltr'><strong>Patriarchis</strong></span> <span class='ocrx_word' id='word_1_190' title='bbox 1121 2643 1336 2708; x_wconf 85' lang='lat' dir='ltr'><strong>Alexandrinis</strong></span> <span class='ocrx_word' id='word_1_191' title='bbox 1367 2647 1555 2726; x_wconf 91' lang='lat' dir='ltr'><strong>acceperint,</strong></span> <span class='ocrx_word' id='word_1_192' title='bbox 1586 2648 1742 2727; x_wconf 90' lang='lat' dir='ltr'><strong>ipsamque</strong></span> <span class='ocrx_word' id='word_1_193' title='bbox 1763 2644 2045 2726; x_wconf 81' lang='lat' dir='ltr'><strong>Monophysitarum</strong></span> 
     </span>
     <span class='ocr_line' id='line_1_21' title="bbox 666 2742 2046 2826; baseline -0.003 -20"><span class='ocrx_word' id='word_1_194' title='bbox 666 2743 826 2806; x_wconf 90' lang='lat' dir='ltr'><strong>haeresin:</strong></span> <span class='ocrx_word' id='word_1_195' title='bbox 848 2762 963 2806; x_wconf 91' lang='lat' dir='ltr'><strong>morem</strong></span> <span class='ocrx_word' id='word_1_196' title='bbox 987 2745 1037 2824; x_wconf 90' lang='lat' dir='ltr'><strong>qui</strong></span> <span class='ocrx_word' id='word_1_197' title='bbox 1060 2742 1141 2824; x_wconf 90' lang='lat' dir='ltr'><strong>apud</strong></span> <span class='ocrx_word' id='word_1_198' title='bbox 1163 2745 1236 2806; x_wconf 88' lang='lat' dir='ltr'><strong>istos</strong></span> <span class='ocrx_word' id='word_1_199' title='bbox 1259 2762 1319 2806; x_wconf 93' lang='lat' dir='ltr'><strong>non</strong></span> <span class='ocrx_word' id='word_1_200' title='bbox 1342 2753 1513 2826; x_wconf 85' lang='lat' dir='ltr'><strong>supererat,</strong></span> <span class='ocrx_word' id='word_1_201' title='bbox 1537 2743 1705 2826; x_wconf 91' lang='lat' dir='ltr'><strong>Aethiopes</strong></span> <span class='ocrx_word' id='word_1_202' title='bbox 1727 2745 1892 2807; x_wconf 89' lang='lat' dir='ltr'><strong>retinuisse</strong></span> <span class='ocrx_word' id='word_1_203' title='bbox 1914 2759 1975 2804; x_wconf 91' lang='lat' dir='ltr'><strong>non</strong></span> <span class='ocrx_word' id='word_1_204' title='bbox 1998 2747 2046 2802; x_wconf 91' lang='lat' dir='ltr'><strong>est</strong></span> 
     </span>
     <span class='ocr_line' id='line_1_22' title="bbox 666 2842 2045 2925; baseline 0 -23"><span class='ocrx_word' id='word_1_205' title='bbox 666 2842 841 2907; x_wconf 89' lang='lat' dir='ltr'><strong>verisimile.</strong></span> <span class='ocrx_word' id='word_1_206' title='bbox 878 2842 1085 2905; x_wconf 90' lang='lat' dir='ltr'><strong>Poenitentiac</strong></span> <span class='ocrx_word' id='word_1_207' title='bbox 1109 2859 1231 2924; x_wconf 84' lang='lat' dir='ltr'><strong>quoque</strong></span> <span class='ocrx_word' id='word_1_208' title='bbox 1252 2842 1391 2925; x_wconf 91' lang='lat' dir='ltr'><strong>publicae</strong></span> <span class='ocrx_word' id='word_1_209' title='bbox 1415 2861 1502 2924; x_wconf 90' lang='lat' dir='ltr'><strong>quam</strong></span> <span class='ocrx_word' id='word_1_210' title='bbox 1525 2843 1603 2906; x_wconf 92' lang='lat' dir='ltr'><strong>haec</strong></span> <span class='ocrx_word' id='word_1_211' title='bbox 1624 2843 1810 2907; x_wconf 87' lang='lat' dir='ltr'><strong>denuntiatio</strong></span> <span class='ocrx_word' id='word_1_212' title='bbox 1825 2842 1952 2906; x_wconf 90' lang='lat' dir='ltr'><strong>Diaconi</strong></span> <span class='ocrx_word' id='word_1_213' title='bbox 1968 2859 2045 2922; x_wconf 89' lang='lat' dir='ltr'><strong>sup-</strong></span> 
     </span>
     <span class='ocr_line' id='line_1_23' title="bbox 666 2941 2044 3024; baseline -0.001 -21"><span class='ocrx_word' id='word_1_214' title='bbox 666 2943 753 3024; x_wconf 93' lang='lat' dir='ltr'><strong>ponit</strong></span> <span class='ocrx_word' id='word_1_215' title='bbox 775 2943 968 3019; x_wconf 88' lang='lat' dir='ltr'><strong>necessario,</strong></span> <span class='ocrx_word' id='word_1_216' title='bbox 991 2960 1029 3005; x_wconf 92' lang='lat' dir='ltr'><strong>ne</strong></span> <span class='ocrx_word' id='word_1_217' title='bbox 1052 2942 1120 3004; x_wconf 90' lang='lat' dir='ltr'><strong>leve</strong></span> <span class='ocrx_word' id='word_1_218' title='bbox 1144 2941 1263 3022; x_wconf 89' lang='lat' dir='ltr'><strong>quidem</strong></span> <span class='ocrx_word' id='word_1_219' title='bbox 1286 2951 1427 3024; x_wconf 91' lang='lat' dir='ltr'><strong>superest</strong></span> <span class='ocrx_word' id='word_1_220' title='bbox 1450 2944 1480 3004; x_wconf 94' lang='lat' dir='ltr'><strong>in</strong></span> <span class='ocrx_word' id='word_1_221' title='bbox 1497 2943 1635 3006; x_wconf 85' lang='lat' dir='ltr'><strong>Ecclesia</strong></span> <span class='ocrx_word' id='word_1_222' title='bbox 1662 2942 1842 3024; x_wconf 88' lang='lat' dir='ltr'><strong>Aethiopica</strong></span> <span class='ocrx_word' id='word_1_223' title='bbox 1868 2941 2044 3024; x_wconf 89' lang='lat' dir='ltr'><strong>vestigium:</strong></span> 
     </span>
     <span class='ocr_line' id='line_1_24' title="bbox 665 3039 2045 3122; baseline 0.001 -21"><span class='ocrx_word' id='word_1_224' title='bbox 665 3041 727 3103; x_wconf 90' lang='lat' dir='ltr'><strong>imo</strong></span> <span class='ocrx_word' id='word_1_225' title='bbox 750 3043 776 3104; x_wconf 90' lang='lat' dir='ltr'><strong>si</strong></span> <span class='ocrx_word' id='word_1_226' title='bbox 799 3041 954 3104; x_wconf 91' lang='lat' dir='ltr'><strong>autoribus</strong></span> <span class='ocrx_word' id='word_1_227' title='bbox 977 3040 1035 3104; x_wconf 89' lang='lat' dir='ltr'><strong>lide</strong></span> <span class='ocrx_word' id='word_1_228' title='bbox 1059 3041 1157 3122; x_wconf 88' lang='lat' dir='ltr'><strong>dignis</strong></span> <span class='ocrx_word' id='word_1_229' title='bbox 1180 3041 1331 3105; x_wconf 89' lang='lat' dir='ltr'><strong>Arabibus</strong></span> <span class='ocrx_word' id='word_1_230' title='bbox 1355 3051 1385 3105; x_wconf 89' lang='lat' dir='ltr'><strong>et</strong></span> <span class='ocrx_word' id='word_1_231' title='bbox 1407 3043 1557 3106; x_wconf 89' lang='lat' dir='ltr'><strong>Lusitanis</strong></span> <span class='ocrx_word' id='word_1_232' title='bbox 1587 3042 1753 3118; x_wconf 89' lang='lat' dir='ltr'><strong>credimus,</strong></span> <span class='ocrx_word' id='word_1_233' title='bbox 1781 3050 1814 3104; x_wconf 92' lang='lat' dir='ltr'><strong>ut</strong></span> <span class='ocrx_word' id='word_1_234' title='bbox 1839 3039 2045 3104; x_wconf 86' lang='lat' dir='ltr'><strong>Alexandriae</strong></span> 
     </span>
     <span class='ocr_line' id='line_1_25' title="bbox 667 3139 2045 3223; baseline -0.001 -21"><span class='ocrx_word' id='word_1_235' title='bbox 667 3141 844 3222; x_wconf 91' lang='lat' dir='ltr'><strong>aliquando,</strong></span> <span class='ocrx_word' id='word_1_236' title='bbox 873 3142 913 3203; x_wconf 92' lang='lat' dir='ltr'><strong>ita</strong></span> <span class='ocrx_word' id='word_1_237' title='bbox 944 3141 974 3202; x_wconf 94' lang='lat' dir='ltr'><strong>in</strong></span> <span class='ocrx_word' id='word_1_238' title='bbox 996 3139 1176 3221; x_wconf 91' lang='lat' dir='ltr'><strong>Aethiopica</strong></span> <span class='ocrx_word' id='word_1_239' title='bbox 1203 3141 1321 3204; x_wconf 89' lang='lat' dir='ltr'><strong>sublata</strong></span> <span class='ocrx_word' id='word_1_240' title='bbox 1345 3149 1409 3204; x_wconf 89' lang='lat' dir='ltr'><strong>erat</strong></span> <span class='ocrx_word' id='word_1_241' title='bbox 1432 3148 1625 3222; x_wconf 89' lang='lat' dir='ltr'><strong>peccatorum</strong></span> <span class='ocrx_word' id='word_1_242' title='bbox 1649 3141 1729 3223; x_wconf 91' lang='lat' dir='ltr'><strong>apud</strong></span> <span class='ocrx_word' id='word_1_243' title='bbox 1752 3140 1935 3205; x_wconf 89' lang='lat' dir='ltr'><strong>Sacerdotes</strong></span> <span class='ocrx_word' id='word_1_244' title='bbox 1959 3139 2045 3204; x_wconf 85' lang='lat' dir='ltr'><strong>Con-</strong></span> 
     </span>
     <span class='ocr_line' id='line_1_26' title="bbox 666 3238 2044 3322; baseline -0.001 -19"><span class='ocrx_word' id='word_1_245' title='bbox 666 3239 774 3303; x_wconf 78' lang='lat' dir='ltr'><strong>fessio:</strong></span> <span class='ocrx_word' id='word_1_246' title='bbox 798 3247 830 3303; x_wconf 93' lang='grc' dir='ltr'><strong>ιιι</strong></span> <span class='ocrx_word' id='word_1_247' title='bbox 854 3238 977 3318; x_wconf 81' lang='lat' dir='ltr'><strong>Conon,</strong></span> <span class='ocrx_word' id='word_1_248' title='bbox 1000 3241 1066 3303; x_wconf 92' lang='lat' dir='ltr'><strong>sive</strong></span> <span class='ocrx_word' id='word_1_249' title='bbox 1089 3239 1206 3322; x_wconf 87' lang='lat' dir='ltr'><strong>agenda</strong></span> <span class='ocrx_word' id='word_1_250' title='bbox 1230 3258 1270 3303; x_wconf 93' lang='lat' dir='ltr'><strong>ex</strong></span> <span class='ocrx_word' id='word_1_251' title='bbox 1293 3239 1449 3303; x_wconf 83' lang='lat' dir='ltr'><strong>canonum</strong></span> <span class='ocrx_word' id='word_1_252' title='bbox 1471 3243 1661 3322; x_wconf 91' lang='lat' dir='ltr'><strong>praescripto</strong></span> <span class='ocrx_word' id='word_1_253' title='bbox 1684 3241 1888 3321; x_wconf 89' lang='lat' dir='ltr'><strong>poenitentia,</strong></span> <span class='ocrx_word' id='word_1_254' title='bbox 1922 3257 1981 3320; x_wconf 86' lang='lat' dir='ltr'><strong>qua</strong></span> <span class='ocrx_word' id='word_1_255' title='bbox 2006 3238 2044 3302; x_wconf 91' lang='lat' dir='ltr'><strong>de</strong></span> 
     </span>
     <span class='ocr_line' id='line_1_27' title="bbox 666 3339 2044 3422; baseline -0.001 -21"><span class='ocrx_word' id='word_1_256' title='bbox 666 3357 702 3401; x_wconf 91' lang='lat' dir='ltr'><strong>re</strong></span> <span class='ocrx_word' id='word_1_257' title='bbox 726 3339 837 3401; x_wconf 90' lang='lat' dir='ltr'><strong>dictum</strong></span> <span class='ocrx_word' id='word_1_258' title='bbox 861 3347 908 3402; x_wconf 93' lang='lat' dir='ltr'><strong>est</strong></span> <span class='ocrx_word' id='word_1_259' title='bbox 931 3339 1011 3403; x_wconf 92' lang='lat' dir='ltr'><strong>alibi.</strong></span> <span class='ocrx_word' id='word_1_260' title='bbox 1056 3339 1154 3402; x_wconf 89' lang='lat' dir='ltr'><strong>Potuit</strong></span> <span class='ocrx_word' id='word_1_261' title='bbox 1178 3347 1275 3402; x_wconf 87' lang='lat' dir='ltr'><strong>tamen</strong></span> <span class='ocrx_word' id='word_1_262' title='bbox 1299 3357 1339 3402; x_wconf 90' lang='lat' dir='ltr'><strong>ex</strong></span> <span class='ocrx_word' id='word_1_263' title='bbox 1360 3341 1459 3402; x_wconf 88' lang='lat' dir='ltr'><strong>veteri</strong></span> <span class='ocrx_word' id='word_1_264' title='bbox 1482 3341 1618 3403; x_wconf 90' lang='lat' dir='ltr'><strong>instituto</strong></span> <span class='ocrx_word' id='word_1_265' title='bbox 1642 3358 1824 3422; x_wconf 90' lang='lat' dir='ltr'><strong>superesse,</strong></span> <span class='ocrx_word' id='word_1_266' title='bbox 1852 3340 2044 3420; x_wconf 90' lang='lat' dir='ltr'><strong>poenitentes</strong></span> 
     </span>
     <span class='ocr_line' id='line_1_28' title="bbox 668 3437 2044 3521; baseline -0.001 -21"><span class='ocrx_word' id='word_1_267' title='bbox 668 3446 699 3500; x_wconf 94' lang='lat' dir='ltr'><strong>et</strong></span> <span class='ocrx_word' id='word_1_268' title='bbox 723 3437 962 3501; x_wconf 77' lang='lat' dir='ltr'><strong>catechumenos</strong></span> <span class='ocrx_word' id='word_1_269' title='bbox 993 3438 1131 3520; x_wconf 89' lang='lat' dir='ltr'><strong>ejiciendi</strong></span> <span class='ocrx_word' id='word_1_270' title='bbox 1160 3437 1287 3502; x_wconf 90' lang='lat' dir='ltr'><strong>lormula</strong></span> <span class='ocrx_word' id='word_1_271' title='bbox 1316 3446 1349 3501; x_wconf 92' lang='lat' dir='ltr'><strong>ut</strong></span> <span class='ocrx_word' id='word_1_272' title='bbox 1377 3441 1521 3502; x_wconf 87' lang='lat' dir='ltr'><strong>remansit</strong></span> <span class='ocrx_word' id='word_1_273' title='bbox 1544 3441 1573 3502; x_wconf 89' lang='lat' dir='ltr'><strong>in</strong></span> <span class='ocrx_word' id='word_1_274' title='bbox 1597 3439 1730 3521; x_wconf 83' lang='lat' dir='ltr'><strong>Syriacis</strong></span> <span class='ocrx_word' id='word_1_275' title='bbox 1753 3439 1867 3520; x_wconf 88' lang='lat' dir='ltr'><strong>aliquot</strong></span> <span class='ocrx_word' id='word_1_276' title='bbox 1889 3437 2044 3520; x_wconf 81' lang='lat' dir='ltr'><strong>biturgiis‚</strong></span> 
     </span>
     <span class='ocr_line' id='line_1_29' title="bbox 667 3536 2044 3619; baseline 0 -20"><span class='ocrx_word' id='word_1_277' title='bbox 667 3538 802 3618; x_wconf 87' lang='lat' dir='ltr'><strong>quamvis</strong></span> <span class='ocrx_word' id='word_1_278' title='bbox 826 3557 866 3600; x_wconf 92' lang='lat' dir='ltr'><strong>ex</strong></span> <span class='ocrx_word' id='word_1_279' title='bbox 889 3538 1059 3601; x_wconf 92' lang='lat' dir='ltr'><strong>testimonio</strong></span> <span class='ocrx_word' id='word_1_280' title='bbox 1082 3536 1189 3600; x_wconf 87' lang='lat' dir='ltr'><strong>Jacobi</strong></span> <span class='ocrx_word' id='word_1_281' title='bbox 1210 3536 1360 3601; x_wconf 90' lang='lat' dir='ltr'><strong>Edesscni</strong></span> <span class='ocrx_word' id='word_1_282' title='bbox 1387 3539 1437 3619; x_wconf 93' lang='lat' dir='ltr'><strong>qui</strong></span> <span class='ocrx_word' id='word_1_283' title='bbox 1459 3538 1539 3602; x_wconf 86' lang='lat' dir='ltr'><strong>Vll⁰.</strong></span> <span class='ocrx_word' id='word_1_284' title='bbox 1567 3541 1688 3602; x_wconf 88' lang='lat' dir='ltr'><strong>vivebat</strong></span> <span class='ocrx_word' id='word_1_285' title='bbox 1710 3538 1834 3602; x_wconf 90' lang='lat' dir='ltr'><strong>saeculo</strong></span> <span class='ocrx_word' id='word_1_286' title='bbox 1856 3557 1907 3602; x_wconf 92' lang='lat' dir='ltr'><strong>res</strong></span> <span class='ocrx_word' id='word_1_287' title='bbox 1931 3539 1962 3599; x_wconf 92' lang='lat' dir='ltr'><strong>in</strong></span> <span class='ocrx_word' id='word_1_288' title='bbox 1985 3537 2044 3600; x_wconf 91' lang='lat' dir='ltr'><strong>de-</strong></span> 
     </span>
     <span class='ocr_line' id='line_1_30' title="bbox 667 3636 2044 3720; baseline -0.001 -21"><span class='ocrx_word' id='word_1_289' title='bbox 667 3636 856 3699; x_wconf 87' lang='lat' dir='ltr'><strong>suetudinem</strong></span> <span class='ocrx_word' id='word_1_290' title='bbox 880 3637 1014 3716; x_wconf 91' lang='lat' dir='ltr'><strong>abiisset,</strong></span> <span class='ocrx_word' id='word_1_291' title='bbox 1038 3636 1118 3718; x_wconf 90' lang='lat' dir='ltr'><strong>quod</strong></span> <span class='ocrx_word' id='word_1_292' title='bbox 1142 3637 1230 3699; x_wconf 89' lang='lat' dir='ltr'><strong>etiarn</strong></span> <span class='ocrx_word' id='word_1_293' title='bbox 1253 3637 1292 3701; x_wconf 90' lang='lat' dir='ltr'><strong>de</strong></span> <span class='ocrx_word' id='word_1_294' title='bbox 1315 3656 1368 3701; x_wconf 90' lang='lat' dir='ltr'><strong>sua</strong></span> <span class='ocrx_word' id='word_1_295' title='bbox 1392 3646 1509 3718; x_wconf 89' lang='lat' dir='ltr'><strong>aetate,</strong></span> <span class='ocrx_word' id='word_1_296' title='bbox 1532 3655 1640 3720; x_wconf 90' lang='lat' dir='ltr'><strong>nempe</strong></span> <span class='ocrx_word' id='word_1_297' title='bbox 1663 3637 1743 3703; x_wconf 88' lang='lat' dir='ltr'><strong>Xll⁰.</strong></span> <span class='ocrx_word' id='word_1_298' title='bbox 1767 3637 1892 3702; x_wconf 88' lang='lat' dir='ltr'><strong>saeculo</strong></span> <span class='ocrx_word' id='word_1_299' title='bbox 1915 3644 2044 3701; x_wconf 90' lang='lat' dir='ltr'><strong>testatur</strong></span> 
     </span>
     <span class='ocr_line' id='line_1_31' title="bbox 666 3735 822 3796; baseline -0.013 0"><span class='ocrx_word' id='word_1_300' title='bbox 666 3735 822 3796; x_wconf 87' lang='lat' dir='ltr'><strong>Barsalibi.</strong></span> 
     </span>
    </p>

    <p class='ocr_par' dir='ltr' id='par_1_5' title="bbox 666 3835 2044 4508">
     <span class='ocr_line' id='line_1_32' title="bbox 753 3835 2043 3917; baseline -0.002 -21"><span class='ocrx_word' id='word_1_301' title='bbox 753 3835 864 3896; x_wconf 85' lang='lat' dir='ltr'><strong>Verum</strong></span> <span class='ocrx_word' id='word_1_302' title='bbox 894 3835 1027 3913; x_wconf 86' lang='lat' dir='ltr'><strong>quamvis</strong></span> <span class='ocrx_word' id='word_1_303' title='bbox 1057 3835 1096 3896; x_wconf 90' lang='lat' dir='ltr'><strong>ita</strong></span> <span class='ocrx_word' id='word_1_304' title='bbox 1127 3841 1223 3913; x_wconf 91' lang='lat' dir='ltr'><strong>esset,</strong></span> <span class='ocrx_word' id='word_1_305' title='bbox 1253 3843 1458 3916; x_wconf 90' lang='lat' dir='ltr'><strong>peccaverunt</strong></span> <span class='ocrx_word' id='word_1_306' title='bbox 1486 3837 1593 3916; x_wconf 91' lang='lat' dir='ltr'><strong>procul</strong></span> <span class='ocrx_word' id='word_1_307' title='bbox 1620 3835 1711 3899; x_wconf 92' lang='lat' dir='ltr'><strong>dubio</strong></span> <span class='ocrx_word' id='word_1_308' title='bbox 1741 3836 1942 3917; x_wconf 87' lang='lat' dir='ltr'><strong>interpretes,</strong></span> <span class='ocrx_word' id='word_1_309' title='bbox 1975 3850 2043 3896; x_wconf 91' lang='lat' dir='ltr'><strong>cum</strong></span> 
     </span>
     <span class='ocr_line' id='line_1_33' title="bbox 666 3931 2044 4015; baseline -0.001 -21"><span class='ocrx_word' id='word_1_310' title='bbox 666 3931 747 3994; x_wconf 91' lang='lat' dir='ltr'><strong>nulla</strong></span> <span class='ocrx_word' id='word_1_311' title='bbox 777 3950 907 4014; x_wconf 87' lang='lat' dir='ltr'><strong>unquam</strong></span> <span class='ocrx_word' id='word_1_312' title='bbox 936 3933 1007 4015; x_wconf 89' lang='lat' dir='ltr'><strong>lege</strong></span> <span class='ocrx_word' id='word_1_313' title='bbox 1038 3932 1253 3996; x_wconf 85' lang='lat' dir='ltr'><strong>Ecclesiastico</strong></span> <span class='ocrx_word' id='word_1_314' title='bbox 1284 3934 1362 4014; x_wconf 89' lang='lat' dir='ltr'><strong>pulsi</strong></span> <span class='ocrx_word' id='word_1_315' title='bbox 1396 3936 1536 4000; x_wconf 89' lang='lat' dir='ltr'><strong>Ecclesia</strong></span> <span class='ocrx_word' id='word_1_316' title='bbox 1565 3935 1693 4014; x_wconf 82' lang='lat' dir='ltr'><strong>luerim,</strong></span> <span class='ocrx_word' id='word_1_317' title='bbox 1724 3936 1774 4015; x_wconf 86' lang='lat' dir='ltr'><strong>qui</strong></span> <span class='ocrx_word' id='word_1_318' title='bbox 1804 3931 2044 3996; x_wconf 89' lang='lat' dir='ltr'><strong>communionem</strong></span> 
     </span>
     <span class='ocr_line' id='line_1_34' title="bbox 667 4030 2040 4115; baseline -0.004 -19"><span class='ocrx_word' id='word_1_319' title='bbox 667 4032 928 4096; x_wconf 85' lang='lat' dir='ltr'><strong>Sacramentorum</strong></span> <span class='ocrx_word' id='word_1_320' title='bbox 958 4050 1019 4095; x_wconf 93' lang='lat' dir='ltr'><strong>non</strong></span> <span class='ocrx_word' id='word_1_321' title='bbox 1041 4032 1239 4112; x_wconf 90' lang='lat' dir='ltr'><strong>accipiebant,</strong></span> <span class='ocrx_word' id='word_1_322' title='bbox 1263 4034 1321 4095; x_wconf 90' lang='lat' dir='ltr'><strong>nisi</strong></span> <span class='ocrx_word' id='word_1_323' title='bbox 1343 4052 1399 4115; x_wconf 91' lang='lat' dir='ltr'><strong>per</strong></span> <span class='ocrx_word' id='word_1_324' title='bbox 1423 4035 1562 4098; x_wconf 89' lang='lat' dir='ltr'><strong>Canoncs</strong></span> <span class='ocrx_word' id='word_1_325' title='bbox 1585 4054 1622 4098; x_wconf 91' lang='lat' dir='ltr'><strong>oa</strong></span> <span class='ocrx_word' id='word_1_326' title='bbox 1645 4034 1888 4098; x_wconf 88' lang='lat' dir='ltr'><strong>excluderentur.</strong></span> <span class='ocrx_word' id='word_1_327' title='bbox 1922 4030 2040 4093; x_wconf 90' lang='lat' dir='ltr'><strong>Intelli-</strong></span> 
     </span>
     <span class='ocr_line' id='line_1_35' title="bbox 666 4129 2043 4216; baseline -0.001 -24"><span class='ocrx_word' id='word_1_328' title='bbox 666 4129 799 4213; x_wconf 90' lang='lat' dir='ltr'><strong>gendum</strong></span> <span class='ocrx_word' id='word_1_329' title='bbox 822 4133 915 4214; x_wconf 92' lang='lat' dir='ltr'><strong>igitur</strong></span> <span class='ocrx_word' id='word_1_330' title='bbox 937 4139 984 4195; x_wconf 92' lang='lat' dir='ltr'><strong>est</strong></span> <span class='ocrx_word' id='word_1_331' title='bbox 1007 4134 1036 4194; x_wconf 94' lang='lat' dir='ltr'><strong>in</strong></span> <span class='ocrx_word' id='word_1_332' title='bbox 1060 4140 1145 4194; x_wconf 88' lang='lat' dir='ltr'><strong>textu</strong></span> <span class='ocrx_word' id='word_1_333' title='bbox 1167 4130 1350 4213; x_wconf 91' lang='lat' dir='ltr'><strong>Aethiopico</strong></span> <span class='ocrx_word' id='word_1_334' title='bbox 1373 4133 1468 4196; x_wconf 84' lang='lat' dir='ltr'><strong>luisse</strong></span> <span class='ocrx_word' id='word_1_335' title='bbox 1490 4136 1543 4216; x_wconf 79' lang='lat' dir='ltr'><strong>qai</strong></span> <span class='ocrx_word' id='word_1_336' title='bbox 1562 4133 1605 4196; x_wconf 85' lang='lat' dir='ltr'><strong>ad</strong></span> <span class='ocrx_word' id='word_1_337' title='bbox 1626 4133 1904 4196; x_wconf 83' lang='lat' dir='ltr'><strong>communicandam</strong></span> <span class='ocrx_word' id='word_1_338' title='bbox 1922 4130 2043 4193; x_wconf 84' lang='lat' dir='ltr'><strong>Sacra-</strong></span> 
     </span>
     <span class='ocr_line' id='line_1_36' title="bbox 666 4227 2042 4315; baseline 0 -25"><span class='ocrx_word' id='word_1_339' title='bbox 666 4233 774 4292; x_wconf 84' lang='lat' dir='ltr'><strong>meatia</strong></span> <span class='ocrx_word' id='word_1_340' title='bbox 787 4232 1004 4306; x_wconf 82' lang='lat' dir='ltr'><strong>accederanon</strong></span> <span class='ocrx_word' id='word_1_341' title='bbox 1020 4232 1145 4309; x_wconf 85' lang='lat' dir='ltr'><strong>debetis,</strong></span> <span class='ocrx_word' id='word_1_342' title='bbox 1160 4231 1257 4293; x_wconf 87' lang='lat' dir='ltr'><strong>abile:</strong></span> <span class='ocrx_word' id='word_1_343' title='bbox 1280 4249 1340 4313; x_wconf 85' lang='lat' dir='ltr'><strong>qua</strong></span> <span class='ocrx_word' id='word_1_344' title='bbox 1351 4233 1467 4296; x_wconf 89' lang='lat' dir='ltr'><strong>ratione</strong></span> <span class='ocrx_word' id='word_1_345' title='bbox 1482 4234 1674 4313; x_wconf 90' lang='lat' dir='ltr'><strong>poenitentes</strong></span> <span class='ocrx_word' id='word_1_346' title='bbox 1693 4231 1911 4315; x_wconf 88' lang='lat' dir='ltr'><strong>intelliguntur,</strong></span> <span class='ocrx_word' id='word_1_347' title='bbox 1934 4227 2042 4310; x_wconf 91' lang='lat' dir='ltr'><strong>quibus</strong></span> 
     </span>
     <span class='ocr_line' id='line_1_37' title="bbox 666 4328 2042 4412; baseline 0 -22"><span class='ocrx_word' id='word_1_348' title='bbox 666 4328 772 4392; x_wconf 90' lang='lat' dir='ltr'><strong>ordine</strong></span> <span class='ocrx_word' id='word_1_349' title='bbox 795 4331 924 4412; x_wconf 90' lang='lat' dir='ltr'><strong>proximi</strong></span> <span class='ocrx_word' id='word_1_350' title='bbox 947 4339 1035 4394; x_wconf 90' lang='lat' dir='ltr'><strong>erant</strong></span> <span class='ocrx_word' id='word_1_351' title='bbox 1057 4329 1289 4396; x_wconf 76' lang='lat' dir='ltr'><strong>catechumeni:</strong></span> <span class='ocrx_word' id='word_1_352' title='bbox 1317 4348 1417 4412; x_wconf 91' lang='lat' dir='ltr'><strong>neque</strong></span> <span class='ocrx_word' id='word_1_353' title='bbox 1441 4332 1498 4394; x_wconf 89' lang='lat' dir='ltr'><strong>alia</strong></span> <span class='ocrx_word' id='word_1_354' title='bbox 1522 4333 1636 4394; x_wconf 90' lang='lat' dir='ltr'><strong>certior</strong></span> <span class='ocrx_word' id='word_1_355' title='bbox 1656 4330 1778 4394; x_wconf 88' lang='lat' dir='ltr'><strong>videtur</strong></span> <span class='ocrx_word' id='word_1_356' title='bbox 1799 4330 1887 4412; x_wconf 91' lang='lat' dir='ltr'><strong>hujus</strong></span> <span class='ocrx_word' id='word_1_357' title='bbox 1910 4329 1969 4392; x_wconf 93' lang='lat' dir='ltr'><strong>loci</strong></span> <span class='ocrx_word' id='word_1_358' title='bbox 1991 4328 2042 4390; x_wconf 93' lang='lat' dir='ltr'><strong>in-</strong></span> 
     </span>
     <span class='ocr_line' id='line_1_38' title="bbox 666 4432 860 4508; baseline 0 -18"><span class='ocrx_word' id='word_1_359' title='bbox 666 4432 860 4508; x_wconf 89' lang='lat' dir='ltr'><strong>terpretatio.</strong></span> 
     </span>
    </p>

    <p class='ocr_par' dir='ltr' id='par_1_6' title="bbox 666 4526 2042 4714">
     <span class='ocr_line' id='line_1_39' title="bbox 754 4526 2042 4611; baseline -0.002 -20"><span class='ocrx_word' id='word_1_360' title='bbox 754 4527 839 4602; x_wconf 83' lang='lat' dir='ltr'><strong>Quae</strong></span> <span class='ocrx_word' id='word_1_361' title='bbox 862 4536 1047 4611; x_wconf 90' lang='lat' dir='ltr'><strong>sequuntur,</strong></span> <span class='ocrx_word' id='word_1_362' title='bbox 1078 4526 1238 4592; x_wconf 87' lang='lat' dir='ltr'><strong>Orationes</strong></span> <span class='ocrx_word' id='word_1_363' title='bbox 1260 4546 1318 4610; x_wconf 91' lang='lat' dir='ltr'><strong>pro</strong></span> <span class='ocrx_word' id='word_1_364' title='bbox 1340 4546 1434 4611; x_wconf 87' lang='lat' dir='ltr'><strong>pace,</strong></span> <span class='ocrx_word' id='word_1_365' title='bbox 1458 4546 1515 4611; x_wconf 90' lang='lat' dir='ltr'><strong>pro</strong></span> <span class='ocrx_word' id='word_1_366' title='bbox 1537 4528 1692 4611; x_wconf 89' lang='lat' dir='ltr'><strong>Ecclesia,</strong></span> <span class='ocrx_word' id='word_1_367' title='bbox 1715 4545 1884 4611; x_wconf 88' lang='lat' dir='ltr'><strong>expressae</strong></span> <span class='ocrx_word' id='word_1_368' title='bbox 1907 4533 1977 4592; x_wconf 85' lang='lat' dir='ltr'><strong>sunt</strong></span> <span class='ocrx_word' id='word_1_369' title='bbox 2000 4543 2042 4590; x_wconf 84' lang='lat' dir='ltr'><strong>ex</strong></span> 
     </span>
     <span class='ocr_line' id='line_1_40' title="bbox 666 4625 1611 4714; baseline 0.004 -27"><span class='ocrx_word' id='word_1_370' title='bbox 666 4625 725 4689; x_wconf 89' lang='lat' dir='ltr'><strong>illis</strong></span> <span class='ocrx_word' id='word_1_371' title='bbox 748 4645 826 4709; x_wconf 91' lang='lat' dir='ltr'><strong>quae</strong></span> <span class='ocrx_word' id='word_1_372' title='bbox 848 4630 963 4708; x_wconf 90' lang='lat' dir='ltr'><strong>pariter</strong></span> <span class='ocrx_word' id='word_1_373' title='bbox 987 4635 1150 4697; x_wconf 86' lang='lat' dir='ltr'><strong>occurrunt</strong></span> <span class='ocrx_word' id='word_1_374' title='bbox 1171 4629 1202 4690; x_wconf 93' lang='lat' dir='ltr'><strong>in</strong></span> <span class='ocrx_word' id='word_1_375' title='bbox 1223 4628 1366 4714; x_wconf 75' lang='lat' dir='ltr'><strong>liturgiis</strong></span> <span class='ocrx_word' id='word_1_376' title='bbox 1388 4627 1611 4692; x_wconf 90' lang='lat' dir='ltr'><strong>Alexandrinis.</strong></span> 
     </span>
    </p>
   </div>
   <div class='ocr_carea' id='block_1_3' title="bbox 1137 4890 1574 4984">
    <p class='ocr_par' dir='ltr' id='par_1_7' title="bbox 1137 4890 1574 4984">
     <span class='ocr_line' id='line_1_41' title="bbox 1137 4890 1574 4984; baseline 0 -22"><span class='ocrx_word' id='word_1_377' title='bbox 1137 4891 1198 4962; x_wconf 88' lang='lat'><strong>10.</strong></span> <span class='ocrx_word' id='word_1_378' title='bbox 1243 4890 1435 4984; x_wconf 75' lang='lat' dir='ltr'><strong>Symbolum</strong></span> <span class='ocrx_word' id='word_1_379' title='bbox 1461 4891 1574 4964; x_wconf 78' lang='lat' dir='ltr'><strong>Fidei.</strong></span> 
     </span>
    </p>
   </div>
   <div class='ocr_carea' id='block_1_4' title="bbox 665 5063 2042 5269">
    <p class='ocr_par' dir='ltr' id='par_1_8' title="bbox 665 5063 2042 5269">
     <span class='ocr_line' id='line_1_42' title="bbox 780 5063 2042 5162; baseline -0.001 -21"><span class='ocrx_word' id='word_1_380' title='bbox 780 5063 817 5141; x_wconf 78' lang='lat' dir='ltr'><strong>ln</strong></span> <span class='ocrx_word' id='word_1_381' title='bbox 839 5075 944 5139; x_wconf 87' lang='lat' dir='ltr'><strong>Latina</strong></span> <span class='ocrx_word' id='word_1_382' title='bbox 966 5076 1116 5154; x_wconf 81' lang='lat' dir='ltr'><strong>Echione,</strong></span> <span class='ocrx_word' id='word_1_383' title='bbox 1139 5096 1200 5142; x_wconf 93' lang='lat' dir='ltr'><strong>non</strong></span> <span class='ocrx_word' id='word_1_384' title='bbox 1222 5085 1281 5143; x_wconf 90' lang='lat' dir='ltr'><strong>tam</strong></span> <span class='ocrx_word' id='word_1_385' title='bbox 1303 5079 1408 5144; x_wconf 89' lang='lat' dir='ltr'><strong>versio</strong></span> <span class='ocrx_word' id='word_1_386' title='bbox 1424 5077 1605 5160; x_wconf 83' lang='lat' dir='ltr'><strong>Aethiopiae</strong></span> <span class='ocrx_word' id='word_1_387' title='bbox 1627 5079 1733 5162; x_wconf 90' lang='lat' dir='ltr'><strong>scripti</strong></span> <span class='ocrx_word' id='word_1_388' title='bbox 1745 5076 1874 5161; x_wconf 77' lang='lat' dir='ltr'><strong>symboli</strong></span> <span class='ocrx_word' id='word_1_389' title='bbox 1889 5077 2042 5158; x_wconf 88' lang='lat' dir='ltr'><strong>descripta</strong></span> 
     </span>
     <span class='ocr_line' id='line_1_43' title="bbox 665 5179 2041 5269; baseline 0.004 -30"><span class='ocrx_word' id='word_1_390' title='bbox 665 5184 723 5259; x_wconf 92' lang='lat' dir='ltr'><strong>est,</strong></span> <span class='ocrx_word' id='word_1_391' title='bbox 747 5195 837 5261; x_wconf 88' lang='lat' dir='ltr'><strong>quarn</strong></span> <span class='ocrx_word' id='word_1_392' title='bbox 859 5195 895 5241; x_wconf 90' lang='lat' dir='ltr'><strong>ca</strong></span> <span class='ocrx_word' id='word_1_393' title='bbox 926 5179 1021 5243; x_wconf 87' lang='lat' dir='ltr'><strong>iorum</strong></span> <span class='ocrx_word' id='word_1_394' title='bbox 1050 5180 1215 5244; x_wconf 89' lang='lat' dir='ltr'><strong>secundum</strong></span> <span class='ocrx_word' id='word_1_395' title='bbox 1245 5199 1334 5265; x_wconf 90' lang='lat' dir='ltr'><strong>quam</strong></span> <span class='ocrx_word' id='word_1_396' title='bbox 1355 5183 1386 5246; x_wconf 93' lang='lat' dir='ltr'><strong>in</strong></span> <span class='ocrx_word' id='word_1_397' title='bbox 1407 5183 1513 5248; x_wconf 89' lang='lat' dir='ltr'><strong>Latina</strong></span> <span class='ocrx_word' id='word_1_398' title='bbox 1534 5183 1674 5249; x_wconf 90' lang='lat' dir='ltr'><strong>Ecclesia</strong></span> <span class='ocrx_word' id='word_1_399' title='bbox 1696 5184 1824 5269; x_wconf 85' lang='lat' dir='ltr'><strong>legitur:</strong></span> <span class='ocrx_word' id='word_1_400' title='bbox 1853 5189 1956 5246; x_wconf 91' lang='lat' dir='ltr'><strong>nostra</strong></span> <span class='ocrx_word' id='word_1_401' title='bbox 1985 5198 2041 5245; x_wconf 91' lang='lat' dir='ltr'><strong>re-</strong></span> 
     </span>
    </p>
   </div>
   <div class='ocr_carea' id='block_1_5' title="bbox 0 0 2372 6064">
    <p class='ocr_par' dir='ltr' id='par_1_9' title="bbox 0 0 2372 6064">
     <span class='ocr_line' id='line_1_44' title="bbox 0 0 2372 6064; baseline 0 2"><span class='ocrx_word' id='word_1_402' title='bbox 0 0 2372 6064; x_wconf 95' lang='lat' dir='ltr'><strong> </strong></span> 
     </span>
    </p>
   </div>
  </div>
 </body>
</html>
