4760 6038
674 412 1298 504 snuctltnsltli.
1624 425 1673 501 21

731 711 852 782 &atio
875 716 957 802 post
981 710 1092 780 Pater
1116 716 1244 784 nostor.

399 932 450 1004 Ita
476 951 599 1025 nempe
624 947 784 1020 rogamus
820 936 870 1018 te,
906 948 927 998 o
953 926 1056 999 Pater
1090 938 1205 1002 sancte
1244 937 1280 1000 et
1311 925 1422 1019 boue,
1453 927 1677 1024 bonitatisque

299 1057 447 1136 amator,
473 1068 519 1119 ne
543 1065 607 1118 uos
633 1031 779 1116 inducas
797 1045 831 1114 in
857 1045 1091 1132 tentationem,
1122 1065 1232 1138 neque
1264 1048 1437 1141 pennittas
1471 1044 1571 1118 ullam
1606 1049 1678 1117 iui-

300 1167 456 1259 quitatem
483 1165 518 1232 in
543 1181 606 1234 nos
634 1158 814 1246 dominari,
840 1161 907 1230 imo
933 1161 1045 1252 potius
1071 1157 1178 1232 libera
1204 1181 1266 1232 nos
1294 1158 1335 1231 ab
1363 1159 1549 1236 actionibus
1572 1162 1677 1234 inuti-

298 1275 402 1368 libus,
417 1299 597 1372 earumque
609 1275 887 1368 cogitationibus,
903 1295 1016 1346 earum
1031 1273 1186 1365 motibus,
1206 1275 1397 1370 aspectibus
1412 1299 1538 1366 earum,
1554 1275 1677 1350 illece-

299 1391 369 1466 bris
384 1415 515 1466 earum:
541 1393 823 1486 tentationemque
837 1391 998 1482 extingue
1014 1400 1047 1462 et
1063 1390 1191 1485 repelle
1207 1413 1226 1460 a
1243 1389 1351 1464 nobis.
1405 1389 1538 1466 Coirce
1553 1395 1679 1488 pariter

299 1517 408 1584 motus
435 1508 566 1582 illarum
592 1511 648 1602 qui
672 1511 708 1579 in
732 1505 831 1580 nobis
858 1507 1063 1595 excitantur,
1091 1516 1125 1577 et
1139 1527 1280 1580 remove
1298 1530 1319 1578 a
1335 1505 1434 1582 nobis
1453 1531 1573 1582 causas
1593 1531 1679 1604 quaa

300 1645 361 1697 uos
387 1623 430 1695 ad
456 1620 660 1720 peccandum
688 1622 875 1719 impellunt:
903 1623 997 1718 oripo
1023 1642 1086 1695 nos
1113 1643 1174 1717 per
1200 1631 1398 1718 potestatem
1424 1632 1515 1724 tuam
1531 1633 1681 1698 sanctam

301 1760 363 1835 per
391 1738 557 1813 Christum
584 1739 701 1814 Jesum
725 1738 904 1811 Dominum
931 1745 1092 1810 nostrum.

404 1857 585 1928 Diaconos
610 1857 712 1928 dicet.
765 1853 925 1928 lncbnate
951 1857 1059 1950 capita
1087 1864 1203 1928 vestra
1229 1853 1384 1926 Domino.
1722 1843 1790 1937 ’Τὰς
1808 1877 1916 1946 κεφαλᾶς
1934 1878 2008 1948 ὑμῶν

404 1972 567 2066 Popolns.
620 1968 745 2045 (loram
773 1980 807 2042 to
833 1968 985 2043 Domine.
1692 1967 1732 2032 “l
1749 1967 1804 2032 itti
1821 1967 1930 2018 ’‘²27⁶“-

479 2253 654 2326 Sacerdos
680 2253 772 2324 dicet
799 2253 996 2324 Orationem
1022 2251 1255 2323 inclinationis
1281 2252 1328 2322 ad
1354 2253 1506 2324 Panem.

406 2467 701 2568 superabundavit
727 2470 834 2564 gratia
859 2469 1024 2543 bonomm
1044 2471 1172 2567 opificis
1198 2467 1274 2541 Filii
1300 2471 1347 2541 tni
1372 2471 1534 2563 unigeniti
1547 2467 1681 2544 Domini
1695 2471 1771 2546 Elii
1791 2479 1836 2544 τῆς
1854 2479 2008 2545 „parann-

304 2587 367 2660 Dei
401 2597 435 2658 et
470 2585 658 2660 salvatoris
689 2589 796 2660 nostri
826 2587 910 2660 lesu
944 2585 1076 2661 Christi.
1141 2585 1345 2658 Confitemur
1382 2589 1577 2682 passionem
1609 2589 1682 2680 ejus
1695 2567 1757 2622 “¹¹‘'

305 2703 501 2795 salutarem,
527 2713 669 2777 mortem
697 2704 770 2794 ejus
799 2707 1052 2792 annunciamus,
1085 2702 1316 2797 credimusque
1348 2705 1422 2795 ejus
1453 2706 1682 2776 resurrectio-

303 2839 399 2911 nem,
434 2822 584 2916 mpsterii
619 2817 907 2915 complementum.
967 2816 1101 2892 Gratias
1136 2821 1267 2911 agimus
1300 2816 1378 2907 tibi,
1412 2817 1556 2891 Domine
1589 2818 1683 2892 Deus

306 2937 531 3030 omnipotens,
559 2939 635 3031 quia
663 2933 890 3008 misericordia
917 2943 972 3007 tua
1000 2957 1120 3028 magna
1145 2933 1207 3006 fuit
1233 2956 1316 3028 erga
1343 2955 1407 3007 nos
1434 2956 1509 3005 cum
1531 2956 1684 3032 praepa-

306 3053 437 3124 raveris
463 3050 561 3123 nobis
589 3073 630 3122 ea
659 3073 745 3145 quae
771 3050 896 3144 Angeli
930 3050 1049 3122 videre
1082 3054 1224 3148 cupimrt.
1278 3051 1424 3124 Petimus
1457 3071 1683 3144 rogamusque

309 3178 357 3256 te,
385 3176 515 3238 amator
547 3166 732 3255 bominum,
772 3177 808 3239 ut
832 3187 896 3239 nos
924 3187 1040 3238 omnes
1069 3166 1223 3262 purifices
1250 3176 1284 3239 et
1318 3167 1360 3240 ad
1386 3176 1421 3238 te
1453 3166 1596 3259 colligas
1622 3187 1684 3260 per

310 3285 575 3354 communionem
601 3291 749 3355 nostram
776 3285 1013 3378 mysteriorum
1030 3283 1215 3355 divinorum
1235 3291 1377 3374 morum,
1392 3291 1429 3353 nt
1446 3281 1535 3378 pleni
1552 3281 1684 3368 efficia-

307 3420 380 3480 mur
406 3397 531 3495 Spiritu
557 3407 612 3469 tuo
640 3408 774 3489 sancto,
801 3399 1100 3494 confirmemurque
1127 3401 1161 3470 in
1187 3398 1252 3471 fide
1278 3407 1372 3470 recta
1397 3399 1486 3493 pleni
1511 3401 1590 3470 item
1618 3396 1684 3470 de-

308 3513 428 3586 siderio
456 3516 604 3586 caritatis
631 3523 709 3586 tuae
735 3535 860 3604 verae,
887 3525 921 3586 et
947 3515 1089 3606 gloriam
1115 3523 1205 3586 tuam
1232 3517 1321 3585 omni
1352 3522 1503 3609 tempore
1538 3535 1684 3586 enarre-

308 3649 379 3700 mus
405 3652 469 3726 per
494 3629 610 3702 lesum
638 3629 803 3704 Christum
829 3630 1008 3703 Dominum
1035 3641 1194 3702 nostrum.
1750 3681 1918 3746 Προσχώω
1957 3685 2012 3732 θεῶ

409 3748 598 3818 Diaconos.
650 3746 871 3820 Attendamus
897 3744 975 3818 Deo
1006 3767 1081 3818 eum
1108 3748 1239 3817 timore.
1698 3761 1766 3832 μετὰ
1787 3763 1881 3830 φόβου.
1993 3729 2001 3749 ”

687 4004 808 4074 Oratio
836 4001 1060 4074 absolutionis
1086 3999 1134 4072 ad
1158 4001 1309 4072 Patren.

413 4207 598 4280 Sacerdos.
650 4205 796 4279 Domine
821 4204 966 4278 Domina
983 4207 1076 4279 Deus
1104 4208 1331 4301 omnipotens,
1359 4207 1413 4302 qui
1431 4227 1533 4281 sanas
1549 4209 1688 4298 animas,

310 4344 454 4420 corpora
481 4333 515 4394 et
541 4325 675 4420 spiritus
702 4333 860 4412 nostros,
887 4331 921 4393 tu
948 4343 986 4394 es
1014 4325 1068 4416 qui
1096 4322 1208 4394 dixisti
1233 4321 1335 4394 Petro
1362 4324 1449 4418 patri
1471 4331 1601 4416 nostro,
1627 4345 1689 4420 per

310 4463 350 4512 os
375 4437 452 4511 Filii
477 4441 524 4509 tui
549 4441 710 4532 unigeniti
735 4440 870 4513 Domini
896 4436 961 4511 Dei
989 4448 1022 4510 et
1048 4437 1236 4511 Salvatoris
1262 4440 1369 4510 nostri
1393 4439 1477 4511 lesu
1493 4437 1628 4530 Christi,
1653 4449 1690 4512 tu

311 4577 350 4628 es
377 4554 498 4628 Petrus
525 4565 560 4627 et
586 4577 688 4652 super
714 4555 801 4630 hanc
827 4566 955 4652 petram
983 4551 1166 4628 aedilicabo
1191 4553 1380 4628 Ecclesiam
1394 4576 1522 4646 meam,
1550 4561 1585 4627 ct
1601 4577 1689 4650 por-

312 4681 366 4742 tae
392 4669 489 4743 inieri
517 4692 584 4744 non
610 4671 855 4768 praevalebunt
882 4672 1046 4745 adversus
1074 4694 1170 4764 amn,
1197 4680 1232 4744 et
1258 4669 1345 4746 dabo
1373 4670 1432 4744 tibi
1451 4671 1566 4746 claves
1593 4674 1692 4764 regni

313 4786 502 4859 coelorum:
530 4787 620 4881 quod
644 4788 808 4881 ligaveris
823 4811 924 4885 super
949 4800 1085 4880 terram,
1113 4791 1177 4860 erit
1200 4785 1339 4882 ligatum
1355 4791 1388 4860 iu
1406 4788 1523 4880 coelis,
1551 4798 1584 4861 et
1602 4787 1691 4883 quod

312 4901 457 4976 solveris
484 4923 588 4999 super
613 4914 752 4997 terram,
779 4908 843 4979 erit
865 4905 1007 4980 solutum
1022 4909 1056 4980 in
1082 4905 1196 4980 coelis.
1250 4905 1324 4978 Sint
1341 4907 1519 4978 etiamnum
1534 4904 1691 5000 Domine,
