4686 6060
636 591 711 680 388
1015 607 1091 683 bit
1143 607 1618 689 PATRIARGHA

737 793 843 866 LXX.
872 792 964 866 Talis
991 813 1095 888 porro
1122 794 1184 865 init
1208 793 1295 867 illius
1321 795 1559 892 Psepbismetis
1586 797 1714 888 torma,
1742 823 1841 895 qnam
1868 797 2010 896 Coptica

634 918 667 980 et
692 907 844 982 Arabico
867 906 1086 999 Abulbircat,
1117 909 1320 984 Pontificalis
1346 910 1433 984 liber
1464 912 1704 1005 Segnierianus
1739 919 1839 988 etiam
1875 915 2012 990 Graece

633 1033 878 1120 repraesentat,
893 1023 954 1096 sed
969 1026 1094 1096 misera
1112 1033 1314 1120 corruptam,
1335 1025 1424 1121 quod
1438 1027 1480 1100 ab
1496 1024 1682 1102 bominibus
1702 1028 1838 1122 liuguae
1854 1031 2009 1104 Graecae

632 1140 793 1235 imperitis
824 1139 991 1235 descripta
1019 1139 1126 1212 luerit.
1178 1139 1375 1234 Loquuntur
1407 1145 1552 1214 omnium
1584 1148 1719 1216 nomine
1750 1143 1910 1242 Episcopi
1941 1147 2009 1218 Ja-

633 1254 776 1344 cobitae,
804 1258 1002 1347 congregati
1029 1277 1104 1327 cum
1120 1254 1372 1345 Sacerdotibus,
1385 1256 1557 1349 Diaconis,
1584 1263 1740 1354 omnique
1757 1259 1883 1356 populo
1901 1260 2008 1334 Obri-

632 1380 719 1444 stum
746 1380 879 1442 amante
904 1369 997 1442 urbis
1023 1369 1264 1459 Alexandriae,
1292 1375 1459 1466 totiusque
1474 1375 1635 1469 Aegypti.
1662 1374 1719 1447 lix
1746 1376 1864 1472 quibus
1890 1377 2008 1450 verbis

633 1485 837 1577 intelligitur,
864 1484 1104 1558 Alexandrinis
1131 1497 1374 1559 conservatam
1388 1484 1527 1560 honoris
1540 1493 1816 1585 praerogativam
1831 1492 1865 1562 in
1892 1496 2007 1564 omni-

632 1601 696 1674 bus
723 1597 831 1674 ferme
857 1604 940 1674 actis
968 1612 1024 1674 aut
1048 1605 1285 1691 instrumentis,
1312 1605 1413 1674 etiam
1428 1611 1608 1698 postquam
1634 1604 1801 1680 alternare
1827 1630 1903 1680 oum
1931 1603 2007 1678 Ca-

632 1717 757 1788 biranis
791 1726 996 1810 coeperunt,
1028 1739 1138 1812 neque
1171 1719 1234 1789 nisi
1268 1720 1473 1813 pervices,
1504 1723 1560 1812 jus
1592 1724 1721 1815 primae
1754 1725 1939 1797 sententiae
1973 1726 2007 1794 in

632 1831 783 1906 Comitiis
824 1831 985 1904 dicendae
1021 1837 1237 1905 retinuerunt.
1298 1834 1430 1929 Quippe
1471 1833 1514 1905 ad
1557 1856 1618 1908 eos
1656 1840 1792 1933 proprie
1831 1835 2008 1932 spectabat

631 1949 900 2042 electioneque
928 1947 970 2020 ad
995 1947 1126 2020 nobiles
1154 1971 1215 2022 seu
1238 1947 1436 2046 ’Ἀρχοπας
1460 1949 1655 2040 Laioorum,
1689 1955 1745 2048 qui
1772 1947 1915 2024 Gabbae
1942 1974 2007 2026 se-

550 2085 554 2100 *
631 2065 692 2137 des
718 2063 887 2137 habebant
913 2068 1052 2154 transiit,
1080 2065 1123 2137 ob
1152 2066 1455 2156 aliamrationem,
1482 2060 1580 2160 mam
1608 2067 1697 2161 quod
1717 2077 1831 2142 essent
1856 2067 2007 2163 plerique

631 2203 677 2254 ex
691 2180 930 2281 Alexandrinis
957 2179 1099 2253 familiis.
1128 2177 1383 2254 Observandum
1399 2202 1534 2276 quoque
1561 2185 1673 2256 estin
1700 2183 1821 2256 eodem
1833 2181 2007 2255 electionis

588 2385 590 2390 ,
630 2296 790 2387 Decreto,
818 2318 1028 2391 quocmnque
1054 2296 1130 2370 loco
1157 2296 1213 2367 illa
1239 2296 1327 2369 iacta
1353 2296 1453 2370 luerit
1487 2300 1562 2368 sive
1587 2297 1834 2387 Alexandriae,
1866 2307 1901 2368 ut
1927 2297 2006 2370 olim

629 2435 737 2508 usque
764 2412 807 2484 ad
832 2411 1095 2485 Mabamedanos
1122 2433 1275 2506 semper,
1301 2421 1422 2508 postea
1448 2410 1643 2506 aliquando,
1679 2414 1754 2485 dein
1782 2411 1918 2485 alterms
1944 2416 2006 2485 vi-

630 2529 744 2615 cibus,
778 2528 883 2600 semel
918 2524 1060 2599 Gabinae
1092 2537 1213 2622 postea
1246 2527 1491 2599 Alexandriae:
1528 2528 1660 2600 tandem
1687 2525 1832 2600 Gabinae
1858 2547 2006 2623 semper,

630 2652 664 2715 nt
698 2643 865 2734 suffragiis
900 2642 1181 2733 Christianorum,
1217 2645 1326 2714 statim
1351 2645 1512 2716 autoritas
1545 2643 1800 2736 Magistratuam
1835 2653 1870 2715 et
1900 2644 2006 2716 Prin-

630 2762 716 2855 cipis
744 2759 941 2849 accederet,
968 2768 1078 2830 tamen
1104 2758 1295 2855 Episcopos
1323 2769 1357 2830 et
1381 2758 1547 2855 reliquos,
1573 2780 1641 2832 non
1667 2780 1742 2850 suo,
1770 2769 1827 2832 aut
1850 2761 2005 2856 privatae

630 2875 819 2948 alterutrius
838 2872 1015 2946 Ecclesiae
1040 2875 1185 2964 nomine,
1213 2872 1273 2950 sed
1300 2877 1443 2946 omnium
1459 2874 1717 2948 Christianorum
1732 2877 1885 2972 Aegypti
1902 2897 2005 2967 com·-

629 2993 794 3063 munionis
820 2984 1028 3063 Jacobitioae
1059 2993 1195 3062 nomine
1220 2987 1312 3085 loqui
1339 2999 1373 3062 et
1399 2989 1597 3063 electionem
1622 2990 1745 3064 sactum
1771 2991 1944 3087 publicare
1970 3000 2006 3063 ot

629 3104 861 3201 comprobare.

373 3233 474 3286 ianua
501 3233 612 3288 neruum
731 3221 851 3294 LXXI.
886 3218 1076 3314 Sequuntur
1110 3219 1227 3292 laudes
1260 3185 1402 3293 debrncti
1438 3217 1669 3310 Patriarcbae,
1706 3242 1793 3314 quae
1825 3219 2003 3314 aliquando

339 3318 508 3373 Patriarchae.

625 3341 731 3413 insius
765 3345 981 3427 enarrantur,
1018 3357 1095 3408 nam
1130 3334 1258 3408 illarum
1294 3340 1390 3409 avari
1427 3357 1589 3431 nusquam
1628 3334 1815 3407 Orientales
1852 3333 1998 3410 bierunt:

625 3477 749 3530 unomen
775 3458 848 3547 ejus
874 3453 1046 3536 inseritur,
1074 3461 1108 3522 et
1133 3453 1315 3523 memoriae
1341 3451 1483 3526 fidelium
1513 3449 1770 3524 commendatur.
1822 3447 2003 3546 Exprimi-

626 3581 678 3642 tnr
704 3570 834 3648 deinde
849 3569 956 3640 luctus
983 3565 1152 3662 publicus,
1180 3589 1227 3638 ex
1253 3570 1436 3640 communis
1461 3569 1566 3662 patris
1594 3565 1704 3639 obitu:
1724 3585 1883 3659 moxque
1910 3565 2002 3638 dici-

625 3696 689 3777 tur,
718 3709 782 3781 qua
809 3687 940 3756 ratione
966 3686 1164 3775 congregati
1191 3705 1308 3756 omnes
1335 3705 1431 3756 more
1455 3686 1632 3776 majorum,
1659 3702 1735 3752 eum
1761 3678 1924 3773 elegerint
1944 3685 2003 3776 qui

625 3803 772 3874 maxime
797 3800 862 3872 boc
888 3798 1017 3871 honore
1044 3798 1183 3890 dignus,
1216 3801 1377 3893 onerique
1409 3797 1602 3872 sustinendo
1637 3793 1778 3868 idoneus
1810 3793 2000 3886 videbatur,

625 3927 725 4011 atque
751 3914 850 3988 electi
876 3937 998 3987 nomen
1024 3935 1099 3986 cum
1125 3912 1276 3988 laudibus
1304 3917 1403 3987 etiam
1436 3915 1545 3986 multis
1578 3914 1753 4001 inseritur,
1785 3910 2001 3986 declaratur-

626 4054 691 4128 que
723 4034 813 4105 votis
855 4033 999 4105 omnium
1033 4033 1216 4125 expetitus,
1253 4027 1446 4126 electusque
1466 4027 1683 4102 ‘Patriaroba
1741 4027 1901 4124 Episcopi
1939 4030 2000 4100 in-

625 4156 840 4218 strumentum
867 4167 928 4218 scu
954 4144 1133 4216 Decretum
1166 4141 1268 4216 scribi
1296 4142 1432 4236 jubent,
1466 4153 1692 4238 testanturque
1727 4163 1767 4216 sc
1799 4143 1879 4217 illud
1910 4167 2001 4240 pro-

624 4261 707 4334 bare
732 4283 806 4334 cum
828 4258 979 4332 omnibus
998 4259 1094 4333 simul
1112 4263 1341 4352 congregatis,
1366 4256 1616 4348 Sacerdotibus,
1643 4257 1814 4348 Diaconis,
1842 4256 1999 4350 Clericis,

624 4375 799 4448 Monaobis
826 4385 860 4446 et
887 4378 977 4448 omni
1002 4376 1126 4472 populo
1153 4373 1245 4447 urbis
1271 4397 1415 4468 magnae
1440 4373 1680 4463 Alexandriae,
1706 4387 1783 4470 post
1806 4383 1999 4450 accuratam

624 4491 666 4563 de
693 4495 766 4585 ejus
792 4491 960 4582 moribus,
986 4492 1070 4582 lide,
1098 4502 1132 4564 et
1157 4491 1341 4588 praeclaris
1367 4491 1499 4565 dotibus
1531 4492 1776 4587 inquisitionem
1807 4492 1931 4564 iactam
1961 4493 2000 4562 in

622 4607 838 4681 Monasteriis
876 4607 986 4682 Scetis
1019 4619 1054 4680 et
1087 4607 1232 4698 Nitriae,
1270 4607 1456 4704 auditisque
1480 4605 1721 4680 Monaohorum
1755 4604 1798 4676 de
1833 4609 1905 4699 ejus
1941 4607 2001 4699 pia

621 4727 880 4798 conversatione
905 4726 1111 4798 testimoniis.

725 4839 862 4912 LXXll.
879 4839 1151 4936 Subscriptiones
1170 4829 1418 4935 Episcopomm'
1435 4841 1541 4934 primo
1558 4838 1637 4910 loco
1654 4837 1887 4932 adjungtmtur,
1908 4835 2001 4912 sub-

556 4914 560 4922 ,
622 4951 836 5049 son-ibuntque
862 4956 983 5047 singuli
1006 4959 1104 5050 juxta
1132 4954 1346 5030 ordinationis
1373 4976 1456 5027 suae
1484 4955 1730 5049 antiquitatem
1764 4975 1874 5050 neque
1907 4956 1998 5026 enim

623 5069 732 5164 aliqua
759 5080 833 5141 erat
859 5071 987 5146 sedimu
1019 5073 1277 5167 praerogativa,
1314 5070 1374 5144 sed
1404 5069 1471 5162 illis
1507 5071 1669 5160 comitiis,
1704 5079 1740 5142 ut
1775 5079 1809 5142 et
1843 5066 1996 5144 conciliis
