4684 6042
655 497 659 504 ’
730 529 1171 609 1111111111.
1574 532 1649 608 139

262 746 420 808 πτοιτα,
437 745 499 791 και
488 715 697 802 δυσίτοός
717 715 852 808 πόδας,
873 717 934 792 καί
976 717 1082 790 facies
1109 727 1234 812 tegunt,
1261 727 1295 790 ct
1320 717 1448 792 duabus
1470 719 1588 816 pedes,
1616 729 1650 793 et

263 820 399 900 twtr‘
386 819 574 948 ιπτόμονα,
592 826 653 898 καί
674 827 737 897 κ1’κ
737 850 846 948 ραγεγ
864 827 935 898 irs·
976 819 1104 894 duabus
1131 821 1248 895 volant
1273 830 1309 894 ct
1333 821 1477 894 clamant
1510 823 1649 896 alterum

263 955 329 1024 ρον
345 922 434 1024 πρός
448 955 490 1000 το
480 924 671 1025 ἕτερον
647 923 934 1011 ακαταπαύστοις
978 925 1019 996 ad
1046 923 1185 998 alterum
1215 924 1468 998 incessabilibus
1494 925 1648 1015 vocibus,

262 1029 429 1123 στόμασι,
445 1028 506 1104 καὶ
523 1027 712 1162 οἰσιγὴτοις
716 1029 934 1156 θεολογίαις,
978 1039 1012 1100 et
1028 1050 1096 1100 nou
1112 1025 1296 1101 meantibus
1313 1027 1502 1120 theologiis,
1527 1031 1648 1101 trium-

262 1132 328 1208 τόν
344 1132 518 1210 ἐπινίκιον
535 1133 596 1208 καὶ
614 1130 797 1234 τριςοίγιον
815 1133 935 1229 ὕμνον
977 1129 1108 1226 phalam
1142 1141 1176 1202 et
1216 1142 1291 1202 ter·
1293 1141 1442 1203 sanabrm
1481 1130 1650 1228 hyumum,

263 1235 401 1332 ᾄδοντα
410 1294 422 1326 ,
455 1239 624 1334 βοῶντα,
651 1236 934 1337 δοξολογοῦντα,
978 1237 1151 1321 canentia,
1184 1233 1377 1321 clamantia,
1420 1235 1649 1327 glorificantia,

262 1338 460 1472 κεκραγότα
476 1367 536 1414 και
526 1340 700 1443 λέγοντα
716 1367 760 1437 τῃ
744 1346 935 1442 μαγαλο-
978 1348 1012 1409 et
1038 1337 1198 1427 dicentia,
1233 1336 1430 1430 magnificae
1461 1348 1539 1410 tuac
1566 1338 1650 1431 glo-

261 1455 386 1539 πρεπιῖ
399 1466 467 1518 σου
484 1441 584 1541 δόξῃ.
977 1443 1059 1512 riae.

307 1579 470 1680 ’Ἀγιοςᾋ
453 1579 565 1706 όγιος,
581 1579 765 1710 ἅγιοςρ
697 1578 743 1656 κό
744 1610 819 1679 ριος
835 1584 934 1675 ood—
1027 1577 1183 1666 Sanctus
1209 1577 1364 1666 Sanctus,
1400 1577 1542 1650 Sanctus
1569 1579 1649 1650 Do·
1735 1647 1739 1660 ,

262 1681 388 1779 βαιόθ.
429 1681 623 1784 Πλήρης“
603 1714 623 1758 α
650 1683 802 1785 οὐρανός
827 1685 933 1818 καὶὴ
976 1683 1083 1753 11111111
1109 1680 1291 1756 sabbaoth.
1318 1681 1456 1755 Plenum
1480 1691 1533 1753 est
1559 1704 1647 1754 coc-

260 1793 309 1888 γῆ
323 1797 383 1882 τῆς
398 1785 501 1887 ἁγίας
516 1817 583 1914 top
599 1784 668 1868 δόξ
646 1818 716 1886 ης
756 1791 933 1916 Dxpdaog
976 1783 1043 1855 lum
1078 1793 1113 1856 et
1148 1795 1238 1856 terra
1271 1783 1381 1878 gloria
1423 1795 1538 1857 sancta
1583 1795 1648 1873 tua,

261 1886 426 1966 Πάντοτε
420 1895 511 2018 μέγ
529 1889 663 1977 πόντος
679 1889 824 1994 όγιόζη,
841 1890 933 1968 όλλό
976 1885 1083 1958 Eloto
1097 1910 1192 1959 noce.
1215 1887 1358 1984 Semper
1370 1888 1521 1982 equidem
1533 1911 1648 1962 omues

261 1993 323 2068 καὶ
339 1992 430 2090 pacat
443 1993 592 2072 πάντων
608 2003 683 2072 τῶν
699 2022 739 2072 σα
756 1993 935 2124 ἁγιαζόν-
977 1990 1189 2079 sanctificas,
1218 1990 1278 2064 sed
1315 2000 1349 2063 et
1387 2014 1462 2064 cum
1496 1989 1648 2064 omnibus

261 2125 350 2189 των,
368 2095 469 2178 δόξαι
489 2096 646 2174 δέσποτα
672 2098 772 2198 κύριε
791 2099 851 2175 καί
867 2097 933 2176 τόν
976 2101 1009 2166 le
1044 2093 1304 2187 gIOrificassliltus
1338 2097 1491 2190 suscipe,
1524 2094 1649 2167 Domi-

259 2200 434 2330 ἡμέτερον
468 2199 672 2303 ἁγιασμόν,
713 2203 783 2279 σόν
814 2202 935 2289 αὐτοῖς
976 2207 1073 2271 nator
1120 2197 1280 2286 Domino,
1327 2208 1476 2270 nostram
1508 2219 1649 2319 quoque

260 2303 480 2399 ὑμνούντων
494 2334 555 2381 και
545 2305 761 2408 λεγόντων.
977 2300 1286 2388 sanctificationem,
1322 2305 1377 2396 qui
1404 2324 1479 2373 cum
1504 2304 1587 2396 ipsis
1615 2311 1650 2373 tc

977 2403 1148 2476 laudamus
1176 2413 1210 2476 et
1236 2404 1384 2476 dicimus.

312 2514 467 2603 ὉΛαός.
513 2512 703 2615 ‘idpsum‘
685 2514 806 2616 όγιος,
833 2512 935 2616 ἅγιος
1029 2507 1191 2599 Populos.
1218 2507 1372 2596 Sanctis,
1387 2506 1670 2596 8111111811,

259 2611 392 2716 κύριος
977 2620 1050 2682 ctus
1075 2611 1247 2684 Dominus.

976 2818 1115 2876 Sacerdos
1136 2821 1268 2893 mysterio
1288 2825 1387 2896 τοκοιο
1402 2819 1544 2892 donoalo
1557 2821 1650 2878 crocia

336 2849 555 2924 ιοἾερεῦςσφρο
540 2856 619 2922 ογίξει
636 2851 756 2924 τᾶὅγιο,
774 2857 858 2923 λιωκγ.
1202 2908 1302 2980 ”qm
1325 2906 1427 2962 dmm

314 3028 458 3131 Πλήρης
475 3026 564 3161 γρίρ
564 3033 663 3106 ἐστιν
679 3031 726 3116 ιός
742 3029 934 3129 alatos
913 3063 934 3107 ο
1028 3040 1167 3114 Plenum
1193 3044 1280 3112 euim
1307 3062 1345 3111 ra
1372 3062 1456 3112 vcra
1483 3050 1536 3112 cst
1561 3061 1649 3113 coe-

262 3133 431 3232 οὐρανός,
456 3132 517 3210 καί
541 3131 564 3229 ἡ
589 3141 637 3234 γῆ
660 3142 721 3232 τῆς
743 3135 845 3236 οίγίας
865 3161 933 3211 σου
975 3145 1043 3217 lum
1070 3155 1103 3216 ct
1129 3153 1219 3216 terra
1245 3143 1355 3236 gloria
1389 3152 1455 3232 tua,
1481 3167 1543 3238 per
1569 3167 1648 3216 ma-

262 3237 370 3336 δόξης
394 3237 457 3312 διό
478 3243 540 3334 τῆς
559 3239 762 3370 ἐπιφανείας
781 3247 848 3316 τοῦ
864 3268 935 3316 κυ-
976 3247 1221 3320 niiestatiouem
1262 3248 1396 3319 Domini
1433 3256 1467 3318 et
1508 3248 1575 3318 Dei
1616 3257 1651 3320 et

261 3343 344 3470 ρίου
371 3370 432 3417 και
423 3341 543 3416 θεοῦ
567 3340 628 3415 καὶ
654 3349 811 3441 σωτῆρος
821 3343 935 3474 ἡμων
978 3351 1171 3423 Servntoris
1184 3353 1290 3422 nostri
1308 3350 1390 3420 lesu
1415 3346 1555 3438 Christi,
1582 3348 1649 3440 fac,

261 3446 371 3545 Ἰησοῦ
391 3451 573 3546 Χριστοῦ·
595 3444 788 3543 πλήρωσον
810 3446 935 3532 sesac
979 3453 1130 3541 oDeus‚
1156 3463 1192 3526 ut
1213 3454 1344 3549 plenum
1360 3475 1490 3547 quoquc
1517 3452 1650 3525 sithoc

261 3548 323 3625 καί
340 3548 477 3645 ταύτην
500 3547 568 3646 τὴν
592 3549 732 3626 θυσίαν
754 3557 815 3647 τῆς
836 3549 935 3650 παραὶ
978 3557 1174 3629 sacrificium
1207 3555 1438 3629 benedictione
1477 3566 1546 3644 tua,
1586 3579 1649 3653 per

262 3679 332 3728 σου
317 3651 516 3784 εὐλογίας,
530 3649 650 3727 διό
606 3680 666 3750 της
683 3651 935 3781 ἐπιφοιτήοεως
978 3660 1157 3733 adventum
1190 3662 1388 3732 sanctissimi
1415 3658 1556 3755 Spiritus
1592 3663 1648 3735 tui.

261 3763 329 3832 τοῦ
344 3755 525 3882 παναγίσα
539 3779 607 3830 σου
631 3754 841 3852 πνεύματος.
858 3758 934 3836 Οτι
979 3763 1043 3850 Qut
1085 3765 1158 3860 ipse
1194 3763 1355 3834 Dominus
1398 3772 1430 3833 et
1464 3764 1578 3849 Deua,
1615 3774 1649 3835 et

262 3859 370 3945 αότός
400 3859 420 3934 6
451 3856 614 3989 κύριρς,
620 3860 681 3934 καὶ
709 3861 729 3934 6
760 3861 846 3946 θεός
874 3861 934 3936 καὶ
978 3888 1122 3941 summus
1138 3865 1217 3938 Rex
1248 3875 1364 3938 noster
1379 3864 1480 3937 lesus
1498 3865 1649 3939 Christus

262 3962 554 4090 παμβασιλεδς
532 3969 635 4060 ημῶν
657 3962 817 4062 Ἰησοῦςς
796 3996 817 4039 ο
833 3972 935 4064 Χρι-
976 3979 1077 4043 nocte
1112 3993 1176 4065 qua
1211 3969 1362 4041 tradebat
1398 3971 1543 4064 seipsum
1585 3991 1647 4066 pro

263 4067 346 4152 στδς
368 4075 413 4165 τῇ
429 4065 534 4143 νυκτὶ
550 4097 572 4164 ῃ
558 4063 825 4166 nopadldov‘
807 4067 935 4201 εαρτόν
977 4075 1126 4170 peccatis
1160 4077 1303 4162 uostriS,
1345 4081 1378 4143 et
1412 4083 1552 4144 mortem
1583 4096 1646 4169 pro

262 4171 352 4271 ὑπὲρ
368 4178 443 4295 ruia
460 4169 647 4302 δμαρτιρῑν
663 4171 779 4268 ἡμῶν,
792 4172 853 4250 καί
869 4171 935 4250 τόν
978 4173 1130 4250 omuibus
1157 4175 1290 4250 subibat
1311 4198 1422 4264 carue,
1448 4173 1647 4248 recumbens

262 4275 351 4374 ὑπὲρ
374 4273 523 4350 πάντων
544 4274 747 4372 δψίστατον
764 4271 936 4404 *θρίνα-
978 4304 1054 4352 curn
1080 4283 1203 4352 sanctis
1220 4279 1388 4377 discipulis
1411 4289 1445 4350 et
1461 4279 1647 4400 Apostolis,

263 4408 330 4456 τον
344 4377 463 4477 σαρκι,
475 4378 750 4464 συνανακλιθεις
760 4409 848 4475 μ1τα
860 4409 934 4456 των
978 4386 1109 4480 accepit
1132 4408 1254 4480 panem
1278 4387 1314 4455 iu
1340 4393 1484 4473 sanctas,
1519 4385 1587 4454 et
1578 4405 1647 4454 un-

262 4481 380 4610 ἁγίων
400 4481 460 4556 καὶ
482 4480 672 4582 ἀχρόντων
693 4483 754 4558 καὶ
774 4483 935 4614 ἀναίμοιν
976 4487 1178 4576 1111111111111,
1226 4497 1260 4560 et
1301 4485 1484 4606 inculpatas
1529 4507 1647 4558 manus

262 4584 377 4661 αὐτοῦ
396 4593 544 4718 χειρῶν,
569 4583 825 4684 ἀναβλέψας
796 4619 842 4675 εις
867 4585 934 4665 τὸν
976 4611 1067 4679 suas,
1094 4595 1279 4687 suspiciens
1313 4591 1347 4660 111
1373 4589 1503 4662 coelum
1538 4587 1579 4660 ad
1612 4598 1648 4660 tc

264 4688 364 4764 ἰδιον
385 4687 651 4816 πατ1’ρα,θεδν
676 4687 850 4817 δὲῆμων
873 4691 934 4766 καὶ
976 4693 1109 4766 Patrem
1144 4717 1254 4782 suurn,
1293 4695 1467 4787 Deumque
1497 4702 1647 4764 nostrum

263 4791 356 4868 θεόν
372 4799 446 4868 τῶν
463 4791 571 4882 ὅλων,
592 4791 857 4921 εὐχαριστήσας,
872 4792 934 4869 111-
976 4807 1012 4869 et
1036 4797 1143 4870 Deum
1159 4800 1404 4887 universorum,
1425 4799 1550 4888 gratias
1563 4799 1646 4886 egit,

264 4897 430 5027 λογήσας,
448 4893 610 4997 ἁγιάσας,
626 4895 769 4988 κλάσας,
785 4897 934 4975 διέδωκε
975 4899 1160 4990 benedixit,
1186 4899 1412 4986 sanctificavit,
1440 4897 1550 4991 fregit,
1578 4897 1644 4970 de-

263 5011 338 5084 τοῖς
367 4999 481 5101 ἁγίοις
510 4999 571 5074 καί
603 5003 793 5102 μακαρίοις
821 5002 936 5079 αὐτοῦ
978 5003 1088 5099 diique
1122 5007 1246 5078 sanetis
1280 5014 1313 5076 et
1342 5001 1450 5076 beatis
1477 5000 1646 5097 discipulis

284 5187 298 5225 1·
