4680 6044
653 584 706 660 AD
728 582 933 661 hamana
947 581 1139 661 COPTIthi
1154 583 1184 661 S.
1204 583 1348 661 BASILII.
1551 608 1553 615 ·
1611 585 1680 658 tot

292 837 294 852 Ι
320 767 493 852 cingulum,
522 759 678 848 manicae,
708 775 738 831 et
765 767 886 850 pallium
916 787 971 832 seu
998 786 1093 850 cappa
1122 768 1262 831 eserico
1286 767 1422 832 candido.
1467 768 1632 832 Abasehah
1653 769 1685 832 in

319 869 462 932 Tractatu
484 867 522 930 de
545 867 677 931 Scientia
692 867 922 948 Ecclesiastico,
946 886 1011 949 cap.
1031 866 1084 931 61.
1111 867 1291 930 Vestimenta
1310 869 1523 931 Sacerdotalia
1544 877 1613 931 seut
1632 888 1686 931 se-

313 976 405 1048 ptem,
419 969 515 1046 juata
526 987 682 1029 numerum
698 967 836 1029 ordinum
851 968 1016 1030 Ecclesiae.
1041 967 1087 1032 1⁰.
1116 967 1211 1029 Vestis
1223 967 1313 1048 lcuqa
1326 969 1391 1030 siae
1403 969 1513 1030 tunica
1529 967 1575 1032 2⁰.
1598 967 1686 1048 Epo-

317 1069 377 1129 mis
399 1069 464 1128 siae
485 1067 660 1142 amicitiara,
683 1067 783 1128 instar
803 1065 936 1130 Aarcnis
957 1065 1150 1143 Sacerdotis,
1173 1087 1259 1148 quern
1279 1065 1361 1128 Deras
1380 1069 1412 1128 in
1429 1067 1624 1130 taberniaculo
1640 1067 1686 1128 le-

317 1165 399 1245 qali,
421 1167 659 1248 superhumerali
679 1167 820 1228 amictum
842 1186 909 1229 esse
923 1167 1025 1246 jussit.
1041 1163 1088 1230 3⁰.
1111 1163 1199 1228 Zona
1220 1184 1280 1246 qua
1293 1165 1447 1228 Sacerdos
1461 1167 1578 1228 mediare
1587 1185 1686 1245 prue-

319 1265 461 1346 oinqitur.
483 1264 530 1330 ⁴⁰.
554 1273 586 1329 et
608 1267 655 1328 5⁰.
676 1265 818 1329 Maricae
839 1266 945 1348 quibus
966 1263 1145 1326 Sacerdotis
1172 1283 1280 1327 manas
1307 1265 1349 1326 ad
1374 1266 1567 1346 aucipimrda
1592 1283 1687 1327 sacra

319 1367 466 1445 mysteria
486 1367 664 1427 insumatur.
688 1364 733 1429 6⁰.
754 1351 1001 1447 Ἐπιτραχὴλιον
1022 1366 1087 1426 sice
1108 1365 1187 1426 stola
1209 1383 1298 1446 pum
1320 1384 1362 1426 em
1390 1365 1465 1426 collo
1493 1381 1548 1426 siro
1570 1363 1689 1427 Sacer-

320 1463 378 1524 dos
400 1465 551 1544 appendit.
577 1463 622 1526 7⁰.
646 1461 796 1541 Camisia,
818 1465 883 1526 siae
904 1462 998 1539 Alba,
1020 1481 1113 1544 mae,
1138 1465 1168 1525 si
1193 1462 1289 1542 [uerit
1313 1444 1499 1544 Episcopus,
1528 1463 1617 1526 limbo
1645 1463 1689 1525 ad

319 1580 467 1624 mmmm
484 1567 620 1644 pretium
640 1571 853 1644 praedocetur,
875 1581 964 1624 secus
985 1582 1021 1624 eo
1043 1562 1168 1626 carebit
1192 1561 1300 1630 induet
1316 1573 1415 1626 autem
1425 1562 1580 1625 Sacerdos
1588 1571 1688 1626 vestes

319 1669 481 1742 anteqiram
502 1664 545 1725 ad
566 1664 663 1725 altare
684 1663 814 1725 accedat
820 1685 831 1723 .·
853 1681 882 1724 er
876 1661 997 1741 suerit
1016 1661 1200 1742 Episcopus,
1230 1680 1266 1724 eo
1288 1669 1402 1725 tantum
1424 1671 1556 1742 tenpore
1577 1664 1689 1724 indue-

319 1769 385 1840 tur,
408 1781 467 1842 quc
489 1762 668 1825 oblationem
689 1761 816 1841 inseret,
839 1770 910 1824 oute
929 1760 1169 1836 absolutiones,
1191 1768 1225 1823 at
1245 1762 1290 1823 ita
1311 1762 1434 1842 aliquod
1454 1763 1617 1824 discrimen
1636 1763 1689 1822 iu-

319 1862 458 1924 tercedat
478 1864 596 1924 ratam
617 1862 790 1942 diqeitatis,
812 1864 892 1923 inter
913 1860 1081 1940 Episcopus
1103 1867 1133 1922 et
1152 1860 1343 1922 Sacerdotes.
1370 1860 1474 1923 Partes
1497 1877 1601 1923 omnes
1621 1858 1688 1921 illas

319 1961 367 2022 rei
388 1962 549 2023 vestiariae
561 1960 794 2024 Ecclesiasticus
818 1968 958 2022 accurate
981 1958 1135 2040 explicare
1158 1977 1219 2021 non
1241 1959 1400 2022 admodum
1422 1959 1510 2023 facile
1534 1967 1688 2023 estruem

319 2075 416 2122 voces
440 2059 548 2141 quihus
572 2060 770 2142 designantur
792 2059 947 2142 singulae,
969 2061 1022 2121 vix
1043 2057 1267 2140 Lexicographi
1291 2059 1471 2143 intelligunt.

409 2193 505 2256 Panna
532 2211 620 2274 quarn
643 2192 806 2256 Abusehah
834 2199 924 2255 vocat
945 2190 1056 2268 dabat,
1082 2193 1140 2254 hoc
1167 2198 1214 2254 est
1235 2190 1328 2274 longa
1349 2191 1515 2272 talarisque
1536 2192 1688 2270 vestis,a
1822 2205 1883 2267 ηπ)

320 2289 462 2355 Gabriele
484 2293 656 2355 Patriarcha
680 2293 807 2354 Touniat
827 2290 1011 2373 appellatur,
1040 2297 1148 2372 estque
1178 2291 1302 2371 proprie
1326 2290 1511 2354 Graecorum
1530 2276 1687 2370 χιτώνιον,
1812 2289 1898 2354 aare

318 2390 369 2454 vet
391 2393 491 2474 potius
513 2379 680 2478 σιιχάριον
694 2399 727 2453 ut
740 2398 825 2454 recte
840 2409 906 2452 eam
922 2398 1012 2452 vocat
1027 2389 1157 2472 Cyrillas
1172 2390 1370 2453 Patriaroha
1362 2409 1392 2452 an
1406 2390 1577 2453 testimonio
1592 2408 1688 2471 supe·
1733 2369 1817 2425 Μ’
1836 2373 1939 2438 ‘⁰⁰¹⁰
1963 2389 2009 2426 ⁵⁰⁰

317 2492 382 2552 rius
405 2490 544 2555 adducto.
574 2491 629 2554 Est
651 2492 729 2552 enim
751 2491 846 2570 prima
868 2491 963 2552 vestis
985 2507 1063 2570 qaae
1085 2508 1147 2552 non
1167 2490 1266 2554 solum
1287 2490 1445 2573 Episcopis
1473 2499 1504 2552 et
1532 2487 1686 2554 Sacerdo—
1700 2456 1804 2528 '‘⁶⁰²²“
1796 2477 1845 2509 ¹⁹⁰⁷

317 2589 416 2670 tihus,
446 2591 502 2654 sed
522 2589 665 2653 Diaconis
687 2596 718 2652 et
740 2587 966 2672 Hypodiaconis
988 2591 1151 2652 eommunis
1180 2597 1242 2665 est;
1269 2590 1403 2653 strictior
1430 2589 1546 2653 scilicet
1576 2589 1687 2668 tunica,

319 2707 416 2769 eaque
439 2689 525 2768 alhs,
547 2697 581 2752 ut
603 2688 770 2752 Germanus
793 2687 1172 2770 Constantinopolitanae
1164 2708 1194 2752 ιιι
1207 2689 1353 2769 Theoria,
1367 2688 1537 2769 Cahasilas,
1555 2689 1688 2770 Symeon

320 2788 599 2853 Thessalonicensis
629 2797 660 2852 et
688 2787 739 2852 alii
769 2788 947 2867 observant,
977 2805 1103 2869 quoram
1133 2796 1164 2852 et
1185 2788 1312 2854 aliorum
1333 2789 1493 2852 multorum
1516 2787 1688 2851 testimonia

319 2887 450 2952 collecta
471 2889 664 2970 reperiunnn
684 2888 716 2951 in
739 2887 893 2952 Glossario
918 2885 1189 2951 Graeco-Barbara
1212 2887 1369 2950 clarissimi
1393 2887 1494 2952 Caroli
1518 2885 1635 2969 Cangii.

408 3015 547 3081 Secunda
576 3016 709 3081 Arabiae
738 3023 865 3080 vocatur
888 3017 1004 3095 lilaea,
1032 3018 1082 3081 cui
1110 2999 1141 3079 in
1169 3016 1329 3081 Glossariis
1358 3015 1493 3099 Copticis
1522 3016 1688 3098 respondet

318 3107 455 3195 ἐπωμις,
470 3117 525 3180 sed
539 3124 683 3199 corrupte
699 3118 811 3198 scripta
828 3111 983 3197 ταπιιμις,
996 3119 1027 3182 in
1042 3117 1190 3200 aliquibus
1207 3107 1368 3202 urlo'ptou,
1380 3118 1439 3182 hoc
1449 3125 1496 3180 cst
1506 3116 1668 3180 Ratiatum
1672 3137 1687 3191 ,·
1706 3103 1709 3112 ’

318 3223 350 3279 at
371 3215 421 3278 hio
442 3215 570 3298 intelligi
592 3216 682 3279 dehet
704 3218 798 3278 vestis
822 3225 871 3279 aut
893 3225 1101 3279 ornamentum
1121 3217 1254 3280 humeris
1276 3218 1388 3298 imponi
1417 3216 1555 3296 solitura,
1586 3219 1627 3279 ita
1653 3223 1687 3278 at

318 3315 358 3378 sit
381 3316 642 3396 superhumerali,
666 3334 755 3398 quam
778 3315 926 3378 Rationali
948 3317 1081 3381 similius.
1106 3316 1165 3380 Sed
1188 3315 1334 3398 explicari
1356 3333 1450 3398 posse
1478 3334 1539 3379 non
1568 3317 1687 3379 incom-

318 3414 407 3477 mode
429 3415 549 3478 videtur
569 3434 627 3496 per
651 3404 849 3491 &eruditam
870 3417 964 3478 vestis
987 3423 1086 3479 autern
1110 3424 1156 3480 est
1176 3416 1277 3479 talaris
1296 3416 1411 3498 ahsqae
1422 3417 1564 3493 manicis,
1588 3423 1619 3478 et
1634 3425 1686 3479 to-

319 3520 380 3576 tam
403 3531 515 3594 corpus
538 3515 690 3592 ambiens,
711 3515 752 3578 ita
774 3523 806 3578 ut
827 3515 1001 3578 Latinorum
1023 3519 1162 3598 antiquae
1186 3515 1315 3579 casulae
1337 3517 1457 3578 omnino
1485 3513 1685 3596 respondeam

319 3622 352 3675 ut
374 3621 460 3677 recte
484 3612 601 3696 Gangis
625 3614 826 3678 observatum.
847 3615 886 3677 Et
909 3615 987 3695 apud
1008 3616 1127 3678 Arabes
1150 3633 1212 3678 vox
1234 3633 1312 3696 qaae
1339 3614 1399 3678 hoo
1427 3615 1495 3677 loco
1524 3620 1688 3692 usurpatur

319 3719 421 3795 togam
443 3713 599 3794 quamdam
620 3713 708 3798 huJus
731 3716 854 3797 generis
876 3713 1037 3798 Religiosis
1060 3716 1213 3796 propriam
1236 3715 1407 3798 significat,
1431 3732 1471 3777 ex
1493 3713 1643 3777 Camusio.

407 3846 491 3908 Zona
519 3847 593 3909 satis
621 3846 813 3930 intelligitur,
844 3865 921 3928 quae
950 3856 1074 3930 praeter
1100 3865 1285 3910 communem
1314 3865 1415 3925 usum,
1450 3863 1510 3928 quo
1540 3847 1577 3909 ah
1607 3847 1687 3910 omni

321 3953 404 4008 retro
427 3947 602 4024 antiquitate
625 3946 864 4027 commendatur,
894 3947 1054 4028 multisque
1076 3948 1212 4030 mysticis
1234 3945 1501 4028 significationibus
1524 3953 1689 4010 exornatur

322 4045 402 4128 apud
425 4053 546 4108 autores
569 4044 818 4126 Ecclesiasticus,
848 4048 899 4130 qai
927 4047 965 4110 de
994 4049 1089 4110 sacris
1112 4045 1225 4109 Officiis
1253 4045 1459 4126 scripserant,
1489 4046 1580 4109 hahet
1608 4047 1688 4108 inter

321 4144 508 4208 Christianos
531 4144 701 4208 Orientales
724 4146 907 4230 singularem
929 4147 1231 4225 commendationem,
1255 4165 1294 4209 ex
1308 4147 1426 4208 ratione
1443 4164 1521 4228 qaae
1539 4145 1596 4208 illis
1610 4161 1688 4225 pro-

317 4245 383 4325 pria
407 4252 469 4321 est,
493 4263 533 4306 ex
555 4263 615 4325 qao
637 4243 693 4307 sub
717 4244 1000 4310 blahamedanorum
1022 4246 1148 4328 hnperio
1170 4247 1283 4310 vivunt.
1307 4245 1382 4307 Nam
1404 4243 1517 4308 Calliae
1539 4244 1685 4324 nonnulli,

318 4351 349 4406 et
371 4343 421 4407 alii
442 4345 597 4425 Principes
618 4346 798 4427 praesertim
820 4347 849 4408 in
871 4346 1031 4431 Aegypto,
1054 4346 1145 4409 malta
1167 4353 1353 4423 statuerant,
1376 4352 1409 4407 ut
1423 4344 1585 4408 Christiani
1607 4344 1686 4405 notis

319 4443 521 4507 exterioribus
545 4463 562 4507 a
583 4443 809 4507 Mahamedanis
832 4446 1107 4528 distinguerentur,
1130 4454 1191 4509 turn
1213 4445 1316 4508 colore
1331 4445 1475 4523 vestium,
1499 4444 1687 4527 cogebantur

321 4543 399 4604 enim
420 4542 519 4625 pullas
542 4550 652 4606 tanturn
675 4544 816 4607 induere:
840 4553 901 4607 tarn
924 4547 1069 4626 maxime,
1092 4547 1162 4627 quia
1184 4562 1261 4608 zona
1282 4562 1375 4624 saper
1388 4553 1489 4626 togam
1503 4545 1685 4608 exteriorem

320 4643 479 4726 praecingi
508 4643 829 4725 eosoportehat.1d
857 4647 1050 4708 severissime
1079 4645 1151 4708 ah
1143 4646 1216 4727 ipsis
1244 4652 1382 4707 exactum
1411 4651 1457 4708 est
1484 4646 1522 4707 ab
1551 4645 1685 4709 Hakenro

321 4739 416 4804 Callia
448 4740 584 4824 Aegypti
613 4743 774 4822 Eutimida‚
805 4751 836 4806 et
866 4764 890 4807 a
913 4745 1112 4809 Salaheddino
1141 4744 1320 4807 Yuhidarum
1352 4744 1543 4810 Saltanorum
1571 4746 1686 4827 primo:

322 4858 400 4920 qaae
431 4841 582 4906 distinctio
605 4861 673 4905 carn
695 4843 854 4925 aliquam
845 4846 1037 4926 ignominiam
1064 4846 1251 4927 conjunctam
1272 4844 1384 4908 hahere
1410 4844 1581 4922 rideretur,
1611 4863 1687 4928 grs-

320 4939 442 5002 vissima
471 4938 648 5006 Christianis
673 4943 874 5026 judicabatur.
905 4945 937 5009 Si
966 4945 1032 5026 quis
1059 4943 1138 5025 apud
1166 4944 1321 5026 Principes
1348 4946 1446 5027 gratia
1476 4953 1506 5008 et
1528 4946 1686 5008 autoritate

319 5037 467 5119 polleret,
490 5059 527 5104 ea
548 5041 704 5123 atehatur,
736 5053 770 5106 at
791 5043 1002 5110 immunitatem
1024 5043 1126 5106 Zonae
1146 5041 1290 5109 ferendae
1312 5044 1472 5108 obtineret.
1507 5043 1589 5110 istud
1610 5064 1686 5109 vero

1399 5183 1480 5258 36*

1698 4613 1760 4665 aar.
1767 4613 1835 4666 aar
1839 4613 1911 4666 aree.
1905 4634 1940 4684 ..p
1934 4614 2007 4669 ..ees

1698 4699 1972 4754 mmmm
