4670 6046
730 469 805 543 320
1305 475 1535 556 NOTAE

729 655 946 720 elementorum
967 661 1244 722 transmutationem
1265 658 1365 739 valet,
1394 661 1542 742 simulque
1565 663 1630 744 ejus
1652 682 1725 726 vera
1748 661 1838 728 lectio
1867 664 2084 729 confirmentur.

729 753 806 818 Satis
828 763 891 818 tuta
914 763 979 819 erat
1001 755 1193 840 Copticorum
1216 758 1352 822 codicum
1374 759 1470 838 lides,
1500 778 1567 823 oum
1596 761 1677 824 nulla
1705 763 1863 826 observari
1884 771 1991 844 posset
2013 763 2086 827 inter

726 853 795 918 illos
818 853 995 936 diversitas,
1023 865 1054 919 et
1074 859 1242 921 muniretur
1262 866 1422 940 praeterea
1449 875 1601 922 consensu
1624 861 1807 925 Graecarum
1835 863 1965 926 omnium
1988 863 2087 926 Litur-

726 953 844 1046 giqrum
867 961 1020 1034 veterum,
1041 955 1166 1035 Jacobi,
1189 957 1300 1036 blarci,
1331 957 1432 1020 Basilii
1455 965 1486 1020 et
1513 956 1736 1041 chrysostomi:
1766 960 1823 1024 sed
1851 959 1937 1024 istius
1969 958 2085 1026 Codicis

725 1054 853 1116 maxima
875 1061 922 1116 est
945 1055 1097 1118 autoritas.
1134 1057 1182 1118 Ex
1204 1073 1241 1119 eo
1263 1057 1379 1119 scilicet
1401 1057 1578 1139 intelligitur
1598 1059 1670 1121 nihil
1693 1061 1723 1121 in
1747 1067 1833 1122 textu
1853 1061 2035 1140 mutandum,
2059 1067 2085 1122 et

725 1150 837 1216 frustra
860 1171 928 1216 esse
946 1153 1233 1235 interpretationem,
1254 1173 1341 1236 quam
1359 1155 1518 1221 Salmasius
1540 1156 1749 1241 Gregorianae
1772 1156 1917 1240 Copticae
1934 1159 2084 1244 Liturgioe

649 1312 651 1316 .
725 1251 952 1317 accommodare
975 1262 1101 1317 conatus
1124 1263 1180 1320 est.
1225 1255 1385 1318 Invocatur
1405 1256 1533 1336 Spiritus
1556 1265 1698 1337 sanctus,
1728 1266 1762 1320 ut
1789 1258 1894 1319 veniat
1921 1276 2013 1338 super
2032 1253 2102 1322 nos'

721 1361 901 1431 peccatores
922 1361 953 1415 et
971 1355 1111 1434 indignos
1131 1374 1239 1418 scacos
1260 1363 1343 1434 tuos,
1361 1356 1401 1418 ait
1424 1353 1585 1435 Sacerdos,
1608 1363 1640 1418 et
1655 1376 1746 1438 super
1761 1357 1838 1419 baec
1858 1356 1955 1418 dono:
1978 1374 2083 1438 nempe

724 1467 819 1531 super
840 1450 990 1515 ministros
1013 1452 1142 1534 Christi,
1173 1461 1207 1515 ut
1228 1453 1404 1517 Sacerdotio
1433 1471 1488 1516 suo
1515 1455 1574 1517 rite
1604 1453 1781 1539 longantur;
1810 1471 1903 1535 super
1930 1455 2024 1534 dona,
2053 1464 2084 1518 ut

723 1548 775 1612 illa
805 1549 978 1613 sanctificet
1035 1552 1068 1614 ln
1099 1553 1238 1634 sequenti
1267 1553 1413 1634 particula
1441 1554 1585 1616 orationis
1619 1555 1713 1618 verba
1743 1553 1859 1617 Graeca
1895 1571 1913 1616 a
1945 1551 2083 1618 Librariis

722 1648 801 1711 male
823 1649 923 1712 habita
944 1657 1023 1713 sunt.
1058 1647 1129 1714 Kal
1149 1669 1283 1737 ποιησει
1303 1639 1440 1730 τὸνμὲν
1462 1641 1559 1738 ἄρτον
1579 1649 1696 1716 τοῦτον
1717 1648 1840 1737 plassea
1862 1643 1912 1725 εἷς
1932 1643 1972 1715 τὸ
1994 1645 2082 1738 ἅγιον

722 1747 820 1826 σῶμα
841 1755 900 1812 eto.
945 1748 1019 1813 Cum
1042 1750 1204 1834 legendum
1225 1753 1274 1814 sit.
1318 1747 1390 1814 Και
1410 1739 1531 1836 ποιήσῃ
1552 1740 1697 1829 τὸνμὲν
1726 1740 1823 1839 ἄρτον
1851 1750 1970 1814 τοῦτον
1996 1747 2083 1834 ylas-

723 1836 856 1910 coest
831 1867 923 1928 cyaoa
944 1847 1049 1929 σῶμα.
1094 1850 1138 1912 lta
1160 1851 1239 1926 enim
1260 1851 1374 1934 legisse
1396 1793 1528 1914 Arabum
1549 1853 1764 1934 interpretem,
1795 1873 1835 1915 ex
1857 1853 1922 1935 ejus
1944 1852 2081 1914 versione

722 1955 848 2012 constat.
891 1949 1001 2011 Faciat
1021 1969 1105 2028 esse,
1134 1950 1185 2012 vel
1209 1951 1282 2029 ficas·
1309 1969 1420 2030 coaptes
1449 1957 1595 2015 soncbam.
1640 1949 1766 2032 Coptica
1793 1952 1896 2014 versio
1922 1951 2081 2032 simplicius

723 2054 754 2108 et
776 2047 892 2110 melius.
936 2046 977 2110 Et
995 2049 1096 2128 socius
1113 2067 1226 2130 paramo
1247 2051 1364 2130 quiden
1392 2051 1481 2110 mlum
1510 2067 1622 2129 corpus
1649 2059 1801 2127 sonabam,
1831 2059 1887 2115 etc.
1933 2051 2082 2114 Sententia

722 2147 839 2210 utrovis
861 2146 950 2212 modo
973 2149 1159 2230 exprimatur
1180 2148 1285 2212 eadem
1307 2156 1364 2213 est.

954 2409 1160 2510 Προοίμιον
1186 2414 1247 2505 τῆς
1271 2407 1437 2493 alciacum.
1492 2410 1616 2481 Oratio
1644 2411 1852 2481 Fractt'om's.

800 2617 943 2703 Κλοῖοιν
970 2641 1036 2702 sive
1060 2641 1252 2702 Fraotioracm
1273 2647 1383 2702 vocant
1411 2639 1581 2704 Orientales
1617 2659 1682 2704 eam
1710 2641 1865 2725 Liturgiae
1892 2649 2025 2723 partem,
2055 2643 2084 2705 in

721 2758 780 2822 qua
802 2739 952 2806 Sacerdos
973 2757 1082 2821 panem
1103 2740 1338 2803 Eucharisticum
1361 2739 1474 2825 frangit
1493 2742 1525 2803 in
1545 2741 1650 2823 plures
1673 2735 1850 2824 particulas:
1878 2759 2003 2822 quarum
2027 2761 2083 2805 una

720 2843 817 2923 major
839 2838 925 2901 calici
947 2839 1124 2919 immittitur,
1155 2847 1185 2901 et
1208 2857 1248 2901 ex
1269 2856 1306 2902 ea
1329 2842 1540 2924 consignatur:
1572 2848 1633 2904 tum
1662 2859 1702 2903 ex
1731 2840 1836 2904 eadem
1866 2844 2083 2924 consignantur

721 2939 797 3002 aliae
820 2939 1003 3019 particulae,
1027 2957 1106 3020 quae
1127 2939 1158 3000 in
1181 2937 1265 3001 disco
1287 2939 1452 3020 dispositae
1474 2947 1553 3018 sunt,
1577 2939 1667 3020 litque
1690 2940 1719 3003 id
1742 2941 1824 3020 quod
1844 2939 1952 3004 Graeci
1975 2947 2085 3002 vocant

720 3030 966 3122 optatecare,
989 3039 1039 3102 alii
1060 3039 1313 3119 ohsipnutioaem:
1337 3047 1443 3120 estque
1464 3040 1535 3100 unio
1558 3038 1682 3101 duarum
1705 3040 1892 3119 specierum,
1923 3057 1980 3120 qua
2010 3058 2084 3102 cae-

720 3140 1043 3218 remonia'testantur,
1066 3146 1099 3200 ut
1120 3137 1191 3200 dicit
1212 3136 1376 3219 Dionysius
1397 3135 1557 3216 Barsalibi,
1588 3155 1699 3218 corpus
1727 3157 1794 3200 esse
1815 3139 1896 3201 illius
1916 3143 2083 3221 sanguinis,

609 3309 612 3314 ¹
720 3246 750 3300 et
771 3241 946 3319 sanquinem
967 3240 1048 3300 illias
1077 3241 1233 3318 corporis,
1266 3255 1343 3319 quae
1372 3255 1444 3300 mox
1472 3237 1755 3300 communicantibus
1783 3238 2005 3303 distribuentur.
2051 3239 2083 3301 ln

429 4449 459 4504 Ρ.
479 4456 521 4504 72.
541 4455 583 4506 73.
603 4465 626 4508 et
643 4455 686 4507 74.

718 3339 778 3402 hoc
805 3356 880 3404 vero
909 3338 979 3402 loco
1007 3338 1196 3402 Prooemium
1229 3336 1302 3399 nihil
1331 3337 1410 3400 aliud
1439 3339 1588 3421 significat
1618 3355 1706 3418 quam
1733 3338 1912 3418 orationem,
1944 3358 2022 3422 quae
2053 3339 2086 3402 bt

719 3446 789 3502 ante
811 3441 906 3520 ipsam
927 3438 1119 3514 fractionem3
1140 3455 1202 3500 noa
1224 3438 1303 3500 enim
1325 3443 1373 3498 est
1394 3438 1478 3517 quasi
1502 3437 1624 3499 aliarum
1643 3435 1802 3499 Praelatio.
1849 3437 1967 3520 Quippe
1989 3435 2082 3501 atad

719 3539 803 3620 pacis
826 3538 971 3617 osculum,
995 3537 1033 3600 ad
1055 3523 1207 3622 εἰρηνικά,
1229 3537 1293 3600 sive
1316 3554 1425 3618 preces
1447 3553 1504 3616 pro
1522 3555 1599 3618 paee
1617 3535 1832 3615 Ecclesiurum,
1857 3536 1895 3598 ad
1917 3539 2083 3620 gratiarum

719 3639 886 3716 actionem,
908 3641 948 3701 ita
971 3638 1008 3700 ad
1030 3635 1207 3701 fractionem
1230 3636 1369 3699 diversae
1392 3638 1584 3717 assignantur
1605 3637 1773 3698 orationum
1795 3634 1950 3702 formulae.
1997 3638 2082 3711 Qua-

719 3746 789 3802 taor
818 3741 848 3802 in
877 3739 934 3802 hac
957 3737 1073 3800 Graeca
1103 3744 1171 3800 sunt
1200 3735 1347 3819 ejusmodi
1369 3737 1535 3798 orationes:
1560 3754 1689 3817 ⁸quarum
1712 3736 1809 3816 prima
1830 3736 1941 3819 legitur
1962 3736 1994 3798 ia
2016 3735 2081 3798 Co-

719 3841 801 3922 ptica
829 3838 965 3917 Codice,
990 3837 1044 3900 sed
1067 3838 1186 3900 eratin
1209 3835 1404 3917 Scaligerano
1434 3836 1499 3897 sine
1529 3835 1632 3914 titulo,
1664 3852 1752 3916 quem
1783 3835 1832 3896 alii
1854 3834 1922 3896 libri
1951 3853 2083 3918 reprae-

719 3946 854 4018 sentant,
876 3945 1046 4018 vocantque
1069 3937 1214 4013 similiter,
1239 3935 1430 3997 Prooemium
1448 3935 1625 4014 fractionis,
1657 3936 1697 3996 ita
1723 3933 1901 3998 vertendum
1923 3941 1988 4012 est,
2021 3953 2082 3998 non

720 4041 888 4117 divisionis,
911 4045 944 4100 ut
965 4037 1112 4101 Maronita
1134 4036 1234 4099 vortit.
1264 4034 1304 4116 ‚Si
1326 4033 1444 4115 quidem
1466 4035 1544 4096 actio
1566 4035 1615 4096 illa
1638 4033 1787 4118 significat
1809 4033 1985 4097 fractionem
2008 4052 2082 4096 cor-

719 4141 802 4221 poris
827 4138 953 4216 Christi,
988 4145 1021 4198 ut
1051 4135 1310 4210 Commentatores
1336 4132 1538 4215 Liturgiarum
1566 4133 1695 4196 docent:
1737 4121 1851 4196 Eadem
1880 4141 1927 4196 cst
1959 4151 2081 4216 quoque

718 4257 782 4302 vox
805 4237 948 4318 Coptica,
972 4254 1049 4317 quae
1071 4236 1183 4318 legitur
1203 4235 1233 4296 in
1257 4234 1352 4295 lorma
1373 4232 1534 4295 verborum
1550 4231 1668 4297 Christi.
1699 4233 1765 4310 Hoc
1786 4243 1832 4295 est
1852 4241 1964 4314 corpus
1984 4255 2083 4296 meum

718 4340 799 4421 qaod
816 4357 874 4418 pro
896 4337 983 4400 cobis
1002 4336 1168 4417 frangitur,
1191 4320 1353 4414 κλώμενον
1374 4334 1424 4396 vel
1435 4319 1672 4418 θρυπτόμενον,
1694 4338 1727 4394 ut
1746 4335 1774 4394 in
1792 4331 1984 4396 Clementinis
1998 4333 2084 4396 Con-

717 4437 919 4503 stitutionibus
943 4443 972 4498 et
995 4436 1142 4516 aliquibus
1157 4435 1301 4518 Liturgiis
1319 4429 1440 4514 legitur.
1465 4431 1601 4497 Secunda
1618 4449 1695 4513 quae
1715 4439 1819 4494 sancto
1835 4429 1946 4494 Basilio
1962 4431 2084 4494 adscri-

717 4538 812 4616 bitur,
837 4537 948 4599 extat
940 4555 971 4597 m
994 4535 1129 4619 eJ'usdem
1152 4536 1268 4597 Graeca
1290 4533 1444 4616 Liturgia,
1474 4532 1554 4613 quod
1581 4530 1721 4593 indicium
1748 4536 1794 4592 est
1826 4531 1968 4612 scriptum
2002 4531 2083 4593 illam

716 4637 824 4717 luisse,
848 4643 1006 4717 antequam
1028 4636 1103 4698 baec
1124 4633 1330 4698 Alexandrina
1353 4632 1489 4695 ordinata
1511 4629 1635 4708 luisset,
1658 4638 1708 4693 aut
1730 4628 1898 4716 adjunctam
1922 4630 1963 4692 illi
1985 4628 2081 4692 luisse

716 4739 794 4800 hanc
824 4738 1005 4815 orationem,
1040 4735 1122 4816 quod
1152 4733 1342 4798 verisimilius
1374 4739 1433 4810 est,
1474 4732 1542 4812 quia
1578 4729 1663 4792 abest
1697 4747 1713 4792 a
1745 4727 1877 4810 Copticis
1908 4727 2081 4794 Codicibus.

718 4837 849 4900 Tertia
841 4855 871 4898 rn
893 4837 952 4900 illis
981 4838 1144 4918 reperitur,
1168 4839 1235 4897 curn
1257 4835 1317 4897 levi
1340 4831 1495 4896 admodum
1518 4829 1697 4895 dillerentia.
1740 4829 1854 4903 Quarta
1878 4829 1996 4892 tandem
2019 4848 2082 4890 en-

718 4945 760 5000 tat
783 4955 902 5019 quoque
924 4939 954 4998 in
978 4933 1105 5017 Coptica
1126 4935 1273 5019 Liturgia,
1297 4933 1353 4997 sed
1375 4930 1514 4995 tribuitur
1536 4929 1643 4992 Joanni
1665 4928 1824 5008 Bostreno,
1847 4928 1908 5010 vel,
1934 4936 1966 4991 ut
1987 4927 2081 4991 habet
