4760 6038
635 687 683 758 12
1142 683 1568 761 LITURGlh.

630 873 809 944 adventum
835 871 1060 958 vivitimntem
1093 871 1151 942 filii
1180 874 1227 942 tui
1257 874 1418 964 unigeniti
1450 872 1534 944 Jesu
1568 871 1691 946 Christi
1723 873 1858 945 Domini
1884 873 1947 944 Dei
1974 882 2008 946 et

560 1021 566 1032 ·
629 987 817 1061 Salvatoris
844 992 950 1059 nostri
983 987 1195 1075 destruxisti,
1231 987 1470 1083 replevistique
1503 999 1627 1060 terram
1663 988 1804 1061 coelesti
1836 1011 1938 1086 pace:
1974 1001 2008 1062 tu

630 1127 729 1200 quem
756 1103 927 1176 celebrant
952 1103 1163 1195 Angelorum
1191 1107 1372 1193 exercitus,
1400 1104 1558 1194 dicendo,
1587 1103 1702 1175 Gloria
1722 1107 1756 1176 in
1773 1105 1919 1178 excelsis
1932 1106 2006 1176 Deo

630 1231 664 1292 et
676 1245 746 1317 pax
761 1242 862 1316 super
878 1230 1013 1308 terram,
1041 1221 1122 1290 etin
1137 1217 1426 1310 hominibushona
1446 1219 1621 1309 voluntas,
1647 1220 1749 1316 imple
1765 1245 1828 1316 per
1838 1221 2007 1318 henepla-

629 1341 730 1407 citum
744 1348 845 1426 tuum,
858 1337 1014 1424 Domine,
1031 1335 1134 1406 corda
1147 1346 1262 1406 nostra
1278 1359 1363 1430 pace
1375 1347 1442 1424 tua,
1459 1347 1492 1407 et
1505 1335 1626 1407 munda
1644 1358 1707 1408 nos
1719 1337 1761 1409 ah
1776 1344 1865 1409 omni
1878 1339 2006 1409 macula

630 1455 786 1547 omnique
802 1450 987 1540 simultate,
1015 1451 1104 1522 omni
1118 1449 1246 1540 fraude,
1268 1455 1357 1524 omni
1374 1451 1474 1541 malo,
1494 1455 1648 1546 omnique
1667 1455 1859 1544 iujuriarum
1882 1473 2006 1526 recor-

630 1570 763 1641 datione
779 1569 960 1641 mortilera.
979 1547 1050 1640 Fac
1069 1567 1214 1640 Domine
1229 1576 1265 1638 ut
1276 1589 1392 1640 omnes
1408 1567 1500 1659 digni
1519 1569 1620 1640 simus
1633 1568 1852 1664 amplectendi
1863 1573 2005 1641 invicem

628 1689 662 1756 in
674 1685 790 1757 osculo
801 1696 928 1775 sancto,
939 1689 1026 1756 etita
1041 1683 1127 1757 illius
1142 1687 1319 1780 participes
1334 1687 1448 1772 simuS,
1462 1694 1578 1756 utnon
1595 1687 1626 1754 in
1638 1684 1762 1775 judicio
1773 1685 1917 1779 repellas
1930 1707 2006 1776 nos,

630 1799 671 1871 ah
691 1800 866 1874 immortali
883 1811 916 1873 et
926 1799 1065 1873 coelesti
1082 1799 1170 1870 dono
1187 1811 1257 1889 tuo,
1275 1822 1337 1896 per
1350 1799 1517 1873 Christum
1527 1800 1642 1872 desum
1654 1800 1831 1872 Dominum
1847 1811 2004 1874 nostrum.

1068 2007 1188 2077 Oratio
1217 2006 1289 2075 atio
1316 2007 1430 2078 Oscali
1453 2008 1563 2099 pacis.

732 2160 916 2236 Sacerdos.
971 2158 1139 2256 Superant
1165 2183 1297 2231 omnem
1326 2166 1487 2233 sermonis
1504 2161 1707 2252 facultatem,
1734 2171 1768 2233 et
1786 2183 1918 2233 omnem
1938 2168 2006 2234 vim

568 2309 570 2318 ·
627 2277 759 2365 mentiS,
787 2277 923 2348 divitiae
950 2299 1121 2348 munerum
1148 2284 1290 2365 tuorum,
1317 2274 1478 2367 Domine,
1507 2282 1582 2374 qula
1610 2277 1814 2350 abscondisti
1841 2281 2005 2374 sapienti-

626 2388 691 2462 bus
719 2404 752 2464 et
779 2391 1013 2489 prudentibus,
1049 2401 1084 2463 et
1117 2390 1215 2463 nobis
1248 2393 1397 2486 parvulis
1434 2393 1593 2466 revelasti
1620 2418 1683 2482 ea,
1718 2417 1803 2490 quae
1831 2396 2003 2488 cupierunt

626 2506 815 2603 Prophetae
843 2519 876 2580 et
901 2507 1020 2600 Reges
1055 2508 1195 2599 videre,
1228 2517 1261 2579 et
1293 2532 1361 2581 non
1387 2510 1549 2581 viderunt.
1602 2509 1697 2581 Haec
1724 2514 1756 2581 in
1783 2532 1846 2582 nos
1873 2533 2003 2604 pecca-

625 2631 721 2694 tores
746 2626 897 2714 gratiose
924 2622 1101 2714 contulisti,
1126 2633 1163 2694 ut
1190 2647 1231 2695 ea
1259 2625 1575 2714 administraremus,
1604 2636 1636 2697 et
1662 2649 1725 2722 per
1752 2649 1791 2697 ea
1809 2627 2002 2699 sanctitica-

626 2759 750 2829 remur,
778 2762 852 2809 cum
878 2739 935 2812 filii
962 2743 1008 2811 tui
1036 2740 1318 2836 dispensationem
1344 2740 1441 2814 nobis
1470 2741 1659 2832 exhibuisti,
1688 2751 1721 2814 et
1748 2763 1879 2815 sacrum
1906 2746 2002 2813 ritum

625 2855 719 2925 istius
747 2853 900 2928 sacrificii
932 2860 1111 2928 incnrenti:
1147 2879 1210 2928 nec
1244 2863 1332 2930 enim
1367 2858 1446 2930 illud
1479 2869 1531 2930 est
1564 2860 1735 2952 sanguinis
1770 2857 1909 2950 legalis,
1946 2867 2002 2930 aut

603 2971 769 3085 justitiae
796 2994 1003 3069 corporeae,
1044 2973 1105 3045 scd
1132 2965 1239 3064 agrius
1267 2984 1319 3046 est
1345 2974 1518 3070 spiritalis,
1546 2973 1744 3068 gladiusque
1771 2974 1941 3046 rationalis
1969 2985 2002 3046 et

623 3090 855 3182 incorporeus,
881 3092 915 3161 m
941 3089 1005 3161 hoc
1032 3089 1207 3181 sacrificia,
1235 3090 1324 3185 quod
1351 3089 1408 3161 tihi
1436 3089 1613 3163 offerimus.
1666 3090 1839 3182 Rogamus
1873 3100 1906 3160 et
1933 3088 2001 3160 oh-

624 3226 795 3278 secramus
822 3205 1004 3279 honitatem
1030 3217 1140 3300 mam,
1175 3229 1195 3280 ο
1222 3208 1388 3281 hominum
1414 3217 1563 3298 amator,
1594 3207 1731 3303 purifica
1758 3205 1847 3278 labia
1873 3215 2000 3292 nostra,

624 3331 658 3391 et
683 3319 789 3394 libera
814 3331 942 3397 mentes
970 3333 1104 3398 nostras
1138 3324 1180 3396 ah
1217 3327 1306 3395 omni
1339 3325 1539 3416 contagione
1566 3322 1744 3396 materiali:
1784 3326 1876 3394 mitte
1903 3321 2000 3394 nohis

623 3440 763 3528 gratiam
791 3436 933 3534 Spiritus
961 3444 1008 3512 tui
1034 3443 1139 3514 sancti
1167 3449 1201 3511 et
1228 3439 1348 3532 dignos
1367 3440 1459 3512 effice
1487 3439 1651 3512 salutandi
1671 3443 1815 3510 invicem
1835 3436 1998 3509 inosculo

623 3563 752 3644 sancto,
779 3565 908 3628 utnon
935 3556 1119 3628 incidentes
1146 3557 1179 3626 in
1204 3556 1381 3647 Judicium,
1415 3559 1639 3652 percipiamus
1667 3555 1789 3627 donum
1816 3565 1904 3625 tuum
1931 3557 1999 3624 im-

622 3669 762 3742 mortale
789 3680 824 3742 et
850 3673 1009 3764 coeleste,
1035 3695 1098 3769 per
1123 3671 1239 3744 Jesum
1266 3670 1432 3744 Christum
1458 3672 1635 3744 Dominum
1662 3682 1820 3744 nostrum.

1009 3893 1130 3963 Oratio
1158 3891 1265 3962 Pacis
1290 3889 1418 3964 Jacohi
1443 3890 1613 3985 Apostoli.

724 4046 910 4120 Sacerdos.
961 4046 1069 4138 Deus,
1096 4050 1238 4118 omnium
1256 4046 1414 4136 Domine,
1442 4045 1562 4137 dignos
1590 4045 1683 4117 effice
1700 4043 1764 4116 hac
1790 4043 1909 4136 salute,
1935 4065 1997 4118 nos

620 4172 820 4257 peccatores
846 4162 1108 4256 indignissimos,
1134 4171 1171 4234 ut
1197 4159 1238 4234 ab
1268 4165 1357 4235 omni
1383 4160 1460 4234 labe
1488 4139 1642 4255 omnique
1667 4160 1837 4256 hypocrisi
1862 4182 1995 4255 purge-

620 4303 709 4370 mur,
744 4279 1047 4375 amplectamurque
1086 4281 1231 4352 invicem
1269 4283 1303 4349 in
1343 4277 1460 4350 osculo
1502 4285 1620 4350 sancto
1656 4288 1689 4348 et
1728 4299 1827 4348 unum
1861 4297 1995 4370 corpus,

619 4418 773 4490 unusque
799 4399 934 4492 spiritus
956 4395 1136 4470 efficiamur
1154 4397 1189 4464 in
1221 4393 1357 4468 vinculo
1381 4397 1529 4467 caritatis
1557 4405 1591 4465 ct
1612 4395 1705 4488 pacis
1730 4392 1863 4464 Domini
1889 4396 1995 4463 nostri

618 4511 702 4584 Jesu
729 4510 870 4603 Christi,
898 4535 972 4586 cum
1000 4537 1066 4610 quo
1090 4511 1284 4584 benedictus
1312 4534 1370 4601 cs,
1397 4519 1441 4582 et'
1457 4533 1530 4582 cum
1559 4508 1682 4606 Spiritu
1710 4519 1766 4580 tuo
1794 4507 1995 4596 vivificante,

617 4627 741 4722 tibique
767 4627 1055 4719 consubstantiali,
1081 4652 1169 4701 nuuc
1196 4639 1231 4701 et
1256 4650 1390 4724 semper
1416 4637 1450 4698 et
1475 4629 1510 4698 in
1537 4630 1648 4698 omnia
1673 4625 1808 4699 saecula
1832 4622 1995 4697 saeculo-

618 4765 701 4816 rum.
739 4747 859 4819 Ameu.

1028 4907 1246 4972 ΑΝΑΡΗΟΒΑ
1269 4907 1412 4972 SANCTI
1433 4905 1583 4971 BhSlLll.
1667 4860 1672 4870 Ι

592 5094 599 5115 .
721 5041 908 5112 Diaconos.
960 5037 1135 5129 Accedite,
1163 5037 1304 5128 adstate,
1332 5058 1353 5108 o
1379 5039 1457 5126 viri,
1483 5027 1563 5107 cunl
1574 5043 1733 5123 tremore,
1760 5041 1793 5104 et
1810 5030 1850 5104 ad
1868 5030 1994 5103 Orien-

343 5101 504 5169 Ilpaecps‘psw
534 5120 600 5150 κατα

289 5183 400 5254 τρόπον,
426 5183 561 5250 strom..
617 5165 683 5228 tem
711 5156 858 5253 aspicite.
892 5154 1120 5232 Attendamus.
