4680 6044
717 564 991 644 mutuandum
1007 561 1200 640 COPTlell
1215 559 1246 640 S.
1261 561 1404 639 busitu.
1671 562 1743 638 183

936 855 1056 928 Oratio
1084 854 1199 926 tiaris.
1791 868 1853 938 naq.
1872 870 1898 920 a.

446 1019 538 1106 'Erus
568 1057 640 1103 usus
669 1041 700 1102 in
728 1039 873 1104 Ecclesiis
907 1041 1110 1105 Orientalibus
1137 1045 1320 1121 perpetuus,
1349 1046 1380 1102 et
1409 1057 1506 1120 prope
1536 1038 1745 1119 quotidianusr
1810 1057 1899 1111 Thuris
1917 1075 1977 1112 urus
1998 1059 2065 1126 aput

381 1149 438 1197 nec
461 1139 538 1200 enim
560 1139 675 1222 absque
698 1139 785 1202 thure
807 1140 972 1225 Liturgiam
995 1139 1165 1220 celebrant,
1196 1139 1253 1200 nisi
1283 1156 1396 1200 summa
1417 1139 1584 1202 necessitas
1613 1149 1744 1220 premat:
1759 1141 1902 1200 orientales
1911 1144 2048 1213 multiplex.

379 1233 452 1296 illud
474 1234 616 1303 adhibent
639 1240 669 1300 in
691 1238 805 1303 Officiis
828 1239 1098 1304 sacramentalibus
1122 1239 1274 1316 omnibus,
1302 1238 1333 1299 in
1354 1237 1496 1320 precibus
1519 1239 1674 1301 nocturnis
1697 1238 1746 1301 di-

380 1336 542 1418 urnisque,
564 1335 637 1402 nihil
659 1347 692 1402 ut
714 1340 811 1420 possit
834 1359 902 1402 esse
923 1338 1121 1420 frequentius.
1166 1335 1367 1400 Observantur
1390 1345 1488 1400 autem
1511 1337 1590 1417 apud
1610 1336 1745 1420 Coptitas

381 1436 506 1500 eaedem
529 1455 607 1518 quae
631 1438 709 1518 apud
731 1437 805 1500 alios
833 1437 1015 1501 christianos
1045 1437 1266 1516 caeremoniae,
1297 1453 1404 1518 nempe
1435 1443 1467 1497 nt
1496 1435 1563 1498 thus
1593 1435 1747 1501 adoleatur

383 1533 493 1598 circum
521 1537 614 1600 altare
642 1546 672 1599 et
698 1556 755 1619 per
783 1536 964 1600 Ecclesiam:
997 1535 1195 1616 Sacerdotes,
1225 1541 1255 1597 et
1283 1536 1334 1615 qui
1363 1538 1393 1598 in
1416 1534 1580 1598 sublimiori
1603 1534 1747 1620 dignitato

381 1643 464 1714 sunt,
488 1654 527 1698 eo
539 1636 774 1717 perfundantur,
798 1636 961 1719 imagines,
985 1654 1059 1698 vasa
1075 1653 1178 1713 sacra,
1202 1634 1327 1697 ambitus
1340 1625 1506 1699 Ecclesiae.
1530 1633 1749 1698 AutorScien-

381 1734 440 1796 tiae
460 1733 705 1800 Ecclesiasticac.
751 1735 825 1798 Cam
846 1735 1000 1800 Sacerdos
1022 1737 1064 1798 od
1086 1736 1184 1796 altare
1210 1736 1338 1810 eorem,
1367 1733 1475 1816 afferet
1502 1735 1673 1796 naviculam
1698 1736 1750 1794 in-

382 1835 464 1894 censi
478 1835 520 1896 ad
533 1855 613 1911 eam,
635 1837 688 1917 qai
704 1836 849 1916 dipaitate
860 1837 999 1916 superior
1012 1841 1073 1910 est,
1096 1844 1130 1896 ut
1144 1834 1301 1896 bereedicat
1315 1835 1402 1911 illud,
1424 1842 1583 1916 antequam
1603 1831 1749 1895 tbartbudo

380 1933 559 2012 imponatur.
603 1934 640 1996 st
660 1954 732 1997 aero
753 1937 851 1998 nudas
873 1938 973 2014 mqjor
1000 1955 1035 1998 eo
1060 1952 1208 2014 praecem
1232 1934 1340 2013 suerit,
1373 1933 1527 1996 benedicet
1554 1935 1620 2012 ipae
1649 1933 1751 1994 cracis

380 2032 466 2110 dotto
487 2033 674 2109 camenam,
696 2042 855 2116 quaquam
877 2036 944 2098 tius
969 2037 1148 2114 imponatur.
1196 2033 1358 2112 Antiquom
1387 2050 1457 2095 esse
1487 2031 1582 2094 thuris
1611 2031 1642 2093 in
1670 2030 1750 2092 hunc

381 2130 499 2192 modum
528 2131 667 2196 adolendi
696 2131 775 2213 apud
805 2133 1029 2196 Alexandrinos
1059 2150 1189 2211 morem,
1218 2131 1307 2192 docet
1334 2130 1452 2194 illorum
1478 2130 1602 2193 historia
1630 2131 1660 2191 in
1688 2131 1750 2192 vita

382 2227 494 2292 Sanutii
516 2231 720 2295 Patriarchac:
744 2231 921 2308 inchoavit,
943 2233 1052 2315 inquit,
1084 2231 1273 2311 bitumina,
1304 2231 1515 2292 circumeundo
1539 2231 1750 2291 canciacense

382 2328 477 2390 attare
499 2336 529 2391 et
546 2333 663 2411 prodas
684 2333 756 2410 ejus.
802 2332 898 2406 Quam
921 2350 996 2394 vero
1020 2337 1160 2393 accurate
1182 2327 1390 2410 praescribant
1412 2346 1516 2391 omnes
1539 2329 1627 2390 etiam
1648 2329 1749 2390 minu-

382 2426 510 2490 tissimas
533 2431 756 2512 caeremonias,
780 2449 818 2494 ne
842 2431 879 2493 de
902 2430 1093 2512 quibusdam,
1118 2447 1194 2511 quae
1217 2428 1338 2510 majoris
1362 2427 1399 2490 ad
1421 2428 1509 2490 iidem
1540 2444 1643 2490 eorum
1672 2444 1748 2508 pro-

381 2523 507 2588 bandam
529 2529 671 2610 momenti
693 2537 798 2610 erunt,
822 2529 989 2607 dubitetur,
1018 2528 1153 2591 dabimus
1183 2547 1200 2590 e
1231 2525 1343 2590 Codice
1374 2528 1576 2610 manuscripto
1606 2545 1683 2609 quac
1712 2526 1750 2589 ad

382 2625 506 2706 primam
528 2627 608 2689 illam
629 2629 879 2692 thurificationem
910 2627 1026 2691 servari
1050 2627 1157 2711 jubent
1188 2625 1336 2708 Coptitae.
1385 2626 1539 2689 Sacerdos
1567 2625 1751 2690 osculabitur

381 2726 498 2804 prodas
519 2727 642 2800 altana
665 2728 708 2790 ad
729 2730 809 2809 qaod
830 2729 988 2804 ascendet,
1011 2735 1041 2790 et
1061 2728 1135 2790 illud
1156 2747 1269 2808 qaoque
1290 2725 1484 2790 coartabitur.
1530 2725 1600 2788 Tam
1622 2725 1752 2805 accipiet

383 2823 561 2886 tburibrdam
583 2844 604 2886 a
629 2824 784 2902 Diocoao,
818 2828 973 2907 capiatque
997 2845 1138 2889 aaaron
1165 2844 1219 2887 sea
1245 2825 1433 2900 naviculam,
1461 2843 1679 2906 conversusque
1707 2825 1750 2887 ad

381 2920 563 2986 Sacerdotes
584 2932 613 2987 et
635 2924 763 3002 omn,
785 2913 1064 3010 dicetedidyqoor:
1087 2925 1165 3007 quod
1189 2923 1307 2987 Arabes
1330 2929 1465 3003 vertunt,
1487 2923 1660 2988 benedicite.
1683 2924 1749 2985 ne-

381 3023 544 3101 apoadetar
557 3025 618 3104 ipsi
630 3025 713 3088 odore
730 3012 913 3110 edidyqoor,
928 3028 1037 3106 tuipse
1056 3024 1198 3086 benedic:
1211 3033 1319 3104 posteo
1330 3023 1479 3086 haecdicit
1492 3025 1655 3099 moenam,
1663 3023 1748 3103 facto

381 3122 466 3199 cipue
489 3125 590 3185 cauea
610 3143 701 3206 cuper
721 3144 875 3202 aeman,
898 3127 1028 3206 dicitque
1051 3123 1181 3204 Coptice.
1226 3122 1260 3185 ln
1293 3122 1412 3185 nomine
1437 3121 1533 3185 Patris
1563 3128 1593 3184 et
1623 3122 1689 3184 Filii
1716 3129 1748 3186 et

382 3220 508 3301 Spiritus
531 3223 627 3286 sancti
647 3224 735 3286 unius
756 3225 823 3288 Dei.
868 3225 947 3288 illuc
968 3226 1121 3287 incensam
1142 3223 1245 3285 adolet
1264 3223 1418 3304 quinquies
1439 3222 1575 3284 diceudo.
1608 3221 1652 3286 10.
1683 3221 1747 3285 ne-

381 3321 518 3386 nedictus
539 3321 683 3387 Dominus
705 3323 787 3388 Deus
809 3332 898 3406 pater
920 3323 1119 3405 omnipotens.
1141 3321 1248 3386 Amen.
1279 3319 1326 3386 2⁰.
1360 3320 1540 3384 Benedictus
1562 3321 1654 3384 Filius
1678 3322 1744 3404 ejus

380 3421 552 3502 unigenitus
578 3422 669 3486 Jesus
701 3421 837 3486 Christos
864 3423 1008 3485 Dominus
1044 3430 1156 3484 noster.
1192 3419 1299 3483 Arnen.
1329 3417 1376 3482 3⁰.
1404 3419 1585 3483 benedictus
1619 3420 1747 3502 Spiritus

381 3527 501 3582 sanctus
524 3521 699 3586 Paraclitus.
726 3523 833 3586 Arnen.
864 3521 910 3584 4⁰.
935 3529 964 3584 et
987 3521 1033 3584 5⁰.
1058 3518 1177 3594 Gloria,
1199 3517 1282 3598 laus,
1306 3519 1418 3599 honor,
1441 3519 1663 3601 etgloriucatio
1677 3521 1748 3583 Tri-

379 3618 464 3681 nitati
486 3629 627 3702 sanctae,
656 3623 751 3702 Patri,
779 3622 856 3686 Filio
879 3629 909 3684 et
931 3621 1053 3702 Spiritui
1076 3627 1181 3684 sancto
1204 3626 1336 3681 nuncet
1359 3637 1479 3700 semper
1508 3626 1538 3681 et
1567 3620 1597 3681 in
1626 3618 1747 3682 saecula

380 3719 580 3786 saeculorum.
602 3722 709 3786 Amen.
734 3722 785 3784 His
809 3721 955 3802 expletis,
978 3718 1123 3782 otiosius
1139 3719 1169 3780 in
1189 3718 1294 3781 eodem
1312 3718 1417 3780 ordinm
1436 3717 1669 3800 praescribitur,
1691 3736 1746 3779 re-

380 3819 451 3880 citat
474 3821 639 3884 orationem
661 3822 693 3884 in
715 3840 774 3903 qua
796 3838 969 3896 versamur3
993 3828 1024 3882 et
1045 3827 1168 3901 postea,
1191 3819 1358 3880 ascendens
1376 3819 1484 3879 iterum
1502 3819 1545 3879 ad
1558 3817 1656 3879 altare
1672 3837 1746 3878 mr-

281 4001 285 4008 *
379 3936 433 3979 aas
453 3919 606 3998 thurificat
626 3928 689 3998 ter,
712 3922 830 3997 diceas,
852 3919 1021 3983 Adoramus
1045 3927 1075 3982 te
1098 3917 1232 3982 Christe:
1256 3925 1316 3980 tum
1337 3916 1405 4000 Ego
1427 3917 1456 3977 in
1479 3914 1665 3979 multitudine
1688 3917 1746 3978 mi-

379 4015 562 4080 sericordiae
590 4026 676 4098 tuae,
711 4019 841 4083 introibo
873 4020 904 4080 in
926 4018 1044 4082 domam
1076 4027 1171 4098 tuam,
1201 4023 1231 4080 et
1261 4015 1393 4079 adorabo
1422 4033 1522 4079 coram
1552 4015 1664 4097 templo
1694 4023 1744 4080 tuo

380 4123 499 4179 sancto:
523 4118 717 4198 tandemque:
739 4118 773 4180 ln
795 4126 962 4200 conspectu
983 4118 1169 4202 Angelorum
1192 4116 1319 4199 psallam
1341 4115 1411 4194 tibi,
1434 4123 1465 4178 et
1488 4115 1621 4179 adorabo
1643 4133 1745 4178 coram

379 4214 490 4295 templo
513 4223 618 4278 sancto
641 4223 702 4280 tuo.
745 4217 824 4280 Dein
846 4219 948 4281 adolet
968 4220 1120 4281 incensum
1150 4237 1253 4280 coram
1280 4217 1410 4296 imapiae
1436 4215 1607 4297 Deiparoc,
1639 4215 1744 4278 diceres

378 4313 468 4376 simul
495 4312 624 4395 Coptioe.
669 4314 737 4379 Ave
763 4316 875 4396 Maria,
905 4324 964 4382 etc.
1010 4317 1094 4391 Quae
1116 4317 1262 4399 peperisti
1284 4314 1371 4378 nobis
1392 4313 1488 4377 Deum
1510 4314 1657 4394 Verbum,
1683 4321 1742 4376 etc.

380 4409 451 4472 Tam
471 4414 609 4477 iacerrrot
629 4416 708 4478 olias
728 4416 889 4498 imapiues,
910 4416 1110 4493 Sacerdotes,
1131 4417 1276 4496 reliquum
1299 4412 1416 4476 Clarum
1438 4421 1468 4476 et
1485 4414 1634 4494 populata.

467 4509 500 4574 ln
524 4511 636 4577 Codice
657 4515 754 4598 Regio
776 4515 957 4595 recentiori,
980 4514 1036 4578 sed
1058 4523 1226 4578 accuratam
1248 4511 1503 4576 caeremoniarum
1525 4516 1634 4577 seriem
1664 4533 1742 4577 con-

378 4611 509 4690 tinente,
533 4612 712 4694 adjiciuntur
733 4632 770 4677 ea
792 4632 870 4696 quae
894 4615 1086 4680 Sacerdotem
1110 4615 1311 4678 celebrantem
1335 4612 1437 4675 dicere
1460 4620 1580 4694 oportet
1602 4614 1742 4679 dumPa-

378 4710 539 4774 triarcbam
561 4720 592 4775 et
614 4713 747 4795 reliquos
774 4714 918 4778 incensat.
963 4713 1012 4776 Ad
1034 4714 1115 4776 illum
1140 4713 1257 4795 quidem
1288 4712 1359 4776 dicit
1387 4711 1431 4774 1⁰.
1475 4712 1559 4776 Deus
1586 4721 1746 4778 concavet

377 4812 471 4871 eitam
492 4810 596 4873 Patrrb
616 4815 715 4875 aaran·
735 4814 918 4876 venerabilis
938 4811 1165 4892 Arcbiepisoopi
1184 4812 1272 4876 Abba
1293 4813 1329 4876 N.
1354 4811 1399 4876 2⁰.
1431 4810 1645 4878 caemento
1667 4833 1744 4876 con-

379 4925 471 4970 caea
500 4910 582 4972 illam
608 4911 697 4973 nobis
722 4932 778 4994 per
806 4932 903 4975 annos
929 4913 1036 4974 multos
1062 4919 1092 4974 et
1123 4913 1190 4975 dies
1211 4915 1365 4995 pacificos.
1392 4911 1439 4978 3⁰.
1471 4911 1614 4977 Corderat
1644 4915 1745 4978 bostes

378 5009 442 5086 ejas
464 5027 566 5070 omues
587 5009 642 5072 aab
660 5012 791 5090 pedibus
811 5014 876 5091 ejrts
897 5011 1046 5073 uelociter.
1090 5010 1139 5074 Ad
1161 5011 1359 5094 Episcopum,
1391 5032 1457 5076 cum
1485 5021 1533 5076 ter
1562 5015 1743 5089 incensatur,

300 5157 319 5232 .·
417 5141 533 5188 nomm
1488 5131 1536 5206 eo
