4680 6044
727 616 804 700 aaa
1200 588 1650 698 connnnmmus'

727 802 814 865 aliam
837 821 906 866 esse
929 821 1017 884 quam
1040 819 1117 885 qnae
1139 803 1232 887 vulgo
1254 803 1313 866 iDis
1335 802 1483 868 tribuitur.
1506 805 1549 868 Ea
1573 814 1621 869 est
1642 807 1904 870 consecrationem
1926 806 2010 884 heri,
2034 823 2093 870 non

728 921 786 984 per
820 902 916 966 verba
950 901 1179 967 sacramentalia
1209 902 1319 966 Christi
1354 901 1488 982 Domini,
1524 905 1580 967 sed
1616 923 1673 986 per
1706 905 1931 969 luvocationem
1965 906 2093 987 Spiritus

728 1003 834 1066 sancti.
879 999 962 1064 lllem
984 1021 1059 1065 vero
1083 1001 1255 1083 opinionem
1284 1001 1396 1066 frustra
1425 1003 1455 1063 in
1485 1003 1600 1066 erroris
1627 1005 1851 1086 suspicionnem
1878 1007 1984 1068 vocari
2017 1022 2094 1068 con-

727 1098 833 1180 tendit,
857 1101 927 1182 quia
949 1101 1022 1164 solis
1050 1101 1152 1164 verbis
1174 1100 1337 1164 Dominicis
1365 1099 1586 1164 Eucharistiam
1609 1106 1782 1168 consecrari
1809 1104 1868 1167 lida
1895 1111 2012 1166 certum
2035 1121 2094 1166 non

728 1208 786 1280 est,
809 1217 909 1280 aeque
932 1199 969 1262 ab
991 1200 1131 1262 Ecclesia
1154 1199 1400 1278 determinatum,
1430 1217 1497 1262 cum
1521 1201 1669 1285 Theologi
1692 1221 1753 1267 non
1774 1203 1867 1285 pauci
1888 1221 1957 1266 eam
1979 1203 2095 1266 doctri-

440 1331 580 1403 γωδ,
588 1315 796 1387 mmmmm
819 1299 938 1380 impune
959 1317 1173 1381 propugnasse
1195 1301 1396 1381 reperiantur,
1419 1300 1498 1382 quod
1520 1302 1681 1366 autoritate
1702 1302 1856 1367 Ambrosii
1879 1301 2042 1380 Catharini‚
2065 1309 2095 1365 et

403 1419 460 1472 tan.
729 1395 939 1479 christophori
962 1397 1001 1461 de
1022 1397 1130 1478 Cupite
1151 1399 1288 1462 Eontium
1310 1401 1496 1480 potissimum
1519 1401 1635 1480 prohat.
1660 1401 1734 1464 Cum
1756 1419 1832 1465 vero
1856 1418 1873 1461 a
1894 1401 2005 1464 Esrrsto
2020 1401 2095 1464 Nai-

726 1514 804 1559 rono
826 1497 974 1560 ldaronita
997 1506 1143 1579 excerpta
1167 1498 1360 1578 quarumdam
1382 1499 1585 1582 liturgiarum
1607 1501 1699 1564 lloma
1722 1501 1908 1582 accepisset,
1935 1502 1968 1562 in
1989 1501 2095 1582 quihus

726 1595 820 1658 verba
844 1595 956 1658 Christi
979 1596 1116 1675 deerant,
1139 1616 1203 1659 rem
1226 1597 1395 1661 conlectam
1413 1598 1569 1681 judicavit,
1592 1609 1624 1663 et
1651 1600 1752 1663 multis
1778 1600 1855 1663 locis
1878 1607 2015 1664 testatam
2036 1617 2096 1663 vo·

725 1694 789 1757 luit.
811 1695 874 1782 lmo
898 1714 964 1758 curn
988 1696 1169 1758 Testimonia
1192 1695 1389 1766 Orientalium
1410 1697 1627 1775 Ecclesiarum,
1649 1699 1688 1762 de
1710 1718 1765 1763 sua
1788 1699 1869 1762 circa
1892 1699 2007 1762 realem
2028 1699 2096 1762 ele-

725 1801 893 1857 mentorum
914 1796 1193 1859 transmutationem
1215 1795 1285 1874 lide,
1308 1814 1421 1858 vocare
1443 1798 1473 1858 in
1496 1800 1697 1880 suspicionem
1720 1816 1779 1862 non
1803 1798 1987 1879 dubitasset,
2015 1797 2096 1880 quod

724 1900 792 1961 viro
815 1897 971 1962 Catholico
999 1915 1059 1960 non
1083 1896 1298 1975 conveniebat,
1327 1895 1379 1958 illo
1409 1900 1573 1979 praecipue
1600 1907 1778 1983 argumento
1808 1899 1968 1963 nonnullas
1995 1899 2096 1977 impu-

725 1999 839 2082 gnavit,
862 1997 943 2078 quod
965 1997 1068 2059 verbis
1090 1996 1253 2058 Dominicis
1276 1997 1534 2060 consecrationem
1556 1997 1639 2077 lieri,
1664 2006 1787 2062 autores
1809 1999 1956 2062 Actorum
1977 1997 2095 2060 iDornm

724 2104 936 2179 agnoscerent.
959 2096 993 2158 ln
1015 2097 1066 2159 illa
1088 2104 1187 2158 autem
1210 2095 1345 2158 doctrina
1369 2102 1480 2158 certam
1504 2105 1609 2160 extare
1632 2098 1776 2161 censebat
1797 2098 2006 2182 suggestionis
2035 2113 2095 2159 no·

724 2203 793 2276 tam,
817 2197 899 2278 quod
922 2195 1092 2259 Orientales
1115 2213 1181 2257 eam
1203 2193 1398 2258 invocatione
1428 2196 1523 2258 sancti
1554 2197 1684 2278 Spiritus
1715 2197 1799 2275 lieri,
1828 2215 1889 2261 non
1912 2197 1971 2259 illis
1993 2195 2094 2258 verbis
2214 2199 2217 2202 '

725 2296 896 2360 crederent.
942 2296 1016 2359 Cum
1038 2313 1114 2358 vero
1136 2294 1188 2356 illa
1211 2293 1248 2356 de
1271 2293 1374 2356 verbis
1396 2297 1629 2360 consecratoriis
1652 2298 1790 2379 quaestio
1820 2296 1914 2359 ardua
1942 2303 1973 2358 et
1995 2295 2094 2358 multis

725 2394 945 2458 dilllcrdtatibus
967 2394 1132 2476 implicata,
1163 2400 1305 2474 quantum
1327 2392 1365 2455 ad
1392 2392 1526 2458 Graecos
1548 2399 1699 2477 pertinet,
1727 2397 1832 2478 paucis
1860 2395 2006 2477 explicari
2035 2411 2095 2456 non

725 2498 832 2576 possit,
856 2494 894 2558 de
916 2513 953 2558 ea
976 2501 1085 2578 agetur
1106 2494 1136 2555 in
1159 2492 1306 2576 singulari
1328 2492 1557 2558 Dissertatione.
1580 2496 1635 2558 llic
1657 2514 1732 2558 vcro
1755 2514 1833 2577 quae
1849 2496 1886 2559 ad
1901 2493 2096 2558 Orientalium

700 2599 702 2608 ’
725 2594 890 2656 doctrinam
913 2592 951 2655 de
972 2593 1165 2656 invocatione
1187 2593 1283 2654 sancti
1307 2591 1436 2672 Spiritus
1459 2594 1666 2676 explicandam
1696 2595 1870 2659 necessaria
1899 2601 1989 2672 sunt,
2020 2593 2094 2656 hre-

724 2694 803 2756 viter
824 2691 999 2754 referemus.

421 2773 637 2878 'Graecistruua
651 2783 712 2849 ⁰ui·
813 2791 999 2854 Graecorum
1026 2788 1146 2872 quidem
1175 2789 1244 2867 illa,
1275 2796 1307 2852 ut
1333 2798 1460 2869 uocant,
1489 2791 1623 2855 haeresis
1652 2809 1719 2855 cum
1749 2792 1942 2855 luvocatione
1966 2791 2094 2872 Spiritus

402 2862 490 2962 ”¹⁰2⁶
503 2861 822 2956 ⁰¹¹⁰¹¹l⁰¹⁰⁸¹¹⁰¹¹sanoti
841 2890 996 2973 Liturgica
1017 2890 1187 2953 afinitatem
1215 2888 1325 2952 nullam
1353 2889 1458 2952 habet:
1488 2890 1729 2971 quandoquidem
1758 2892 1901 2955 orationis
1929 2891 2010 2954 illius
2038 2907 2094 2954 an-

400 2956 520 3016 perm*
726 2991 910 3074 tiquisshnus
939 3007 1011 3052 usus
1041 2996 1102 3068 est,
1132 2987 1168 3052 ab
1199 2987 1383 3068 Apostolicis
1417 3006 1513 3071 usqne
1540 2989 1647 3052 ductus
1676 2990 1876 3072 temporibus,
1908 3008 2009 3071 neque
2038 3008 2095 3072 per

726 3111 821 3155 annos
850 3090 930 3152 mille
953 3090 1099 3152 ducentos
1128 3096 1159 3151 et
1187 3088 1325 3170 amplius,
1355 3089 1512 3170 quisquam
1539 3090 1570 3152 in
1604 3109 1641 3153 ea
1669 3107 1806 3153 errorem
1842 3089 2093 3172 deprehenderat.

725 3189 814 3254 Primi
836 3189 919 3252 litem
941 3207 1064 3253 movere
1087 3196 1255 3269 coeperumt
1277 3189 1307 3250 in
1330 3187 1467 3268 Graecia,
1489 3188 1587 3252 Latini
1610 3189 1729 3270 quidam
1753 3188 1914 3273 Theologi,
1937 3207 2015 3269 quos
2038 3189 2094 3252 Ni-

725 3289 828 3353 colaus
852 3288 1006 3353 Cahasilas
1029 3288 1164 3351 modeste
1186 3286 1338 3367 refutavit,
1362 3287 1524 3371 liturgiam
1546 3288 1704 3352 Ecclesiae
1726 3307 1799 3352 suae
1822 3289 1860 3352 ab
1889 3289 2010 3352 illorum
2032 3290 2095 3352 cri-

724 3389 935 3452 minationibus
949 3371 1116 3466 vindicans,
1140 3395 1171 3450 et
1193 3406 1259 3450 cum
1281 3388 1388 3451 Latino
1406 3387 1531 3452 Canone
1552 3389 1716 3451 conciliare
1737 3397 1891 3470 satagam,
1913 3406 2014 3468 neque
2032 3389 2094 3451 La-

722 3490 803 3552 tinos
827 3505 983 3552 accusans.
1008 3486 1080 3550 lnde
1103 3506 1201 3569 usqne
1222 3487 1260 3549 ad
1283 3485 1438 3567 Synodum
1459 3488 1661 3552 Florentinam
1683 3486 1722 3550 de
1743 3489 1795 3550 illo
1818 3497 1996 3573 argumento
2018 3506 2095 3552 con-

724 3590 875 3653 troversia
897 3587 979 3651 nulla
1007 3587 1077 3663 luit3
1100 3605 1227 3668 cumque
1253 3587 1413 3650 Ferrariae
1443 3595 1473 3650 et
1494 3587 1664 3651 Florentiae
1686 3605 1743 3669 per
1771 3605 1867 3651 annos
1897 3605 1995 3669 prope
2017 3587 2093 3650 duos

723 3696 822 3750 actum
845 3695 927 3751 esset
950 3688 980 3749 in
1004 3686 1301 3770 congregationibus
1324 3686 1362 3749 de
1385 3687 1586 3750 Processione
1610 3687 1738 3768 Spiritus
1761 3688 1875 3766 sancti,
1904 3687 1942 3750 de
1965 3687 2092 3770 haymo,

723 3786 761 3849 de
783 3787 915 3850 Primato
935 3787 1044 3868 Papae,
1068 3786 1106 3848 de
1128 3785 1318 3868 Purgatorio,
1349 3794 1379 3848 et
1401 3785 1465 3850 aliis
1495 3786 1650 3850 doctrinae
1681 3787 1845 3869 capitibus,
1875 3804 1954 3867 quae
1983 3787 2094 3852 Eccle-

723 3889 834 3950 siarum
856 3887 996 3949 divisioni
1019 3903 1139 3949 oausam
1162 3885 1318 3966 dederant,
1341 3893 1373 3947 ot
1391 3886 1453 3968 Jam
1474 3885 1638 3948 Decretum
1666 3887 1785 3950 unionis
1813 3887 1971 3966 utriusque
2000 3886 2092 3967 partis

723 4003 876 4050 consensu
897 3987 1042 4066 scriptum
1062 3984 1181 4062 luisset,
1204 3986 1306 4066 coepit
1318 3984 1452 4048 loannes
1476 3986 1514 4048 de
1530 3986 1759 4048 turrecremata
1781 3985 1914 4049 Graecos
1937 4002 2092 4063 accusare,

724 4084 807 4166 quod
829 4085 930 4148 verbis
955 4084 1066 4146 Christi
1087 4083 1310 4148 lnvocationem
1333 4086 1570 4168 conjungerent,
1601 4103 1679 4165 quae
1706 4085 1825 4148 illorum
1853 4084 2014 4148 elllcaciam
2037 4084 2093 4146 de-

722 4193 842 4249 struere
864 4183 1034 4247 videbatur.
1078 4183 1275 4266 Negaverunt
1298 4184 1417 4264 Graeci,
1439 4185 1501 4248 ulla
1523 4204 1568 4264 se,
1593 4204 1671 4266 quae
1700 4184 1863 4248 verborum
1895 4183 2007 4246 Christi
2034 4183 2092 4245 vina

723 4293 754 4348 et
777 4284 952 4368 dignitatem
974 4283 1173 4364 imminueret,
1197 4284 1339 4364 opinione
1362 4287 1472 4361 teneri3
1495 4284 1719 4348 luvocationem
1741 4284 1837 4346 sancti
1860 4282 1990 4363 Spiritus
2014 4282 2091 4345 anti-

724 4385 823 4463 quitus
846 4403 863 4446 a
886 4385 998 4447 sanctis
1021 4383 1158 4447 Patribus
1182 4384 1329 4462 traditam,
1358 4369 1544 4448 solummodo
1575 4403 1701 4447 seruare
1723 4401 1776 4462 se,
1807 4382 1845 4445 de
1873 4401 1931 4464 qua
1959 4383 2092 4462 suspicio

722 4483 804 4544 nulla
827 4501 897 4546 esse
920 4491 1035 4565 posset,
1060 4485 1130 4564 quin
1159 4492 1321 4546 vocaretur
1348 4485 1436 4547 simul
1462 4486 1493 4547 in
1520 4483 1641 4547 dubium
1668 4483 1787 4546 illorum
1816 4481 1890 4544 tides
1919 4489 1951 4544 et
1972 4481 2092 4565 religio,

724 4601 801 4663 quos
831 4582 987 4661 Ecclesia,
1017 4591 1049 4646 ut
1078 4583 1241 4664 magistros
1271 4602 1392 4665 sempor
1420 4583 1566 4648 coluerat.
1611 4583 1731 4645 lnterea
1753 4580 1916 4646 Bessarion
1938 4599 2006 4643 cum
2027 4583 2091 4645 aliis

724 4683 857 4764 quinque
880 4683 1051 4765 Episcopis,
1074 4682 1245 4745 inconsulto
1275 4682 1446 4746 Patriarcha
1476 4691 1507 4745 et
1532 4683 1658 4765 reliquis
1685 4679 1895 4760 Antistitihus,
1922 4698 1988 4743 eam
2017 4698 2092 4762 pro-

722 4784 886 4848 fessionem
909 4783 1011 4863 edidit,
1036 4803 1113 4867 quae
1129 4784 1378 4847 'lurrecrematae
1401 4783 1566 4846 rationibus
1590 4781 1787 4865 congruebat.
1809 4780 1942 4843 loannes
1965 4779 2092 4842 Palaeo-

722 4883 812 4966 logus
842 4890 873 4946 et
901 4883 1046 4965 Episcopi
1068 4883 1201 4946 Marcum
1223 4882 1396 4965 Ephesium,
1426 4883 1477 4964 qui
1499 4882 1629 4946 nondum
1650 4877 1995 4958 secessionamiecerat,
2018 4879 2092 4943 hor-

724 4982 776 5044 tati
798 4990 868 5046 sunt
890 4983 927 5046 ad
950 4983 1106 5046 Ecclesiae
1128 5001 1202 5046 suae
1231 4981 1397 5046 doctrinam
1425 4983 1530 5066 paucis
1561 4981 1788 5063 exponendam,
1815 4979 1896 5061 quod
1924 4977 1975 5040 ille
2007 4977 2089 5042 brevi

724 5082 838 5163 scripto
861 5084 1020 5164 praestitit,
1043 5100 1103 5165 quo
1126 5081 1258 5164 probare
1281 5097 1449 5166 aggressus
1471 5091 1529 5163 est,
1551 5100 1613 5146 non
1635 5079 1823 5146 solisverbis
1846 5077 2020 5156 dominicis,
2034 5075 2087 5140 sed
