4670 6046
633 443 673 519 bt
694 443 900 520 LITURGIAM
917 441 1111 520 nebulosos
1127 444 1158 520 S.
1175 441 1329 520 (ll'RlLLl.
1595 445 1672 520 29⁷

738 713 933 808 Accptae
957 717 1071 786 suncti
1098 713 1226 808 Cprilli.

382 924 447 1003 Huc
468 935 593 1016 proprie
616 933 784 1016 loquendo,
814 933 920 1014 incipit
947 933 1133 1014 Amphora,
1164 934 1230 997 sive
1258 953 1353 998 aona
1373 934 1480 1012 Actio,
1510 943 1541 999 et
1570 938 1671 1001 statim

297 1040 483 1122 agnoscitur,
501 1037 722 1120 praefationem
746 1035 881 1098 eamdem
904 1052 984 1112 esse,
1008 1053 1043 1099 ac
1066 1054 1131 1099 eam
1155 1055 1232 1116 qnae
1254 1036 1366 1119 legitur
1387 1036 1419 1099 in
1440 1038 1534 1102 blarci
1554 1039 1670 1104 Graeca

295 1139 449 1220 liturgia,
472 1137 529 1199 nisi
551 1135 633 1218 quod
655 1138 686 1198 in
709 1137 766 1198 ista
788 1134 875 1216 plura
898 1143 1077 1198 occurram:
1099 1153 1209 1216 nempe
1231 1135 1308 1198 baec
1335 1136 1444 1199 verba:
1475 1137 1534 1200 Oot
1562 1139 1670 1202 Pcrc-

297 1239 359 1300 disi
379 1253 494 1318 quoqne
516 1236 645 1298 delicias
666 1235 795 1316 lorpibts
816 1253 865 1310 ea,
888 1241 944 1297 etc.
968 1233 1070 1313 Usque
1093 1232 1131 1295 ad
1155 1233 1220 1296 illa:
1255 1233 1341 1310 Once
1368 1238 1470 1298 omnm
1488 1236 1594 1315 fecisti
1610 1259 1670 1318 per

297 1343 380 1398 ιιιαιιι
401 1335 599 1414 sapientiam,
622 1342 677 1396 etc.
702 1332 827 1414 Reliqua
850 1331 954 1394 iisdem
976 1349 1075 1412 prope
1098 1332 1201 1394 verbis
1223 1350 1370 1414 expressa
1394 1339 1480 1410 sunt3
1505 1336 1562 1397 nisi
1587 1336 1668 1417 quod

297 1434 328 1497 in
358 1433 475 1495 Graeca
511 1431 599 1513 plura
630 1438 755 1508 extant,
785 1432 854 1511 quia
882 1431 912 1492 ln
943 1427 1068 1510 Coptica
1105 1430 1198 1493 multa
1227 1431 1359 1511 petenda
1389 1430 1587 1513 designantur
1626 1453 1668 1497 ex

296 1531 432 1612 Litargia
456 1529 486 1594 S.
509 1530 629 1609 Basilii,
652 1547 730 1612 quae
753 1529 936 1610 reliquorum
960 1527 1065 1592 Canon
1093 1537 1149 1592 est.
1194 1529 1236 1592 At
1263 1531 1427 1593 verisimile
1458 1532 1579 1596 omnino
1609 1542 1668 1613 est,

298 1649 351 1694 eos
375 1630 425 1710 qui
440 1629 534 1694 blarci
550 1628 666 1692 Graeca
682 1629 853 1706 utebantur,
877 1645 944 1690 cum
967 1627 1040 1690 alias
1063 1645 1125 1690 non
1146 1627 1304 1708 baberent,
1327 1628 1378 1690 illa
1401 1631 1467 1692 sola
1490 1647 1563 1693 tusus
1586 1651 1668 1712 csse,

298 1747 357 1812 qua
379 1729 497 1792 ratione
518 1728 623 1810 plures
646 1737 716 1792 anto
739 1727 882 1790 Osculum
897 1726 981 1807 pacis
999 1725 1160 1788 Orationes
1182 1734 1215 1789 et
1236 1729 1443 1791 caeremonias
1464 1727 1567 1808 babet,
1590 1747 1669 1810 quae

296 1829 327 1890 in
349 1829 418 1891 Ritu
441 1811 647 1889 Alexandrino
671 1825 799 1906 Coptica
822 1825 1017 1888 sumebantur
1039 1843 1080 1888 ex
1101 1823 1260 1890 Basiliana.

384 1927 460 1990 lllud
483 1925 594 1988 deindo
617 1923 913 1988 animadvertendum
934 1927 999 2002 est,
1029 1931 1169 2006 tanquam
1191 1926 1259 1988 huic
1282 1932 1314 1988 ct
1336 1924 1472 1989 Graecae
1494 1926 1589 1990 blarci
1610 1929 1667 1991 bi-

298 2027 417 2110 turgiae
440 2027 607 2107 proprium,
630 2023 711 2105 quod
735 2023 889 2086 orationes
911 2039 967 2102 pro
991 2021 1128 2085 omuibus
1151 2029 1182 2084 et
1204 2022 1243 2086 de
1257 2024 1405 2103 omnibus,
1426 2025 1593 2088 recitantur
1608 2025 1668 2106 bio,

297 2125 369 2188 satis
391 2124 511 2206 prolixa
534 2125 614 2186 inter
636 2120 856 2185 Praefatiouem
878 2127 909 2183 et
930 2119 1156 2184 conclusionem
1184 2120 1321 2203 ejusdem
1342 2142 1399 2205 per
1420 2124 1561 2205 hymnum
1584 2123 1669 2189 Clie-

296 2222 431 2286 rubicum
453 2223 594 2286 Sanctia.
617 2220 650 2282 ln
673 2220 757 2298 aliis,
779 2227 813 2282 ut
833 2221 865 2282 in
886 2219 1048 2298 Basiliam,
1071 2218 1104 2282 fit
1126 2220 1257 2283 omniurn
1278 2224 1421 2285 memoria
1443 2224 1612 2304 generalis,
1634 2232 1669 2287 ut

297 2323 327 2384 ln
351 2321 474 2385 Conone
497 2319 632 2383 Romano
656 2327 686 2383 et
709 2319 775 2382 aliis
790 2318 1049 2395 occidentalibus3
1072 2317 1128 2382 sed
1151 2336 1210 2380 nou
1231 2319 1455 2384 interseruntur
1476 2321 1666 2402 subjunctae,

296 2423 346 2484 vel
368 2421 564 2500 interpositae
587 2420 766 2483 monitiones
787 2419 991 2481 Diaconorum
1019 2423 1050 2479 et
1076 2416 1306 2482 acclamationes
1333 2417 1396 2483 τοῦ
1423 2420 1517 2502 Kpric
1544 2421 1666 2484 abaco.

294 2519 327 2582 lo
350 2521 419 2583 Ritu
441 2517 570 2583 Gothico
592 2519 712 2580 nomina
734 2535 841 2581 corum
870 2534 927 2597 pro
955 2515 1063 2597 quibus
1093 2515 1239 2580 orandum
1267 2526 1334 2581 orat
1362 2519 1568 2584 recitabantur
1597 2530 1667 2586 ante

295 2619 423 2696 Pacem,
451 2635 529 2698 quae
551 2616 755 2698 praecedebat
783 2614 1021 2692 Praelationem,
1051 2615 1117 2676 sive
1145 2613 1397 2698 lmntolutionem,
1427 2621 1508 2700 quod
1538 2619 1569 2683 in
1598 2619 1668 2684 Ritu

297 2735 418 2799 quoque
441 2715 596 2778 Gallicano
620 2723 650 2778 ct
671 2715 818 2778 Francico
841 2715 1032 2778 observatur.
1055 2712 1115 2778 Sed
1137 2714 1212 2777 ordo
1235 2715 1293 2778 iste
1315 2715 1387 2780 nibil
1408 2716 1499 2781 babet
1515 2719 1595 2782 unde
1612 2738 1668 2782 ac-

299 2816 399 2878 cusari
421 2814 529 2878 merito
553 2815 662 2896 possit:
686 2830 753 2876 cum
775 2832 863 2876 sacra
885 2813 964 2875 actio
992 2811 1051 2875 illis
1078 2814 1304 2893 precationibus
1333 2816 1499 2897 internupta
1528 2835 1588 2880 nou
1618 2820 1667 2882 sit.

297 2915 438 2996 Sequitur
460 2914 595 2995 Hymnus
618 2912 806 2977 Cherubicus
829 2913 881 2995 qui
903 2912 1028 2990 dicitur,
1051 2913 1136 2974 utin
1159 2913 1297 2976 onuribus
1319 2914 1384 2977 aliis
1407 2915 1563 2980 Ecclesiis.

295 3173 401 3268 imple
426 3174 492 3246 boc
522 3176 732 3268 sacrificinm
757 3180 865 3261 taam,
896 3172 1061 3260 Domine,
1097 3173 1334 3246 benedictione
1368 3197 1457 3270 quoe
1485 3172 1511 3247 'o
1537 3184 1572 3248 te
1604 3183 1665 3266 eat,

533 3313 601 3383 per
626 3291 782 3383 illapsam
807 3309 909 3380 snper
935 3287 1028 3358 illam
1053 3287 1206 3382 Spiritus
1233 3295 1283 3362 lai
1307 3295 1428 3364 soracti.

375 3499 580 3590 Bnnvrssrss,
611 3519 644 3573 ut
672 3509 818 3586 diximus,
847 3514 917 3588 post
939 3508 1011 3570 istas
1034 3509 1188 3572 orationes
1217 3511 1361 3573 transitur
1388 3511 1426 3573 ad
1457 3513 1667 3575 consecratio-

296 3633 366 3677 nem
388 3616 535 3678 donorum
559 3615 796 3695 propositorum,
819 3628 896 3691 quae
918 3617 990 3672 nota
1018 3619 1065 3674 est
1094 3611 1277 3693 antiquitatis
1307 3631 1325 3675 a
1352 3613 1539 3694 simplicitate
1569 3616 1666 3678 minim

296 3721 440 3778 remotae.
464 3714 497 3776 ln
520 3712 633 3776 Codice
656 3711 774 3775 Graeco
796 3710 890 3773 blanci
912 3710 1067 3793 liturgiae
1089 3709 1168 3773 idem
1190 3719 1327 3789 notatur,
1352 3713 1433 3775 circa
1456 3715 1666 3796 consignatio-

296 3830 365 3876 nem
386 3813 504 3876 illorum
525 3805 700 3897 σφραγὶζει
721 3798 764 3872 coi
787 3798 882 3892 ipa,
912 3809 952 3871 ita
975 3811 1054 3872 enim
1076 3818 1223 3872 vocantur
1243 3798 1287 3874 cci
1307 3808 1415 3895 δῶρα,
1443 3821 1513 3894 post
1540 3814 1665 3895 primam

295 3912 414 3975 illorum
437 3911 475 3974 ad
498 3911 593 3974 altare
614 3910 787 3988 illationem,
810 3927 877 3971 cum
896 3910 958 3990 jam
973 3909 1102 3989 aliquam
1115 3911 1304 3972 sanctitatem
1320 3910 1484 3990 obtineant,
1508 3911 1665 3976 exsatura

295 4027 400 4074 eorum
423 4009 668 4073 transmutatione
689 4009 720 4071 in
743 4025 855 4089 corpus
877 4016 909 4071 et
931 4008 1106 4089 sanguinem
1130 4006 1241 4072 Christi
1262 4009 1390 4072 Domini.
1432 4011 1516 4074 Unde
1537 4011 1665 4091 deposi-

296 4117 357 4172 tum
380 4109 508 4192 legimus
530 4109 712 4188 Episcopum
735 4106 910 4188 quemdam,
934 4109 1015 4187 quod
1037 4103 1167 4190 Δῶρον,
1188 4107 1220 4170 in
1243 4109 1337 4172 altare
1355 4110 1417 4191 Jam
1439 4109 1569 4188 illatum,
1598 4111 1665 4174 lre-

296 4206 393 4288 gisset
416 4217 447 4270 et
468 4207 687 4270 conculcasset.
711 4205 744 4267 lu
762 4223 798 4268 ea
818 4213 916 4269 autem
931 4207 1068 4270 oratione
1084 4207 1254 4288 postulatur
1271 4207 1394 4288 illapsus
1412 4208 1539 4288 Spiritus
1556 4212 1663 4288 sancti,

296 4306 332 4367 ils
353 4306 572 4388 propemodum
593 4307 695 4369 verbis
718 4305 825 4387 quibus
847 4314 955 4388 postea
977 4305 1008 4366 in
1023 4304 1216 4369 luvocatione
1231 4306 1359 4387 Spiritus
1378 4308 1485 4385 sancti,
1508 4309 1549 4370 ita
1564 4317 1663 4372 tamen

297 4411 329 4466 ut
351 4405 456 4468 eadem
471 4405 623 4469 luvocatio
642 4422 697 4469 suo
712 4405 781 4468 loco
803 4407 960 4484 recitetur,
978 4423 1045 4468 cum
1063 4404 1101 4468 de
1122 4413 1272 4468 momento
1294 4407 1531 4470 consecrationis
1551 4406 1663 4469 tinen-

296 4503 372 4568 tales
396 4505 548 4586 disputare
571 4522 631 4568 non
654 4504 734 4567 soliti
760 4505 835 4582 sint,
865 4505 921 4568 sed
951 4512 1023 4567 tunc
1051 4503 1184 4582 demum,
1215 4521 1282 4567 cum
1311 4507 1410 4567 omnia
1438 4507 1496 4568 rite
1526 4505 1664 4587 perlecta

298 4611 383 4681 sunt,
405 4603 443 4670 dc
467 4605 714 4668 transmutatione
737 4612 939 4668 consummata
962 4621 1024 4668 nou
1046 4604 1191 4668 dubitent.
1234 4603 1365 4667 Similem
1386 4605 1494 4668 eodem
1516 4607 1585 4670 loco
1608 4606 1663 4667 ln-

298 4702 488 4766 vocationem
510 4703 621 4766 babent
643 4702 829 4778 Nestorianl,
860 4704 890 4764 in
912 4705 1007 4784 prima
1030 4719 1084 4766 sua
1113 4703 1269 4785 Litargia,
1297 4703 1352 4766 sed
1380 4705 1580 4784 posteriorem
1602 4721 1663 4768 non

299 4808 459 4881 usurpant,
484 4819 562 4881 quae
585 4808 684 4864 tamen
707 4802 737 4863 in
760 4801 913 4865 Theodori
936 4811 966 4864 et
988 4802 1121 4865 Nestorii
1143 4801 1286 4883 biturgiis
1315 4803 1475 4883 reperitur.
1519 4802 1664 4884 Reliquae

297 4899 448 4962 orationes
472 4907 502 4962 et
524 4917 592 4962 cum
614 4899 732 4962 Graeca
754 4899 862 4980 Marci,
887 4909 917 4964 et
940 4919 1008 4964 cum
1030 4877 1257 4965 aliis⁶accurate
1280 4903 1473 4968 conveniunt.

1718 715 1749 772 Ρ.
1766 717 1811 770 39.
