4760 6038
640 696 691 768 26
1147 698 1507 776 LITURGIA

640 891 675 952 et
700 881 757 953 iac
782 904 837 953 me
864 881 998 973 dignum
1024 893 1060 954 ut
1086 882 1244 956 adsistam
1271 883 1366 956 altari
1393 895 1448 956 tuo
1476 897 1611 962 sancto:
1638 911 1748 986 neque
1772 890 1807 961 id
1833 890 1911 963 mihi
1927 917 2016 989 pro-

639 999 753 1068 veniat
778 999 812 1067 in
834 996 1005 1087 judicium,
1033 998 1094 1070 sed
1121 997 1257 1071 olleram
1285 998 1343 1072 tihi
1367 1000 1434 1072 hoc
1454 1004 1676 1095 sacrificium,
1711 1005 1926 1098 rationabile,
1957 1013 2016 1082 in-

639 1120 811 1183 cruentum
838 1134 913 1183 oum
939 1115 1143 1185 conscientia
1169 1136 1272 1209 pura,
1307 1118 1600 1190 inremissionem
1633 1131 1850 1215 peccatorum
1882 1131 1917 1194 et
1946 1127 2016 1196 iui-

638 1229 797 1322 quitatum
823 1250 985 1318 mearum,
1011 1233 1143 1301 veniam
1163 1228 1358 1301 delictorum
1371 1231 1487 1326 populi
1509 1236 1566 1324 tui,
1580 1237 1733 1330 requiem
1759 1245 1794 1307 et
1804 1235 2017 1329 refrigerium

509 1337 514 1344 “
635 1343 771 1414 Petrum
798 1355 1000 1434 nostrorum,
1029 1348 1084 1439 qui
1112 1343 1190 1416 olim
1218 1343 1471 1418 obdormierunt
1495 1350 1529 1419 iu
1554 1348 1620 1421 lide
1640 1349 1854 1423 Orthodoxa:
1882 1351 1925 1424 ad
1949 1376 2016 1425 ae-

356 1957 485 2032 )nCodd
508 1961 577 2012 MSS.

313 2044 339 2098 S.
359 2042 485 2114 Gregorii.

329 2131 360 2180 ln
369 2131 425 2182 ula's
432 2131 457 2184 S.
468 2133 560 2186 Severi
570 2133 622 2186 Pa·

312 2215 447 2270 triarchas.

637 1456 858 1530 dificationem
891 1459 1006 1554 populi
1038 1463 1083 1530 tui
1115 1463 1233 1550 totius,
1267 1472 1301 1532 ct
1334 1461 1378 1532 ad
1409 1462 1552 1554 gloriam
1587 1472 1694 1554 mam,
1728 1488 1804 1536 cum
1835 1465 1922 1538 Filio
1934 1478 2008 1560 ‚tuo

640 1574 812 1664 unigenito
839 1573 996 1665 Domino,
1023 1573 1099 1647 Deo
1127 1586 1161 1646 et
1186 1574 1367 1649 Salvatore
1393 1585 1510 1650 nostro
1537 1577 1619 1649 lesu
1648 1576 1800 1672 Christo,
1829 1591 1865 1653 et
1890 1583 2015 1678 Spiritu

638 1697 696 1760 tuo
723 1687 928 1783 vivificante,
954 1690 1079 1784 tibique
1106 1691 1393 1782 consubstantiali,
1419 1713 1520 1782 nunc,
1548 1704 1611 1765 etc.

1127 1947 1247 2017 Oratio
1276 1946 1384 2018 occuli
1406 1951 1517 2040 pacis.

739 2151 891 2223 Aetemo
917 2148 982 2222 Fili
1009 2151 1064 2244 qui
1091 2152 1125 2221 in
1151 2154 1388 2246 sempiternum
1411 2152 1579 2242 subsistis,
1595 2150 1888 2228 consubstantialis
1911 2155 2013 2248 Patri,

636 2267 750 2363 illique
776 2265 896 2338 throno
932 2275 968 2336 et
994 2269 1167 2337 creatione
1203 2267 1371 2361 aequalis:
1399 2269 1454 2363 qui
1481 2267 1555 2340 sola
1580 2265 1730 2340 bonitale
1757 2291 1804 2340 ex
1829 2269 1929 2341 nihilo
1955 2269 2013 2341 ie-

638 2386 713 2456 cisti
747 2380 935 2480 hominem,
970 2391 1003 2452 et
1036 2379 1210 2453 collocasti
1245 2405 1322 2454 eum
1353 2387 1389 2454 in
1423 2381 1581 2478 paradiso
1617 2382 1816 2478 voluptatis:
1851 2387 1907 2478 qui
1938 2407 2013 2456 cum

637 2498 815 2571 cecidisset
847 2520 909 2593 per
936 2495 1167 2591 deceptionem
1192 2500 1328 2588 inimici,
1365 2508 1398 2570 ct
1423 2500 1596 2594 praecepti
1623 2502 1670 2570 tui
1696 2500 2011 2591 transgressionem,

638 2615 774 2686 voluisti
808 2636 883 2684 cum
915 2634 1085 2683 renovare
1121 2623 1155 2684 et
1189 2617 1223 2684 in
1259 2614 1453 2706 dignitatem
1488 2635 1583 2686 suam
1613 2616 1786 2709 pristinam
1824 2617 2010 2688 restituere.

638 2729 717 2801 Non
741 2727 919 2820 Angelos,
945 2749 1013 2798 non
1038 2727 1293 2820 Archangelos,
1320 2751 1388 2801 non
1418 2727 1651 2818 Patriarchas,
1685 2751 1796 2823 neque
1829 2729 2013 2824 Prophetas

635 2845 771 2918 voluisti
799 2855 935 2916 autores
963 2866 1041 2917 esse
1067 2852 1205 2916 nostrae
1233 2844 1362 2934 salutis,
1389 2844 1449 2918 sed
1466 2853 1499 2914 iu
1526 2837 1655 2939 absque
1680 2847 1909 2917 immutatione
1929 2866 2011 2916 car-

638 2983 716 3032 nem
743 2962 971 3053 assumpsisti,
1003 2969 1036 3030 ct
1062 2959 1162 3030 homo
1201 2959 1310 3032 iactus
1339 2982 1395 3050 ee,
1429 2958 1544 3034 similis
1576 2957 1674 3032 nobis
1701 2963 1736 3030 in
1763 2960 1915 3034 omnihus
1942 2982 2012 3031 ex-

638 3084 736 3171 cepto
763 3086 918 3171 peccato,
944 3073 1051 3147 factus
1079 3097 1117 3147 es
1144 3075 1242 3147 nobis
1268 3074 1432 3146 mediator
1458 3096 1544 3166 erga
1568 3072 1719 3146 Patrem:
1745 3078 1909 3170 parietem
1931 3097 2010 3146 mc-

637 3190 724 3262 dium
753 3189 897 3280 dimisti,
925 3200 959 3261 et
983 3193 1169 3261 inimicitias
1204 3194 1336 3286 priores
1364 3189 1535 3263 delevisti:
1563 3190 1747 3261 conciliasti
1764 3200 1916 3262 terrenos
1937 3213 2011 3262 cum

636 3303 853 3396 coelestibus,
880 3315 914 3377 et
940 3304 1050 3377 iecisti
1077 3305 1119 3377 de
1146 3305 1274 3378 duobus
1301 3327 1413 3395 mum,
1440 3327 1502 3401 per
1526 3304 1807 3400 dispensationem
1830 3308 1862 3376 in
1889 3328 2009 3378 came:

635 3421 816 3493 ascendisti
843 3424 877 3492 iu
911 3420 1042 3493 coelum
1078 3420 1315 3517 corporaliter,
1343 3429 1378 3493 et
1402 3420 1581 3515 implevisti
1607 3421 1718 3492 omnia
1746 3418 1918 3492 divinitate
1944 3432 2009 3493 tua.

546 3595 549 3604 .
637 3535 691 3606 Tu
717 3535 830 3610 dixisti
858 3536 1026 3631 discipulis
1054 3540 1118 3608 tuis
1146 3539 1271 3610 sanctis
1307 3547 1341 3608 et
1365 3535 1554 3632 Apostolis,
1581 3533 1704 3607 Pacem
1732 3557 1840 3607 meam
1868 3536 1912 3609 do
1939 3559 2010 3608 vo-

634 3647 698 3738 bis,
726 3674 844 3746 pacem
872 3674 983 3724 meam
1008 3651 1160 3748 relinquo
1189 3651 1298 3724 vobis.
1327 3650 1487 3724 Concedo
1510 3654 1580 3743 jam
1596 3649 1695 3724 nobis
1720 3650 1823 3741 illam,
1849 3651 2011 3741 Domine3

636 3775 671 3837 et
696 3767 817 3839 munda
844 3789 907 3839 nos
934 3766 976 3839 ab
1005 3771 1095 3839 omni
1121 3767 1264 3857 macida,
1292 3765 1334 3838 ab
1369 3770 1459 3837 omni
1486 3765 1577 3855 dolo,
1605 3763 1646 3837 ab
1683 3768 1773 3836 omni
1799 3765 1934 3855 malitia,
1969 3761 2009 3834 ab
2097 3772 2105 3786 “

636 3885 725 3953 omni
751 3881 994 3973 fraudulentia,
1031 3892 1064 3954 ct
1097 3885 1291 3974 injuriarum
1320 3881 1555 3952 recordatione
1587 3879 1778 3954 mortifera:
1807 3892 1840 3954 ct
1865 3881 1921 3952 iac
1946 3898 2010 3950 nos

637 4018 753 4069 omnes
782 3998 911 4090 dignos,
925 3997 1083 4086 Domine,
1110 4006 1146 4068 ut
1170 3998 1351 4070 salutemus
1379 4000 1525 4069 invicem
1551 3999 1584 4067 in
1608 3994 1725 4068 osculo
1743 4007 1873 4085 sancto,
1900 4014 2009 4089 neque

635 4112 829 4187 excidamus
856 4136 918 4209 per
942 4111 1101 4204 judicium
1127 4136 1148 4185 a
1177 4112 1272 4184 donis
1300 4115 1363 4186 tuis
1380 4109 1632 4201 immortalibus,
1660 4121 1759 4206 atque
1785 4109 2010 4196 coelestibus3

631 4251 692 4323 per
719 4231 860 4320 gratiam
888 4237 1038 4299 tuamet
1067 4226 1307 4319 benignitatem
1333 4227 1443 4300 Patris
1470 4230 1529 4319 tui,
1556 4237 1591 4298 et
1617 4230 1847 4322 operationem
1867 4225 2008 4320 Spiritus

630 4347 695 4415 tui:
723 4354 758 4413 tu
785 4365 823 4416 es
851 4347 939 4415 enim
964 4343 1125 4438 provisor
1152 4351 1187 4414 et
1211 4341 1352 4436 largitor
1384 4346 1528 4415 omnium
1559 4332 1756 4432 bonorum,
1771 4343 1895 4437 tibique
1921 4339 2009 4413 oile-

630 4461 733 4532 rimus
769 4459 932 4552 gloriam,
969 4466 1003 4528 et
1036 4454 1219 4548 honorem,
1249 4459 1545 4552 magnificentiam,
1577 4469 1611 4530 et
1646 4458 1895 4547 adorationem,
1935 4477 2009 4528 cum

630 4572 732 4646 Patre
759 4584 816 4649 tuo
843 4575 947 4665 bono,
974 4571 1179 4666 vivificante,
1206 4574 1331 4671 tibique
1357 4574 1643 4665 consubstantiali,
1669 4595 1769 4664 nuno,
1796 4584 1858 4646 etc.

1084 4833 1169 4904 Atta
1197 4833 1317 4936 Oratio
1345 4835 1392 4904 od
1417 4833 1548 4904 nitrum.

735 5035 868 5111 Christe
894 5037 988 5109 Deus
1016 5047 1146 5128 noster,
1173 5042 1279 5110 virtus
1306 5037 1477 5110 hemenda
1504 5049 1538 5110 et
1573 5032 1916 5131 incomprehensibilis
1942 5031 2007 5102 Dei

629 5150 751 5244 Patris,
781 5156 836 5249 qui
863 5153 963 5227 sedes
992 5175 1094 5248 super
1124 5152 1275 5225 thronum
1301 5151 1487 5224 flammeum
1521 5149 1718 5244 Cherubim,
1746 5153 1798 5222 cui
1825 5152 2007 5222 ministrant
