4760 6038
740 531 1356 610 SANCTIBASILII.
1704 535 1727 608 3

518 748 639 820 Oratio
667 745 856 819 oblationis
880 749 953 818 ricc
978 747 1232 839 Propositionis
1254 749 1357 840 panis
1382 753 1417 816 ct
1436 744 1573 818 Calicis.
1662 787 1673 830 .

464 956 608 1028 Domine
633 954 716 1027 lesu
743 951 882 1045 Christi,
908 951 972 1026 Fili
1002 955 1191 1046 unigenite,
1216 950 1367 1026 Verbum
1392 953 1458 1025 Dei
1482 955 1604 1043 Patris,
1632 955 1729 1048 eique
1742 975 2054 1046 acououranuquuua

364 1070 663 1161 consubstantiale,
684 1079 718 1142 et
743 1079 957 1143 coaeternum
984 1080 1017 1140 et
1043 1068 1179 1165 Spiritui
1206 1078 1343 1159 sanct03
1370 1079 1406 1140 to
1430 1093 1469 1144 es
1495 1073 1590 1166 panis
1616 1071 1729 1159 vivus,
1743 1063 2053 1164 ‘⁸⁰²”³⁰⁸³ss”⁰⁵⁸l⁸tl⁶

365 1194 420 1285 qui
446 1188 647 1262 descendisti
674 1187 716 1258 de
742 1185 861 1278 coelo,
897 1196 931 1258 et
964 1189 1169 1280 praevenisti
1199 1207 1279 1276 nos,
1311 1184 1562 1282 impendistique
1589 1186 1730 1257 animem
1742 1151 1840 1288 322¹}ss
1849 1188 1856 1215 '
1884 1167 1932 1218 ⁹¹⁰
1959 1161 2014 1204 ”⁸⁰

363 1316 453 1378 tuam
477 1303 660 1401 perfectam
689 1311 723 1374 et
749 1301 876 1398 absque
902 1304 1008 1390 vitio,
1039 1322 1102 1396 pro
1129 1304 1197 1374 vita
1222 1301 1349 1373 mundi:
1376 1323 1534 1392 rogamus
1561 1299 1729 1374 obsecra·
2034 1379 2039 1390 ,

363 1443 501 1517 musque
526 1418 708 1492 bonitatem
738 1429 846 1509 tuam,
879 1441 900 1492 o
936 1427 1064 1489 amator
1098 1416 1284 1507 bominum,
1319 1416 1459 1490 ostende
1493 1415 1615 1489 faciem
1642 1425 1728 1488 tuam
1742 1375 2054 1530 {ffiffljssffiss

365 1559 465 1634 super
489 1535 576 1609 hune
600 1559 732 1632 panem,
760 1545 794 1607 et
819 1557 919 1631 super
943 1533 1029 1606 hunc
1056 1531 1204 1624 calicem,
1231 1554 1315 1628 quos
1342 1555 1443 1628 super
1469 1553 1618 1606 mensam
1644 1531 1730 1604 hauc
1743 1548 1837 1600 cans.

365 1663 453 1727 tuam
487 1652 739 1725 Sacerdotalem
771 1655 956 1748 posuimus:
996 1648 1139 1722 benedic
1165 1671 1225 1722 eos
1251 1651 1298 1739 †‚
1333 1649 1504 1722 sanctifica
1537 1668 1597 1722 eos
1629 1650 1670 1739 †‚
1697 1657 1731 1720 el
1779 1687 2012 1755 Tempmm

371 1791 534 1842 consecra
561 1789 621 1842 eos
648 1769 691 1856 †:
719 1767 864 1840 transfer
896 1789 976 1856 eos,
1009 1770 1054 1838 ita
1087 1776 1123 1837 ut
1148 1769 1243 1861 panis
1277 1765 1408 1860 qrridem
1437 1763 1488 1838 bic
1518 1765 1576 1838 ilat
1608 1786 1730 1862 corpus

363 1896 454 1958 tuum
479 1893 642 1975 sanctum,
669 1892 703 1956 et
726 1883 791 1954 boc
815 1885 1004 1955 mistumin
1036 1882 1101 1954 boc
1127 1879 1254 1972 caneo,
1281 1883 1418 1974 sangnis
1445 1890 1520 1954 tuus
1550 1883 1729 1977 pretiosus,

363 2013 400 2074 ut
426 2005 490 2075 sint
515 1999 613 2073 nobis
640 1999 790 2073 omnibus
817 1999 1028 2094 praesidium,
1053 1996 1228 2088 medicina,
1255 1997 1346 2070 salus
1379 1998 1573 2089 animarum,
1600 2017 1731 2094 corpo·-

364 2140 449 2208 rum,
476 2119 729 2214 spirituumque3
763 2119 840 2210 quia
865 2124 900 2186 tu
926 2137 963 2189 es
990 2114 1083 2188 Deus
1109 2122 1242 2204 noster,
1276 2112 1400 2208 tibique
1433 2112 1572 2186 debetur
1597 2113 1670 2187 laus
1698 2122 1732 2186 et

362 2243 525 2330 potestas,
551 2253 626 2304 cum
652 2230 751 2332 Patre
777 2241 833 2304 tuo
861 2229 971 2322 bono,
998 2240 1031 2303 et
1056 2228 1181 2326 Spiritu
1197 2228 1401 2320 vivificante,
1428 2227 1550 2325 tibique
1577 2229 1730 2304 consub-

364 2348 520 2440 stantiali‚
546 2370 632 2421 nunc
659 2358 693 2420 et
719 2370 864 2445 semper,
891 2358 926 2420 et
950 2351 984 2419 in
1011 2349 1121 2419 omnia
1146 2344 1282 2419 saecula
1299 2345 1518 2420 saeculorum.
1544 2347 1664 2420 Arnen.

471 2465 564 2537 Tunc
600 2468 733 2558 operiet
767 2465 942 2537 Sacerdos
972 2465 1098 2538 discum
1133 2469 1168 2534 et
1194 2462 1349 2551 collocor,
1385 2468 1560 2557 utrumque
1591 2466 1730 2559 intepu-

361 2588 474 2656 nacnto
500 2603 571 2670 sao,
599 2588 634 2652 el
659 2583 772 2652 omniu
796 2585 921 2675 rnajari
946 2582 1021 2653 celo
1048 2585 1155 2675 tepet·
1183 2585 1250 2650 turn
1266 2577 1474 2651 oscrrlabitur
1501 2579 1623 2667 altare,
1637 2601 1727 2650 con-

363 2718 545 2791 versaeque
571 2697 618 2767 cd
644 2700 750 2791 ipsius
777 2695 865 2769 latus
890 2696 1070 2784 Aestuaria,
1104 2694 1266 2768 adorabit
1301 2696 1413 2767 Deurn
1449 2702 1483 2766 et
1523 2695 1731 2768 osadwitur

364 2815 486 2904 altore.
517 2814 597 2884 Turn
623 2817 768 2884 circuilu
791 2820 947 2908 peracto,
974 2812 1155 2885 descendet
1182 2834 1298 2883 coram
1323 2810 1445 2899 altari,
1468 2812 1730 2906 pronuntiabit-

365 2953 429 3024 pue
443 2929 699 3002 Absolutionem
724 2952 826 3024 carpor
851 2933 1022 3002 ministros
1046 2929 1202 3001 sedentes
1228 2949 1344 3000 coram
1371 2949 1433 2999 co:
1463 2929 1560 3016 Quod
1584 2932 1616 3001 si
1641 2929 1731 3002 adast

363 3048 431 3140 ipsi
456 3045 630 3119 Sacerdos
655 3050 777 3134 socius,
805 3050 878 3140 ipse
899 3044 1139 3140 pronuntiabit
1162 3043 1428 3117 Absolutionem,

746 3304 865 3376 Oratio
891 3305 1126 3377 Absolutionis
1151 3305 1198 3375 cd
1222 3304 1356 3376 Filimn.

466 3522 610 3594 Domine
635 3519 717 3593 lesu
745 3517 875 3593 Christe
901 3517 964 3591 Fili
984 3522 1170 3612 unigenite,
1197 3533 1232 3594 et
1256 3522 1405 3596 Verbum
1430 3523 1495 3596 Dei
1520 3521 1647 3616 Patris,
1674 3529 1730 3621 qui

365 3637 512 3732 diurpisti
539 3640 650 3710 omnia
684 3635 818 3709 vincula
843 3645 1057 3732 peccatorum
1090 3647 1280 3711 nostrorum
1312 3641 1470 3734 passione
1502 3650 1558 3712 tua
1595 3639 1730 3714 salutari

365 3765 400 3825 et
424 3753 572 3843 vivifica
600 3757 655 3848 qui
681 3754 885 3848 inspiravisti
910 3755 944 3823 in
974 3750 1097 3841 faciem
1117 3752 1350 3850 discipulorum
1365 3764 1507 3844 tuorum,
1534 3753 1729 3852 Apostolo-

364 3893 503 3965 rumque
536 3879 747 3958 sanctorum,
780 3865 894 3940 dicens
926 3871 992 3941 eis:
1026 3869 1180 3965 Accipite
1206 3868 1365 3965 Spiritum
1391 3881 1562 3960 sanctum,
1589 3894 1729 3966 quorum

363 3989 557 4060 remiseritis
595 3995 733 4081 peccata
766 3979 974 4057 remittuntur
1006 3987 1077 4074 eis,
1110 3997 1143 4058 et
1178 4007 1316 4081 quorum
1356 3990 1556 4060 retinueritis
1599 3998 1728 4060 retenta

365 4113 455 4192 sunt;
481 4113 516 4174 tu
543 4106 720 4174 etiannum
744 4100 888 4174 Domine
913 4123 976 4197 per
1000 4100 1185 4197 Apostolos
1219 4111 1293 4175 tuos
1322 4111 1470 4194 sanctos,
1508 4125 1569 4176 eos
1597 4100 1728 4194 elegisti

365 4223 423 4313 qui
445 4218 643 4291 Sacerdotio
671 4240 803 4313 semper
829 4221 863 4290 in
888 4216 1044 4291 Ecclesia
1072 4228 1134 4290 tua
1161 4230 1275 4291 sancta
1307 4217 1538 4312 fungerentur,
1570 4231 1606 4292 ut
1630 4219 1727 4291 rela-

364 4346 484 4407 xarent
509 4344 648 4431 peccata
675 4355 775 4429 super
801 4345 935 4424 terram,
961 4332 1169 4430 ligarentque
1200 4346 1234 4407 et
1260 4334 1430 4408 solverent
1464 4339 1574 4408 omnia
1600 4338 1726 4429 iniqui-

365 4455 441 4522 tatis
465 4452 608 4524 vinoun
660 4449 833 4543 Rogamus
870 4447 1152 4545 obsecramusque
1190 4451 1371 4524 bonitatem
1405 4463 1505 4543 tuam,
1540 4475 1560 4524 o
1597 4463 1726 4524 amator

365 4566 542 4658 bominum,
568 4590 630 4663 pro
658 4571 767 4641 servis
792 4569 857 4640 tuis
882 4563 1030 4663 patribus
1056 4571 1153 4659 meis,
1177 4566 1333 4641 fratribus
1360 4571 1455 4660 meis,
1482 4579 1516 4640 et
1540 4568 1725 4642 infirmitate

366 4705 453 4773 mea,
480 4688 535 4780 qui
561 4687 669 4779 capita
695 4705 755 4755 sua
782 4707 896 4756 coram
921 4683 1030 4777 gloria
1057 4695 1112 4756 tua
1127 4695 1243 4758 sancta
1267 4684 1440 4772 inclinant3
1466 4694 1600 4781 praesta
1626 4685 1724 4758 nobis

366 4799 626 4872 misericordiam
655 4809 760 4890 mam,
793 4810 827 4872 et
852 4799 949 4875 solve
976 4804 1087 4873 omnia
1117 4800 1250 4874 vincula
1280 4811 1493 4898 peccatorum
1525 4811 1724 4873 nostrorum.

369 4913 466 4999 Quod
492 4920 522 4990 si
547 4915 723 4990 adversum
752 4928 786 4988 te
820 4921 1072 5013 peccaverimus
1105 4917 1283 5013 prudenter
1317 4918 1381 5010 vel,
1403 4918 1643 5014 imprudenter,
1669 4917 1725 4990 vel

366 5032 478 5106 cordis
504 5033 640 5124 duritia,
667 5055 771 5130 opere
798 5043 853 5106 aut
877 5029 1004 5126 verbo,
1036 5042 1092 5104 aut
1124 5033 1407 5131 pusillanimitate,
1442 5045 1478 5108 tu
1502 5035 1645 5108 Domine
1671 5036 1727 5130 qui
