4670 6046
611 645 652 722 bt
676 645 883 724 innabitat
910 643 1091 724 dabaoth
1119 646 1150 723 S.
1178 644 1362 722 ottobon.
1597 645 1667 719 331

389 825 551 893 Orationes
574 823 727 896 fractionis
751 829 826 893 aliae
850 847 927 911 quae
950 837 1136 913 sequuntur,
1167 847 1203 891 ea
1233 831 1413 911 pracsertim
1440 849 1518 914 quae
1541 833 1673 895 occurrit

302 928 404 992 ultimo
434 928 503 992 loco
533 928 660 1011 plot.
692 947 758 992 cum
788 937 892 992 extem
920 931 950 990 in
981 929 1115 1011 Copticis
1146 929 1385 1009 exemplaribus,
1411 930 1473 1010 jam
1502 929 1673 1012 explicatae

303 1035 373 1091 sunt
403 1029 432 1089 in
459 1028 546 1091 Notis
575 1027 613 1091 ad
642 1027 860 1111 Gregoriauam
888 1028 937 1090 illa
964 1029 1066 1112 lingua
1093 1027 1267 1110 Liturgiam.
1318 1028 1365 1090 Ex
1391 1030 1547 1110 utriusque
1577 1047 1672 1110 porro

304 1126 417 1190 codicis
440 1128 680 1208 comparatione,
703 1127 729 1191 si
752 1146 828 1209 quae
852 1135 917 1190 erat
939 1128 969 1188 in
993 1127 1138 1191 alterutro
1170 1125 1355 1207 obscuritas,
1384 1127 1476 1208 plene
1506 1128 1674 1206 discutitur,

303 1235 334 1289 et
362 1245 473 1305 verae,
503 1245 564 1290 uon
593 1226 817 1308 metaphoricae
843 1226 1097 1288 transmutationis
1125 1223 1199 1288 fides
1228 1243 1316 1307 quam
1347 1227 1517 1306 continent,
1546 1229 1673 1310 egregie

303 1325 497 1388 confirmatur
530 1327 624 1390 tribus
656 1326 784 1390 diversis
813 1325 943 1408 linguis,
972 1324 1104 1401 Graeca,
1134 1325 1342 1408 Aegyptiaoa,
1372 1333 1402 1388 et
1429 1325 1568 1388 Arabica.
1613 1327 1674 1388 lsta

302 1442 378 1488 vero
408 1425 509 1488 rrltima
539 1425 656 1508 lingua,
692 1445 760 1487 cum
789 1425 894 1506 plures
921 1425 1082 1487 versiones
1113 1423 1294 1503 babeamus,
1330 1425 1441 1487 crescit
1470 1426 1615 1508 majorem
1644 1427 1674 1486 in

301 1524 423 1588 modum
446 1525 565 1588 testium
587 1526 700 1588 veteris
723 1523 792 1586 fidei
814 1541 976 1586 uumerus:
1007 1524 1184 1604 intorques
1208 1522 1326 1602 nullus,
1360 1531 1411 1585 aut
1432 1524 1672 1606 interpretando,

302 1623 450 1686 literalem
473 1631 503 1686 et
524 1622 688 1706 simplicem
719 1623 986 1706 significationem,
1016 1622 1054 1685 ad
1084 1621 1228 1704 figuratas
1259 1623 1429 1686 locutiones
1463 1625 1590 1703 avertit,
1623 1632 1674 1688 aut

302 1740 359 1804 per
381 1721 625 1786 observationem
648 1722 835 1805 adjunctam,
863 1728 898 1783 ut
924 1720 1012 1783 aliter
1042 1740 1129 1802 quam
1160 1721 1253 1785 verba
1284 1729 1393 1786 sonant
1421 1723 1672 1807 intelligerentur,

303 1820 465 1884 admonuit.

758 2081 879 2151 Oratio
906 2079 1214 2197 oliaFroclfom'c.

392 2275 582 2354 Benedictus
604 2304 637 2347 es
659 2284 778 2347 Christe
799 2284 883 2347 Deus
903 2290 1015 2346 cosor.
1040 2284 1114 2347 Cum
1137 2285 1212 2349 haec
1235 2287 1331 2352 oratio
1354 2288 1474 2374 legatur
1495 2288 1525 2351 in
1543 2288 1671 2370 Coptico

302 2391 484 2472 exemplari,
507 2389 599 2451 multa
621 2406 699 2469 quae
721 2389 751 2450 in
774 2406 811 2450 ea
834 2386 996 2451 observatu
1019 2387 1192 2471 dignissima
1215 2399 1299 2468 sunt,
1323 2393 1516 2474 exposuimus
1540 2393 1570 2454 in
1593 2393 1671 2455 notis

303 2491 339 2554 ad
363 2489 499 2552 eumdem
522 2489 634 2564 locum,
656 2505 731 2569 quas
753 2486 832 2550 vide.

469 2747 571 2848 Εὐχή
596 2748 687 2845 ἄλλη
713 2746 855 2844 ὁμοίως.
912 2747 1033 2820 Oratio
1062 2749 1135 2822 alfa
1160 2753 1316 2825 simililer
1343 2756 1499 2827 dicendo.

303 2918 362 2996 Σύ
387 2917 462 3022 γὰρ
489 2917 520 2995 εἷ
544 2918 565 2994 ὁ
590 2923 689 2995 abab
721 2915 782 2993 καὶ
813 2913 1006 3014 atomos,
1031 2917 1092 2994 καὶ
1117 2919 1303 3010 ἅκλασοος.
1360 2927 1408 2998 To
1435 2949 1473 2998 ec
1498 2929 1586 2998 enim
1614 2931 1672 3024 poi

557 3039 695 3132 [congia
721 3043 756 3106 ct
778 3037 972 3131 frangeris,
999 3043 1149 3131 pomacis
1175 3063 1244 3114 non
1266 3046 1412 3137 froctae.

393 3229 569 3310 Sauream
581 3241 669 3321 haec,
694 3248 725 3303 et
740 3239 816 3303 aliae
834 3239 945 3302 similes
966 3258 1043 3321 quac
1062 3241 1093 3302 in
1107 3237 1290 3305 Graecorum
1310 3233 1565 3324 orientaliumque
1587 3243 1672 3308 libris

301 3347 412 3428 passim
425 3353 599 3423 occurrunt,
621 3345 679 3407 ilbs
694 3345 744 3425 qui
767 3359 871 3406 veram
894 3341 1110 3408 elementorum
1132 3345 1162 3405 in
1186 3361 1297 3426 corpus
1320 3353 1351 3408 et
1372 3347 1549 3430 sanguinem
1562 3346 1673 3412 Christi

302 3447 580 3510 transmutationem
602 3444 752 3526 rejiciunt,
775 3443 882 3505 venire
903 3460 1062 3524 numquam
1083 3451 1212 3524 possunt
1233 3443 1264 3506 in
1285 3452 1430 3508 mentem:
1461 3465 1519 3509 neo
1543 3446 1580 3509 cb
1603 3447 1671 3527 illis,

301 3564 489 3628 quaerunque
503 3546 622 3608 ratione
635 3544 701 3607 illas
724 3549 894 3624 torqueant,
916 3551 1043 3622 possunt
1066 3543 1221 3625 explicari.
1245 3543 1396 3607 Christum
1408 3545 1535 3625 scilicet,
1559 3546 1673 3611 Orien-

299 3646 376 3709 tales
398 3647 430 3708 in
451 3643 641 3709 Eucharistia
663 3650 854 3725 praesentem
877 3643 918 3703 ita
941 3650 1126 3724 agnoscunt,
1155 3651 1188 3704 ut
1216 3645 1387 3725 viventem,
1415 3645 1671 3728 Sacerdotemque

299 3745 465 3808 secundum
488 3743 631 3807 Ordinem
652 3740 890 3821 Melchisedech,
913 3742 1088 3806 Pontificem
1110 3742 1280 3806 futurorum
1302 3744 1460 3824 honorum,
1484 3748 1534 3827 qui
1557 3747 1672 3810 Sacra-

300 3853 431 3908 mentum
454 3843 535 3925 quod
557 3845 624 3925 ipse
647 3841 790 3919 instituit,
819 3841 991 3922 praesentia
1020 3860 1091 3921 sua,
1121 3850 1151 3904 et
1177 3842 1319 3906 ineffabili
1342 3846 1519 3925 operatione
1543 3845 1670 3926 Spiritus

259 3969 262 3974 ¹
300 3945 398 4008 sancti
413 3942 558 4026 pcrbciat.
580 3942 626 4005 Eo
647 3946 786 4024 spectant
805 3939 855 4002 illa
876 3958 953 4022 quae
968 3941 1108 4022 superius
1125 3941 1276 4024 leguntur.
1305 3942 1365 4019 Qui
1386 3953 1457 4006 tunc
1479 3943 1671 4022 bertodiaiste',

302 4047 393 4106 etiam
419 4062 499 4105 mccc
526 4042 667 4104 benedic:
697 4041 750 4122 qui
774 4045 844 4104 amc
866 4043 1079 4122 sanctificasti,
1101 4043 1192 4104 etiam
1213 4062 1292 4106 nmcc
1316 4045 1492 4122 sanctifico:
1521 4043 1582 4120 Qut
1602 4052 1672 4108 tunc

299 4144 431 4224 fregisti,
455 4143 547 4204 ettam
567 4159 647 4204 nunc
665 4140 794 4220 frange:
817 4138 878 4215 Qut
897 4149 967 4204 ωοο
989 4141 1101 4204 (1οάἰωί
1111 4143 1269 4222 dismpulc's
1282 4151 1312 4205 et
1322 4142 1475 4223 Apostolis
1489 4146 1558 4221 tais,
1580 4146 1672 4206 etiam

275 4281 278 4290 ·
301 4261 381 4304 nanc
403 4242 521 4303 ἀοωωο
542 4241 585 4302 do
605 4240 694 4302 nodis
715 4249 744 4302 ct
766 4241 848 4302 omni
863 4240 976 4318 populo
998 4248 1058 4304 ωο.
1102 4239 1198 4324 igitur
1211 4239 1535 4323 Sacerdos'antequam
1547 4243 1671 4306 Eucha-

301 4341 435 4403 risticum
457 4357 565 4422 panem
588 4338 717 4422 frangat,
741 4338 822 4419 quod
836 4337 938 4402 facere
962 4338 1061 4414 debet,
1084 4348 1117 4402 ut
1129 4341 1239 4404 Christi
1254 4341 1424 4423 exemplum
1439 4343 1580 4423 imitetur,
1603 4361 1671 4406 cum

301 4439 431 4520 invocat,
455 4448 488 4504 ut
510 4439 650 4503 fractioni
670 4455 818 4518 praesens
841 4439 890 4518 sit,
913 4457 1039 4519 eamque
1062 4439 1248 4504 sanctificet:
1271 4443 1508 4524 eaqueratione,
1532 4441 1669 4506 Christus

302 4538 414 4624 frangit
434 4559 491 4622 per
513 4538 685 4604 Sacerdotis
706 4537 919 4617 ministerium,
949 4539 1027 4601 sicut
1048 4538 1200 4603 benedicit
1222 4549 1254 4603 ct
1275 4541 1440 4604 sanctificat
1462 4541 1568 4604 eodem
1590 4541 1670 4604 illius

301 4640 475 4702 ministerio.
518 4639 594 4704 Cum
615 4654 690 4700 vero
713 4639 800 4717 panis
821 4637 873 4701 ille
897 4647 1105 4718 consecratus,
1127 4640 1166 4704 sit
1187 4641 1286 4722 ipsum
1308 4659 1418 4723 corpus
1441 4643 1539 4705 vivum
1558 4641 1670 4705 Christi

301 4737 433 4816 homini,
457 4738 559 4802 dicunt
582 4737 736 4820 Coptitae,
760 4735 911 4800 Christum
934 4756 1003 4800 esse
1026 4740 1123 4820 ipsum
1147 4741 1198 4820 qui
1219 4749 1252 4805 ut
1274 4741 1373 4820 Deus,
1401 4759 1548 4823 praesens
1570 4743 1670 4805 omui-

300 4839 416 4919 potenti
438 4840 547 4902 virtute
569 4855 639 4916 soc,
668 4841 857 4900 sacramenta
879 4855 935 4918 pcr
958 4837 1101 4920 Spiritum
1122 4848 1257 4904 sanctum
1280 4841 1468 4904 invisibiliter
1490 4842 1669 4924 perficiens:

299 4955 358 5020 per
371 4937 564 5003 Sacerdotem
584 4935 743 4999 visibiliter
765 4953 909 5016 operans,
931 4936 1053 5021 frangit,
1075 4939 1105 5002 id
1129 4946 1186 5017 est,
1209 4939 1287 5004 idem
1309 4940 1380 5003 facit
1401 4938 1482 5021 quod
1503 4940 1670 5005 lnEucha-

300 5037 403 5100 ristiae
416 5037 603 5100 institutione
615 5035 741 5100 fecerat.
765 5033 843 5098 llsse
866 5052 986 5116 quoque
1008 5039 1105 5118 ipsum
1127 5040 1178 5120 qui
1200 5039 1365 5121 frangitur:
1388 5042 1457 5120 quia
1479 5057 1590 5122 corpus
1603 5041 1669 5120 ejus

300 5135 419 5218 vivum,
449 5135 504 5200 suh
535 5137 638 5218 specie
665 5137 752 5217 panis
779 5133 943 5218 frangitur,
973 5145 1074 5201 manet
1096 5146 1195 5202 tamen
1218 5128 1393 5220 ἄκλασοος,
1425 5139 1493 5220 quia
1516 5138 1588 5202 nulli
1606 5141 1668 5221 jam

339 5271 451 5320 remma
1410 5256 1460 5333 58

1717 2946 1748 2999 P.
1767 2947 1828 3001 tto.
1846 2948 1863 3001 t
1882 2948 1908 3003 1.

1718 3963 1747 4016 P.
1768 3964 1829 4017 tos.
