4670 6046
776 583 817 660 lli
842 581 1047 661 LITURGlAll
1073 580 1253 660 demean
1279 583 1309 662 S.
1335 582 1480 660 BASlLll.
1737 579 1810 654 315

1380 731 1388 748 b

853 861 990 953 Κτήσαι
1017 854 1118 952 ἡμᾶς.
1171 855 1316 928 Posside
1343 877 1413 927 nos.
1857 854 1888 906 1’·
1906 853 1984 908 59ο1.
2003 856 2046 907 13.

489 1135 493 1140 .
546 1059 620 1142 Hoc
641 1076 767 1139 verbum
789 1095 826 1140 ea
855 1077 1073 1160 significatione
1103 1075 1309 1159 accipiendum
1337 1084 1385 1140 est
1415 1093 1475 1156 qua
1504 1075 1638 1138 occurrit
1666 1093 1759 1157 saepe
1782 1077 1813 1138 in

449 1178 547 1241 veteri
570 1180 772 1257 Testamento,
795 1180 981 1262 adquirendi,
1002 1182 1158 1262 proprium
1180 1179 1326 1258 faciendi,
1349 1178 1554 1263 singularique
1582 1195 1656 1240 cura
1685 1197 1816 1242 conser-

448 1278 548 1342 vandi.
593 1278 636 1340 lta
657 1278 757 1343 Exodi
779 1297 845 1362 cap.
870 1277 919 1343 15.
942 1301 969 1342 v.
999 1277 1049 1342 16.
1071 1280 1176 1344 Donec
1198 1287 1334 1342 consent
1359 1279 1487 1360 populna
1514 1279 1571 1340 iste
1598 1298 1684 1358 quem
1702 1299 1814 1359 posse·
1861 1304 1941 1358 amp,
1961 1305 2004 1356 15,
2022 1303 2066 1356 ω,

449 1376 523 1439 dett
543 1366 623 1468 locs
642 1365 682 1442 ὃν
702 1367 837 1464 ἐκτήσω.
875 1377 908 1440 ln
932 1377 1057 1442 Cantica
1078 1379 1209 1460 Moysis:
1232 1377 1338 1440 Nonne
1358 1381 1424 1457 ipsc
1445 1379 1564 1458 estqui
1579 1377 1718 1456 possedit
1737 1387 1765 1440 te
1787 1387 1817 1441 et

450 1477 567 1537 creavit
590 1484 637 1539 te:
670 1476 721 1540 nbi
750 1477 875 1542 verbum
905 1466 1065 1562 ἐκτήσατο
1091 1476 1257 1559 respondet
1292 1476 1526 1570 hebraicorum,
1557 1475 1637 1556 qnod
1663 1475 1815 1542 Arabibus

450 1573 556 1637 eadem
578 1575 797 1658 significatione
824 1585 1000 1658 usurpatur:
1031 1586 1062 1640 et
1089 1579 1119 1640 in
1142 1576 1268 1659 Coptica
1296 1577 1444 1639 Versione
1480 1576 1585 1639 eadem
1614 1593 1676 1638 vox
1705 1576 1817 1660 legitur

449 1691 528 1754 quae
549 1673 600 1737 bic
622 1679 754 1738 occurrit
775 1677 806 1740 in
828 1676 972 1760 Litnrgia.
1016 1677 1098 1742 lllam
1119 1685 1205 1740 recte
1227 1678 1443 1756 interpretatus
1465 1682 1513 1737 est
1534 1673 1644 1753 arans,
1669 1675 1719 1755 qui
1741 1695 1816 1738 ver-

449 1772 566 1836 sionem
588 1773 739 1854 adjunxit:
761 1777 858 1838 minus
881 1783 966 1839 recto
989 1777 1114 1839 aliarum
1136 1795 1176 1838 ex
1198 1775 1326 1857 Coptica
1349 1782 1488 1838 autores:
1511 1775 1640 1854 pessime
1657 1773 1815 1854 Maronita,

450 1871 501 1951 qui
523 1871 569 1934 ¹ita
596 1875 706 1953 vertit,
737 1877 949 1956 conquiescere
978 1875 1034 1955 foc
1054 1894 1112 1938 nos
1132 1877 1165 1937 io
1186 1883 1215 1937 te
1236 1874 1336 1951 Deris,
1359 1875 1428 1955 quia
1450 1871 1518 1935 loco
1541 1872 1626 1938 vocis
1649 1883 1744 1942 mlta
1774 1893 1815 1938 ex

449 1969 526 2033 mala
548 1972 741 2050 punctatione
764 1972 840 2054 legit
862 1984 953 2041 tlt'tx.

781 2230 880 2330 Εὐχή
904 2232 985 2333 περὶ
1009 2239 1076 2308 τοῦ
1099 2229 1222 2310 Heca.
1275 2233 1348 2304 Pro
1376 2232 1487 2326 Papo.

539 2440 603 2518 Huc
625 2452 819 2533 perspicuum
841 2460 898 2528 est,
921 2454 1003 2515 orari
1025 2471 1082 2534 pro
1104 2451 1276 2518 Patriarcba
1294 2450 1514 2517 Alexandrino:
1536 2459 1570 2515 nt
1594 2452 1682 2516 etiam
1704 2449 1734 2512 in
1752 2447 1815 2513 Co-

449 2554 516 2618 dice
539 2555 656 2618 Graeco
678 2555 834 2639 Liturgiae
856 2557 892 2620 D.
905 2555 1014 2618 ldarci:
1038 2563 1069 2618 ct
1091 2554 1202 2620 lrustra
1225 2557 1382 2637 quisquam
1405 2551 1639 2638 conjectaretur,
1661 2555 1814 2635 pertinere

448 2654 526 2718 banc
548 2673 671 2736 precem
693 2655 731 2716 ad
753 2655 917 2718 llomanum
939 2654 1121 2720 Pontificem.
1167 2655 1210 2740 Ut,
1233 2655 1298 2736 eius
1326 2657 1568 2718 commemoratio
1598 2655 1629 2716 in
1658 2653 1814 2734 Diptycbis

448 2755 587 2816 vivorum
608 2753 704 2834 fieret,
729 2773 769 2817 ex
791 2756 889 2818 veteri
909 2754 1064 2836 disciplina
1086 2754 1152 2832 init,
1174 2754 1229 2818 sed
1252 2771 1312 2816 non
1334 2756 1387 2830 ita,
1409 2763 1442 2817 ιιι
1464 2754 1494 2816 in
1517 2754 1696 2836 quotidianis
1715 2752 1815 2814 Missis

448 2871 559 2916 nomen
580 2853 647 2935 ejus
669 2855 864 2918 recitaretur:
887 2871 955 2916 cum
981 2855 1012 2916 id
1035 2855 1235 2918 tantummodo
1266 2854 1422 2918 observari
1450 2854 1563 2918 soleret
1586 2873 1659 2937 erga
1682 2852 1816 2914 Patriar-

448 2951 532 3028 cbas,
554 2954 584 3015 in
606 2953 691 3034 cujus
712 2953 912 3018 Dioecesibus
934 2962 1022 3016 erant
1043 2953 1212 3018 Ecclesiae.
1236 2954 1310 3019 Cum
1333 2956 1452 3036 vigeret
1474 2955 1553 3016 inter
1571 2952 1724 3016 Ecclesiae
1739 2969 1815 3015 con-

449 3049 564 3130 cordia,
586 3069 744 3133 novusque
767 3051 919 3115 Romanus
942 3052 1080 3116 Pontifex
1102 3052 1140 3116 de
1162 3054 1358 3118 Ordinatione
1381 3071 1435 3117 sua
1458 3053 1561 3116 literas
1593 3039 1713 3134 publice
1734 3052 1815 3115 scri-

447 3151 547 3249 beret,
569 3150 852 3215 recitabaturrinter
874 3151 1023 3233 Diptycha
1050 3153 1187 3216 vivorum
1225 3154 1291 3234 ejus
1321 3170 1446 3232 nomen,
1475 3161 1508 3215 ut
1536 3151 1707 3215 decessoris
1736 3148 1816 3210 inter

449 3252 747 3315 commemorationes
769 3250 994 3327 detunctorum3
1016 3251 1072 3314 sed
1094 3252 1213 3316 numid
1235 3271 1297 3316 non
1320 3251 1462 3316 continuo
1480 3250 1578 3330 fieret,
1601 3248 1741 3312 memoria
1764 3246 1814 3309 illa

450 3347 611 3412 (lodicibus
633 3348 794 3432 Liturgicis
816 3369 878 3412 non
899 3350 1129 3414 inscribebatur.
1175 3351 1277 3415 'l'alem
1303 3351 1397 3415 luisse
1427 3349 1612 3432 disciplinam
1641 3346 1814 3429 conjicimus

449 3465 488 3509 ex
510 3465 546 3510 ea
569 3467 648 3528 qnae
671 3449 861 3532 postmodum
883 3449 963 3530 apud
986 3447 1120 3530 Coptitas
1143 3451 1257 3534 viguit,
1286 3457 1317 3514 et
1346 3451 1431 3532 cujus
1453 3449 1649 3530 probationes
1671 3445 1815 3532 babemus

448 3546 627 3630 multiplices
650 3549 680 3610 in
702 3548 833 3611 Historia
856 3547 1064 3624 Patriarchali‚
1094 3549 1175 3620 circa
1198 3550 1509 3612 commemorationem
1531 3547 1658 3610 nominis
1681 3544 1815 3607 Patriar-

448 3645 571 3708 cbarum
593 3647 851 3711 Antiochenorum
874 3647 1009 3730 ejusdem
1038 3655 1139 3712 sectae
1161 3648 1365 3726 lacobiticae,
1388 3666 1455 3710 cum
1482 3646 1589 3728 quibus
1618 3645 1814 3708 arctissimam

447 3744 646 3808 Alexandrini
669 3749 906 3813 communionem
926 3747 1086 3812 habebant.
1131 3748 1266 3810 Vacante
1287 3747 1476 3810 Antiocheno
1499 3745 1591 3824 sede,
1614 3747 1665 3826 qui
1687 3745 1723 3808 ad
1747 3761 1813 3806 eam

448 3844 637 3908 obtinendam
660 3846 838 3930 eligebatur,
861 3847 959 3910 statim
981 3846 1148 3928 synodicas
1171 3846 1274 3910 literas
1296 3848 1335 3911 ad
1354 3846 1592 3910 Alexandrinum
1614 3839 1813 3906 Patriarcham

448 3961 506 4026 per
527 3942 698 4026 Episcopos
720 3945 796 4010 duos
819 3945 963 4010 mittebat.
1007 3946 1069 4008 lllis
1091 3947 1186 4012 literis
1216 3949 1247 4010 in
1276 3965 1425 4010 consessu
1452 3946 1673 4027 Episcoporum
1702 3942 1814 4024 Aegy-

448 4046 579 4127 ptiorum
601 4045 706 4124 lectis,
730 4063 840 4109 nomen
867 4047 938 4109 novi
967 4045 1159 4110 Patriarchac
1180 4047 1338 4129 Diptycbis
1367 4047 1501 4110 vivorum
1523 4043 1760 4122 inscribebatur,
1784 4049 1814 4104 et

448 4144 479 4205 in
499 4142 637 4228 Litargia
667 4145 867 4208 recitabatur:
898 4163 997 4227 neque
1027 4146 1058 4209 id
1088 4147 1194 4226 fiebat,
1223 4148 1308 4228 prius
1337 4163 1425 4228 quam
1452 4145 1558 4208 literae
1589 4144 1813 4224 pervenissent.

442 4243 493 4327 Eo
516 4261 612 4324 usque
634 4243 767 4308 defuncti
788 4262 896 4307 nomen
918 4251 1058 4326 tanquam
1081 4247 1221 4325 viventis,
1246 4246 1283 4309 ad
1306 4246 1399 4308 altare
1421 4243 1610 4307 recitabatur.
1633 4240 1707 4305 Cum
1720 4256 1813 4321 porro

449 4342 636 4407 consuetudo
658 4342 709 4406 illa
732 4351 815 4408 certa
838 4345 891 4423 sit,
914 4346 1067 4425 variisque
1089 4346 1236 4428 exemplis
1259 4345 1461 4422 confirmetur,
1484 4342 1581 4406 nullus
1603 4349 1713 4419 tamen,
1732 4339 1813 4419 quod

448 4443 589 4519 sciamus,
602 4441 717 4512 ‚Codex
738 4445 822 4508 visus
846 4450 908 4520 est,
931 4445 982 4526 qui
1012 4453 1198 4508 constantem
1226 4446 1257 4506 in
1285 4445 1442 4526 Diptpcbis
1469 4440 1651 4505 Antiocheni
1680 4439 1814 4502 Patriar-

449 4541 523 4604 cbac
547 4544 718 4605 memoriam
740 4543 908 4620 contineat,
936 4545 994 4607 etsi
1023 4563 1096 4608 sane
1125 4545 1230 4607 multos
1259 4545 1395 4608 vidimus.
1439 4543 1543 4623 ltaque
1571 4541 1686 4603 etiamsi
1716 4537 1813 4600 codex

449 4637 583 4704 Graecus
606 4641 644 4704 ad
665 4641 911 4707 Ortbodoxorum
933 4644 1100 4708 Ecclesiam
1121 4644 1325 4724 pertinuisset,
1348 4643 1490 4726 quotide
1513 4643 1571 4710 isto
1595 4640 1653 4703 dici
1676 4657 1737 4702 non
1754 4655 1814 4720 po·
1841 4679 1845 4685 ·

448 4745 528 4802 test:
551 4759 655 4803 verum
679 4741 716 4805 de
739 4759 777 4804 eo
801 4743 852 4822 qui
873 4741 1038 4824 liturgiam
1060 4743 1152 4807 blarci
1175 4745 1307 4806 continet
1329 4751 1444 4808 certum
1467 4740 1599 4804 videtur:
1622 4757 1732 4802 nomen
1748 4737 1813 4800 llo-

449 4840 528 4901 mani
549 4839 699 4904 Pontificis
722 4842 753 4903 in
774 4841 924 4923 Diptycbo
948 4859 1008 4906 non
1031 4850 1159 4907 extaret.

535 4939 631 5004 De‘cst
652 4940 754 5004 lolium
777 4939 835 5005 boc
858 4940 926 5004 loco
948 4943 979 5004 in
1002 4941 1115 5006 Codice
1137 4942 1249 5026 Regio,
1277 4943 1333 5006 sed
1362 4941 1499 5025 suppleri
1525 4939 1622 5002 hiatus
1653 4935 1744 5002 debet
1773 4954 1813 5000 ex

435 5037 555 5101 ‘eadem
579 5039 722 5103 Oratione
745 5058 822 5121 quae
846 5048 929 5104 extat
951 5043 981 5103 in
1003 5040 1097 5104 Marci
1121 5042 1246 5122 Graeca,
1274 5050 1307 5106 ut
1329 5043 1417 5105 etiam
1446 5042 1476 5104 in
1499 5038 1632 5120 Copticis
1654 5035 1813 5118 exempla-

476 5178 591 5222 romun
1325 5256 1333 5263 ἱ
1557 5157 1606 5231 56
