4760 6038
662 516 690 589 4
1168 513 1527 591 LITURGIA

667 707 758 800 nosqi
791 702 965 775 humanam
999 700 1274 791 imhccdlitatem,
1309 711 1464 796 tanquam
1496 699 1605 772 honus
1637 711 1671 772 et
1701 699 1867 774 hominum
1893 712 2033 794 amator,

668 819 776 911 Dens,
793 818 944 892 concede
968 819 1067 891 nohis
1085 821 1316 890 remissionem
1342 827 1777 912 peceatommnostrornm:
1803 814 1943 890 benedic
1967 841 2032 892 nos

671 947 705 1008 et
729 935 865 1031 purifica
891 955 967 1022 nos,
994 931 1200 1028 obsolchue
1225 955 1289 1007 nos
1316 942 1350 1004 et
1376 955 1507 1005 omnem
1530 932 1687 1028 populum
1714 944 1817 1005 mum:
1844 933 1944 1030 imple
1969 957 2032 1007 nos

669 1055 789 1122 timore
822 1062 899 1140 tuo,
932 1059 966 1122 et
998 1051 1105 1143 dhige
1130 1071 1194 1122 nos
1221 1049 1264 1120 ad
1289 1047 1493 1120 voluntatem
1526 1059 1616 1120 mam
1652 1060 1800 1123 sanctam
1833 1059 1867 1120 et
1898 1048 2033 1140 bonam,

670 1170 746 1262 quia
778 1178 811 1239 ιιι
847 1189 885 1240 cs
917 1168 1011 1239 Deus
1038 1176 1171 1252 noster,
1206 1176 1240 1236 ct
1272 1164 1330 1237 tibi
1358 1163 1496 1236 debetur
1521 1163 1642 1256 gloria,
1676 1165 1786 1238 honor
1811 1176 1845 1236 et
1869 1175 2032 1263 potestas,

669 1304 744 1354 cnm
770 1284 870 1356 Patre
896 1293 952 1356 tuo
979 1283 1083 1372 bono,
1110 1292 1144 1354 et
1156 1281 1281 1377 Spiritu
1306 1292 1363 1354 tuo
1390 1291 1519 1371 sancto,
1536 1304 1636 1370 nunc,
1663 1291 1727 1356 etc.
1755 1279 1858 1353 Servi
1874 1284 1920 1352 tui
1934 1281 2034 1354 hodie

668 1401 703 1470 in
728 1403 911 1472 ministerio
939 1402 1117 1490 constimti,
1143 1397 1326 1488 Sacerdos,
1351 1397 1522 1470 Diaconos
1548 1408 1583 1468 et
1603 1396 1733 1484 Cieros,
1760 1401 1866 1470 omnis
1892 1398 2033 1494 populus

669 1524 704 1586 et
729 1515 898 1588 inhmaites
923 1538 1011 1604 mea,
1038 1512 1181 1587 absoluti
1207 1517 1273 1586 sint
1298 1536 1344 1584 cx
1369 1535 1430 1587 ore
1457 1524 1593 1586 sanctae
1606 1512 1788 1602 Trinitatis,
1813 1511 1934 1604 Patris,
1959 1511 2034 1583 Filii

670 1640 704 1702 et
731 1631 873 1727 Spiritus
900 1635 1028 1722 sancti,
1063 1641 1097 1702 et
1128 1653 1176 1702 en
1201 1651 1261 1702 ore
1286 1634 1423 1720 unicae,
1454 1630 1572 1722 solius,
1600 1640 1754 1720 sanctae,
1782 1627 1975 1701 Catholicae
2001 1638 2037 1700 et

670 1748 891 1844 Apostolieac
924 1747 1117 1820 Ecclesiae:
1154 1769 1200 1818 ex
1230 1767 1291 1818 ore
1322 1745 1496 1818 duodecim
1530 1745 1785 1842 Apostolorum,
1826 1756 1860 1818 et
1892 1767 1939 1816 ex
1974 1766 2035 1817 ore

599 1851 604 1858 ⁸
670 1863 918 1960 contemplativi
943 1863 1185 1956 Evangchstae
1209 1862 1318 1934 hlarci
1342 1861 1500 1957 Apostoli
1526 1873 1560 1934 ct
1578 1861 1750 1958 Martyris,
1776 1872 1812 1933 nt
1838 1864 1936 1934 etiam
1961 1862 2035 1933 Pa-

669 1979 833 2052 triarchae
860 1983 966 2054 sancti
992 1979 1127 2070 Severi,
1154 1989 1188 2050 et
1213 1979 1373 2068 Doctoris
1399 1982 1504 2050 nostri
1531 1981 1636 2050 sancti
1650 1979 1820 2067 Dioscori,
1844 1979 1952 2049 ‘sancti
1966 1977 2035 2048 Jo-

666 2100 761 2167 annis
793 2095 1044 2193 Chrysostomi,
1079 2099 1186 2170 sancti
1213 2093 1342 2189 Cprilli,
1375 2098 1481 2166 saneti
1512 2093 1640 2184 basilii,
1675 2105 1709 2165 et
1735 2097 1842 2168 sancti
1867 2092 2037 2186 Gregorii,

667 2235 800 2285 necnon
826 2236 872 2284 ex
898 2237 959 2285 ore
984 2212 1227 2284 Trecentorum
1259 2210 1376 2282 decem
1403 2221 1437 2281 et
1463 2220 1541 2283 octo
1566 2209 1716 2283 Nicaeae
1742 2220 2034 2303 congregatorum,

670 2337 704 2399 et
729 2339 861 2400 centum
889 2333 1124 2424 quinquaginta
1160 2331 1214 2422 qni
1248 2325 1549 2422 Constantinopoli,
1583 2337 1714 2398 eentum
1747 2330 1802 2422 qni
1827 2325 1968 2422 Ephesi:
1999 2336 2038 2398 ut

671 2449 770 2516 etiam
797 2468 844 2516 ex
870 2467 930 2518 ore
957 2444 1141 2518 venerandi
1166 2445 1275 2516 Patris
1301 2446 1409 2516 nostri
1434 2443 1690 2539 Archiepiscopi
1715 2443 1814 2516 Anba
1828 2442 1869 2514 N.
1897 2445 2035 2537 ejusque

668 2565 703 2632 in
728 2563 910 2633 ministerio
935 2559 1136 2657 Apostohco
1163 2563 1340 2650 consortie,
1366 2559 1616 2654 venerandique
1631 2558 1739 2632 Patris
1760 2558 1921 2655 Episcopi
1936 2559 2036 2632 Anba

666 2674 709 2747 N.
744 2687 778 2747 et
809 2699 855 2747 cx
887 2700 947 2749 ore
978 2675 1165 2750 humilitatis
1200 2699 1313 2768 meac,
1347 2680 1402 2771 qni
1426 2686 1586 2772 peccator
1612 2698 1697 2768 sum,
1725 2681 1802 2773 quia
1827 2675 2037 2748 benedictum

670 2800 705 2863 et
730 2792 839 2885 gloria
864 2792 999 2888 plenum
1034 2801 1087 2866 est
1111 2816 1233 2865 nomeu
1260 2804 1409 2866 sanctum
1437 2803 1546 2883 tuum,
1572 2791 1690 2885 Pater,
1716 2792 1798 2883 Fili,
1834 2803 1868 2864 et
1893 2791 2035 2887 Spiritus

670 2920 797 2999 sancte,
823 2931 911 2981 nnnc
937 2918 971 2980 et
997 2931 1141 3008 semper,
1169 2919 1231 2980 etc.

1155 3154 1337 3219 ORATIO
1368 3153 1551 3218 THURIS.

779 3291 995 3364 Osculobitnr
1030 3292 1205 3366 Sacerdos
1237 3300 1341 3387 capnt
1372 3292 1574 3365 Sacerdotis
1614 3293 1852 3380 ministrantis,
1885 3293 1975 3386 qood
2007 3293 2038 3362 ei

668 3412 777 3501 suerit
811 3432 884 3479 cnm
909 3432 951 3480 eo
976 3412 1099 3498 eocice,
1127 3409 1337 3483 osculabitur
1347 3409 1475 3504 prodeo
1499 3407 1905 3502 alterutramque
1931 3430 2036 3479 oeca-

669 3525 797 3596 lohitor
830 3523 944 3596 ultore
974 3531 1009 3596 et
1040 3529 1190 3620 accipiet
1224 3525 1415 3598 nuciculam
1446 3524 1569 3613 thuris,
1604 3531 1639 3595 et
1672 3524 1825 3596 adolebit
1856 3528 2036 3596 incensam.

671 3640 833 3711 &dinem
858 3645 916 3735 qci
948 3642 991 3714 de
1016 3645 1155 3714 incenso
1189 3646 1384 3736 vespertino
1409 3646 1557 3735 scriptor
1591 3647 1643 3713 est
1669 3639 1904 3728 observabunt,
1933 3643 2036 3735 qnin-

671 3760 766 3852 qeiee
792 3757 960 3830 adolendo
987 3764 1022 3829 et
1047 3759 1102 3830 hie
1122 3763 1279 3853 peractio
1305 3759 1397 3829 dicet
1421 3758 1596 3831 Sacerdos
1620 3761 1811 3829 orationem
1836 3763 2035 3852 sequentem.

773 3939 867 4011 Dens
900 3947 1056 4014 aeternus
1091 3938 1219 4036 absque
1252 3941 1415 4035 principio
1449 3949 1484 4010 et
1508 3938 1593 4029 line,
1618 3959 1760 4031 magnus
1787 3940 1822 4009 in
1848 3939 2035 4033 praeceptis

674 4058 738 4128 tuis
764 4065 798 4128 et
823 4065 943 4151 potens
970 4059 1006 4127 in
1031 4055 1189 4153 operibns
1216 4059 1297 4128 tuis:
1333 4060 1389 4150 qui
1420 4079 1459 4130 es
1490 4055 1706 4150 ubicumque,
1741 4065 1775 4127 et
1806 4058 1840 4125 in
1867 4050 2039 4127 omnibns:

665 4182 749 4268 xesto
776 4168 950 4245 nobiscum
975 4172 1224 4267 peecatoribus,
1250 4174 1410 4263 Domine,
1435 4175 1470 4244 in
1495 4170 1559 4244 hac
1584 4171 1685 4244 hora:
1712 4173 1858 4244 consiste
1877 4172 1911 4241 in
1927 4167 2034 4240 medio

673 4292 816 4360 omnium
842 4298 1010 4379 nostrum,
1036 4289 1175 4385 purifica
1201 4288 1302 4361 eorda
1327 4298 1463 4379 nostra,
1489 4298 1523 4360 et
1548 4287 1717 4360 sanctifica
1743 4290 1869 4359 ammas
1889 4293 2035 4357 nostres:

672 4404 793 4476 munda
820 4427 883 4478 nos
911 4403 952 4476 ah
981 4405 1132 4479 omnihus
1157 4408 1305 4503 peccatis
1328 4428 1413 4500 quae
1437 4408 1677 4495 commisimus,
1703 4403 1891 4476 voluntarie
1909 4409 1964 4473 aut
1978 4402 2038 4470 in-

672 4521 868 4594 voluntarie.
923 4520 1082 4595 Concede
1107 4521 1222 4617 nohis,
1247 4531 1284 4594 ut
1309 4521 1486 4595 oderamus
1512 4543 1625 4594 eoram
1652 4531 1685 4592 te
1702 4520 1866 4594 sacrificia
1884 4521 2037 4592 rationa-

673 4635 774 4726 bilia,
801 4637 963 4710 sacrificia
988 4637 1247 4730 benedictionis,
1275 4645 1309 4709 et
1324 4640 1495 4712 incensum
1516 4636 1695 4733 spirituale.
1721 4635 1931 4729 Ingrediatnr
1952 4637 2037 4705 intra

674 4752 802 4844 velum,
828 4755 863 4824 in
888 4753 997 4826 locum
1022 4754 1137 4828 Sancti
1163 4755 1370 4830 Sanctorum.
1402 4753 1576 4849 Rogamus
1601 4763 1655 4844 te,
1681 4753 1774 4826 Dens
1800 4763 1925 4826 noster.
1956 4748 2034 4822 lle-

676 4877 787 4939 mento
819 4866 962 4941 Domine
994 4875 1088 4966 pacis
1122 4875 1217 4944 unius
1250 4881 1348 4960 turae,
1389 4876 1423 4942 et
1453 4873 1573 4942 unicae
1608 4877 1743 4944 sanctae
1780 4866 1972 4940 Cathohcue
2004 4875 2038 4936 et

676 4982 896 5078 Apostolicae
920 4982 1105 5061 Ecclesiae.
1157 4988 1326 5062 Memento
1352 4987 1495 5060 Domine
1521 4987 1617 5059 Beati
1641 4985 1749 5060 Patris
1775 4987 1881 5060 nostri
1910 4994 1945 5057 ct
1968 5004 2038 5054 ve-
