<?xml version="1.0" encoding="UTF-8"?>
<!DOCTYPE html PUBLIC "-//W3C//DTD XHTML 1.0 Transitional//EN"
    "http://www.w3.org/TR/xhtml1/DTD/xhtml1-transitional.dtd">
<html xmlns="http://www.w3.org/1999/xhtml" xml:lang="en" lang="en">
 <head>
  <title>
</title>
<meta http-equiv="Content-Type" content="text/html;charset=utf-8" />
  <meta name='ocr-system' content='tesseract 3.04.00' />
  <meta name='ocr-capabilities' content='ocr_page ocr_carea ocr_par ocr_line ocrx_word'/>
</head>
<body>
  <div class='ocr_page' id='page_1' title='image "./liturgiarumorie03renagoog_0093.png"; bbox 0 0 4778 6034; ppageno 0'>
   <div class='ocr_carea' id='block_1_1' title="bbox 788 584 1648 672">
    <p class='ocr_par' dir='ltr' id='par_1_1' title="bbox 788 584 1648 672">
     <span class='ocr_line' id='line_1_1' title="bbox 788 584 1648 672; baseline 0.017 -14"><span class='ocrx_word' id='word_1_1' title='bbox 788 584 870 658; x_wconf 81' lang='lat' dir='ltr'><strong>Lvt</strong></span> <span class='ocrx_word' id='word_1_2' title='bbox 1266 592 1648 672; x_wconf 78' lang='lat' dir='ltr'><strong>ntssnnrlrto</strong></span> 
     </span>
    </p>
   </div>
   <div class='ocr_carea' id='block_1_2' title="bbox 445 777 2136 5055">
    <p class='ocr_par' dir='ltr' id='par_1_2' title="bbox 445 777 2136 5055">
     <span class='ocr_line' id='line_1_2' title="bbox 783 777 2135 874; baseline 0.01 -25"><span class='ocrx_word' id='word_1_3' title='bbox 783 797 852 850; x_wconf 91' lang='lat' dir='ltr'><strong>non</strong></span> <span class='ocrx_word' id='word_1_4' title='bbox 877 777 990 866; x_wconf 88' lang='lat' dir='ltr'><strong>aliter,</strong></span> <span class='ocrx_word' id='word_1_5' title='bbox 1020 785 1172 850; x_wconf 86' lang='lat' dir='ltr'><strong>testatum</strong></span> <span class='ocrx_word' id='word_1_6' title='bbox 1197 777 1284 874; x_wconf 94' lang='lat' dir='ltr'><strong>apud</strong></span> <span class='ocrx_word' id='word_1_7' title='bbox 1309 801 1371 852; x_wconf 88' lang='lat' dir='ltr'><strong>eos</strong></span> <span class='ocrx_word' id='word_1_8' title='bbox 1396 791 1506 871; x_wconf 79' lang='lat' dir='ltr'><strong>esset,</strong></span> <span class='ocrx_word' id='word_1_9' title='bbox 1531 781 1710 854; x_wconf 89' lang='lat' dir='ltr'><strong>secundnm</strong></span> <span class='ocrx_word' id='word_1_10' title='bbox 1736 783 1906 857; x_wconf 88' lang='lat' dir='ltr'><strong>articulum</strong></span> <span class='ocrx_word' id='word_1_11' title='bbox 1936 785 2026 858; x_wconf 81' lang='lat' dir='ltr'><strong>dlmu</strong></span> <span class='ocrx_word' id='word_1_12' title='bbox 2059 789 2135 862; x_wconf 91' lang='lat' dir='ltr'><strong>lidei</strong></span> 
     </span>
     <span class='ocr_line' id='line_1_3' title="bbox 582 892 2136 992; baseline 0.006 -26"><span class='ocrx_word' id='word_1_13' title='bbox 582 892 649 948; x_wconf 90' lang='lat'><strong>&#39;··</strong></span> <span class='ocrx_word' id='word_1_14' title='bbox 782 892 1002 985; x_wconf 77' lang='lat' dir='ltr'><strong>Angbcanae,</strong></span> <span class='ocrx_word' id='word_1_15' title='bbox 1026 894 1168 965; x_wconf 76' lang='lat' dir='ltr'><strong>medina</strong></span> <span class='ocrx_word' id='word_1_16' title='bbox 1188 917 1255 988; x_wconf 78' lang='lat' dir='ltr'><strong>qao</strong></span> <span class='ocrx_word' id='word_1_17' title='bbox 1280 899 1450 988; x_wconf 77' lang='lat' dir='ltr'><strong>accipiter</strong></span> <span class='ocrx_word' id='word_1_18' title='bbox 1470 898 1559 990; x_wconf 73' lang='lat' dir='ltr'><strong>fides</strong></span> <span class='ocrx_word' id='word_1_19' title='bbox 1582 905 1642 970; x_wconf 74' lang='lat' dir='ltr'><strong>cst.</strong></span> <span class='ocrx_word' id='word_1_20' title='bbox 1694 895 1739 970; x_wconf 92' lang='lat' dir='ltr'><strong>Ut</strong></span> <span class='ocrx_word' id='word_1_21' title='bbox 1763 902 1926 992; x_wconf 85' lang='lat' dir='ltr'><strong>igiturex</strong></span> <span class='ocrx_word' id='word_1_22' title='bbox 1950 902 2136 976; x_wconf 84' lang='lat' dir='ltr'><strong>sirudilor-</strong></span> 
     </span>
     <span class='ocr_line' id='line_1_4' title="bbox 781 1006 2135 1112; baseline 0.01 -34"><span class='ocrx_word' id='word_1_23' title='bbox 781 1006 889 1096; x_wconf 94' lang='lat' dir='ltr'><strong>mula,</strong></span> <span class='ocrx_word' id='word_1_24' title='bbox 928 1009 1081 1104; x_wconf 86' lang='lat' dir='ltr'><strong>quidquid</strong></span> <span class='ocrx_word' id='word_1_25' title='bbox 1114 1007 1205 1082; x_wconf 87' lang='lat' dir='ltr'><strong>multi</strong></span> <span class='ocrx_word' id='word_1_26' title='bbox 1235 1009 1382 1082; x_wconf 76' lang='lat' dir='ltr'>Britanni</span> <span class='ocrx_word' id='word_1_27' title='bbox 1414 1011 1577 1106; x_wconf 83' lang='lat' dir='ltr'><strong>&#39;lbeologi</strong></span> <span class='ocrx_word' id='word_1_28' title='bbox 1611 1013 1771 1106; x_wconf 83' lang='lat' dir='ltr'>dixerint,</span> <span class='ocrx_word' id='word_1_29' title='bbox 1807 1015 1923 1088; x_wconf 92' lang='lat' dir='ltr'><strong>melius</strong></span> <span class='ocrx_word' id='word_1_30' title='bbox 1958 1041 2057 1112; x_wconf 88' lang='lat' dir='ltr'><strong>quam</strong></span> <span class='ocrx_word' id='word_1_31' title='bbox 2090 1042 2135 1091; x_wconf 85' lang='lat' dir='ltr'><strong>ex</strong></span> 
     </span>
     <span class='ocr_line' id='line_1_5' title="bbox 779 1126 2134 1227; baseline 0.009 -33"><span class='ocrx_word' id='word_1_32' title='bbox 779 1127 926 1219; x_wconf 90' lang='lat' dir='ltr'><strong>ipsorum</strong></span> <span class='ocrx_word' id='word_1_33' title='bbox 953 1129 1083 1221; x_wconf 88' lang='lat' dir='ltr'><strong>scriptis</strong></span> <span class='ocrx_word' id='word_1_34' title='bbox 1109 1126 1268 1223; x_wconf 87' lang='lat' dir='ltr'><strong>probatur</strong></span> <span class='ocrx_word' id='word_1_35' title='bbox 1292 1129 1327 1196; x_wconf 95' lang='lat' dir='ltr'><strong>in</strong></span> <span class='ocrx_word' id='word_1_36' title='bbox 1351 1149 1393 1197; x_wconf 89' lang='lat' dir='ltr'><strong>ea</strong></span> <span class='ocrx_word' id='word_1_37' title='bbox 1419 1131 1648 1202; x_wconf 89' lang='lat' dir='ltr'><strong>communione</strong></span> <span class='ocrx_word' id='word_1_38' title='bbox 1664 1135 1886 1227; x_wconf 88' lang='lat' dir='ltr'><strong>praesentiam</strong></span> <span class='ocrx_word' id='word_1_39' title='bbox 1903 1131 2029 1205; x_wconf 88' lang='lat' dir='ltr'><strong>realem</strong></span> <span class='ocrx_word' id='word_1_40' title='bbox 2054 1134 2134 1206; x_wconf 94' lang='lat' dir='ltr'><strong>nnl-</strong></span> 
     </span>
     <span class='ocr_line' id='line_1_6' title="bbox 777 1239 2134 1342; baseline 0.007 -31"><span class='ocrx_word' id='word_1_41' title='bbox 777 1239 844 1312; x_wconf 90' lang='lat' dir='ltr'><strong>lam</strong></span> <span class='ocrx_word' id='word_1_42' title='bbox 876 1244 1035 1333; x_wconf 78' lang='lat' dir='ltr'>agnosci,</span> <span class='ocrx_word' id='word_1_43' title='bbox 1068 1244 1111 1313; x_wconf 92' lang='lat' dir='ltr'><strong>ita</strong></span> <span class='ocrx_word' id='word_1_44' title='bbox 1138 1265 1186 1313; x_wconf 87' lang='lat' dir='ltr'><strong>ex</strong></span> <span class='ocrx_word' id='word_1_45' title='bbox 1219 1241 1441 1316; x_wconf 74' lang='lat' dir='ltr'><strong>Orientalibus</strong></span> <span class='ocrx_word' id='word_1_46' title='bbox 1466 1244 1624 1338; x_wconf 79' lang='lat' dir='ltr'><strong>liturgiis</strong></span> <span class='ocrx_word' id='word_1_47' title='bbox 1649 1251 1856 1342; x_wconf 89' lang='lat' dir='ltr'><strong>perspectius</strong></span> <span class='ocrx_word' id='word_1_48' title='bbox 1883 1247 2134 1339; x_wconf 83' lang='lat' dir='ltr'><strong>demonstratur,</strong></span> 
     </span>
     <span class='ocr_line' id='line_1_7' title="bbox 778 1355 2133 1459; baseline 0.004 -31"><span class='ocrx_word' id='word_1_49' title='bbox 778 1355 975 1429; x_wconf 86' lang='lat' dir='ltr'><strong>Orientalem</strong></span> <span class='ocrx_word' id='word_1_50' title='bbox 987 1355 1173 1429; x_wconf 85' lang='lat' dir='ltr'><strong>Ecclesiam</strong></span> <span class='ocrx_word' id='word_1_51' title='bbox 1186 1361 1219 1429; x_wconf 92' lang='lat' dir='ltr'><strong>in</strong></span> <span class='ocrx_word' id='word_1_52' title='bbox 1242 1362 1406 1430; x_wconf 75' lang='lat' dir='ltr'><strong>connaria</strong></span> <span class='ocrx_word' id='word_1_53' title='bbox 1416 1381 1554 1454; x_wconf 90' lang='lat' dir='ltr'><strong>prorsus</strong></span> <span class='ocrx_word' id='word_1_54' title='bbox 1569 1365 1730 1433; x_wconf 89' lang='lat' dir='ltr'><strong>sententia</strong></span> <span class='ocrx_word' id='word_1_55' title='bbox 1745 1386 1833 1452; x_wconf 84' lang='lat' dir='ltr'><strong>esse,</strong></span> <span class='ocrx_word' id='word_1_56' title='bbox 1848 1374 1883 1435; x_wconf 92' lang='lat' dir='ltr'><strong>et</strong></span> <span class='ocrx_word' id='word_1_57' title='bbox 1903 1387 2006 1459; x_wconf 91' lang='lat' dir='ltr'><strong>porro</strong></span> <span class='ocrx_word' id='word_1_58' title='bbox 2019 1361 2133 1434; x_wconf 80' lang='lat' dir='ltr'><strong>fuisse.</strong></span> 
     </span>
     <span class='ocr_line' id='line_1_8' title="bbox 478 1471 2130 1572; baseline 0.002 -28"><span class='ocrx_word' id='word_1_59' title='bbox 478 1489 579 1544; x_wconf 74' lang='lat' dir='ltr'><strong>novun</strong></span> <span class='ocrx_word' id='word_1_60' title='bbox 592 1503 766 1564; x_wconf 64' lang='lat' dir='ltr'><strong>agemon</strong></span> <span class='ocrx_word' id='word_1_61' title='bbox 880 1473 917 1545; x_wconf 94' lang='lat' dir='ltr'><strong>lu</strong></span> <span class='ocrx_word' id='word_1_62' title='bbox 951 1495 993 1544; x_wconf 85' lang='lat' dir='ltr'><strong>ea</strong></span> <span class='ocrx_word' id='word_1_63' title='bbox 1024 1471 1150 1546; x_wconf 89' lang='lat' dir='ltr'><strong>scilicet</strong></span> <span class='ocrx_word' id='word_1_64' title='bbox 1181 1478 1269 1546; x_wconf 92' lang='lat' dir='ltr'><strong>sacri</strong></span> <span class='ocrx_word' id='word_1_65' title='bbox 1301 1472 1407 1546; x_wconf 82' lang='lat' dir='ltr'><strong>Officii</strong></span> <span class='ocrx_word' id='word_1_66' title='bbox 1431 1485 1544 1570; x_wconf 87' lang='lat' dir='ltr'><strong>parte,</strong></span> <span class='ocrx_word' id='word_1_67' title='bbox 1571 1480 1722 1572; x_wconf 63' lang='lat' dir='ltr'><strong>maurum</strong></span> <span class='ocrx_word' id='word_1_68' title='bbox 1755 1502 1854 1551; x_wconf 91' lang='lat' dir='ltr'><strong>nemo</strong></span> <span class='ocrx_word' id='word_1_69' title='bbox 1880 1477 2064 1571; x_wconf 87' lang='lat' dir='ltr'><strong>dubitaret,</strong></span> <span class='ocrx_word' id='word_1_70' title='bbox 2097 1477 2130 1549; x_wconf 91' lang='lat' dir='ltr'><strong>id</strong></span> 
     </span>
     <span class='ocr_line' id='line_1_9' title="bbox 459 1579 2133 1691; baseline 0.003 -29"><span class='ocrx_word' id='word_1_71' title='bbox 459 1591 492 1628; x_wconf 69' lang='lat'><strong>&#39;¹</strong></span> <span class='ocrx_word' id='word_1_72' title='bbox 506 1579 619 1649; x_wconf 57' lang='grc' dir='ltr'><strong>ΜΨ</strong></span> <span class='ocrx_word' id='word_1_73' title='bbox 634 1579 749 1650; x_wconf 48' lang='grc' dir='ltr'><strong>ΜΨ*</strong></span> <span class='ocrx_word' id='word_1_74' title='bbox 778 1587 867 1684; x_wconf 91' lang='lat' dir='ltr'><strong>quod</strong></span> <span class='ocrx_word' id='word_1_75' title='bbox 892 1589 1053 1663; x_wconf 78' lang='lat' dir='ltr'>sacerdos</span> <span class='ocrx_word' id='word_1_76' title='bbox 1077 1593 1112 1660; x_wconf 94' lang='lat' dir='ltr'><strong>in</strong></span> <span class='ocrx_word' id='word_1_77' title='bbox 1129 1590 1221 1662; x_wconf 91' lang='lat' dir='ltr'><strong>disco</strong></span> <span class='ocrx_word' id='word_1_78' title='bbox 1238 1589 1405 1662; x_wconf 83' lang='lat' dir='ltr'><strong>elevatum</strong></span> <span class='ocrx_word' id='word_1_79' title='bbox 1421 1593 1636 1684; x_wconf 77' lang='lat' dir='ltr'><strong>ostendebat,</strong></span> <span class='ocrx_word' id='word_1_80' title='bbox 1662 1617 1739 1666; x_wconf 77' lang='lat' dir='ltr'><strong>esse</strong></span> <span class='ocrx_word' id='word_1_81' title='bbox 1755 1617 1878 1691; x_wconf 90' lang='lat' dir='ltr'><strong>corpus</strong></span> <span class='ocrx_word' id='word_1_82' title='bbox 1892 1605 1927 1667; x_wconf 92' lang='lat' dir='ltr'><strong>et</strong></span> <span class='ocrx_word' id='word_1_83' title='bbox 1939 1597 2133 1688; x_wconf 84' lang='lat' dir='ltr'><strong>sangninem</strong></span> 
     </span>
     <span class='ocr_line' id='line_1_10' title="bbox 779 1703 2133 1807; baseline 0.001 -29"><span class='ocrx_word' id='word_1_84' title='bbox 779 1703 911 1794; x_wconf 81' lang='lat' dir='ltr'><strong>(luisti,</strong></span> <span class='ocrx_word' id='word_1_85' title='bbox 935 1727 978 1778; x_wconf 90' lang='lat' dir='ltr'><strong>ne</strong></span> <span class='ocrx_word' id='word_1_86' title='bbox 1003 1714 1112 1778; x_wconf 90' lang='lat' dir='ltr'><strong>tamen</strong></span> <span class='ocrx_word' id='word_1_87' title='bbox 1138 1727 1296 1778; x_wconf 89' lang='lat' dir='ltr'><strong>successu</strong></span> <span class='ocrx_word' id='word_1_88' title='bbox 1321 1714 1506 1803; x_wconf 86' lang='lat' dir='ltr'><strong>temporum</strong></span> <span class='ocrx_word' id='word_1_89' title='bbox 1531 1719 1622 1780; x_wconf 87' lang='lat' dir='ltr'><strong>esset</strong></span> <span class='ocrx_word' id='word_1_90' title='bbox 1647 1709 1838 1783; x_wconf 72' lang='lat' dir='ltr'><strong>dubitationi</strong></span> <span class='ocrx_word' id='word_1_91' title='bbox 1862 1709 1969 1800; x_wconf 91' lang='lat' dir='ltr'><strong>locus,</strong></span> <span class='ocrx_word' id='word_1_92' title='bbox 1995 1709 2133 1807; x_wconf 85' lang='lat' dir='ltr'><strong>simplici</strong></span> 
     </span>
     <span class='ocr_line' id='line_1_11' title="bbox 778 1820 2132 1920; baseline 0 -25"><span class='ocrx_word' id='word_1_93' title='bbox 778 1835 812 1896; x_wconf 89' lang='lat' dir='ltr'><strong>et</strong></span> <span class='ocrx_word' id='word_1_94' title='bbox 847 1827 1001 1918; x_wconf 85' lang='lat' dir='ltr'><strong>antiquae</strong></span> <span class='ocrx_word' id='word_1_95' title='bbox 1039 1821 1168 1894; x_wconf 81' lang='lat' dir='ltr'><strong>formae</strong></span> <span class='ocrx_word' id='word_1_96' title='bbox 1200 1820 1332 1918; x_wconf 90' lang='lat' dir='ltr'><strong>plenam</strong></span> <span class='ocrx_word' id='word_1_97' title='bbox 1370 1845 1632 1920; x_wconf 80' lang='lat' dir='ltr'><strong>expressamque</strong></span> <span class='ocrx_word' id='word_1_98' title='bbox 1666 1825 1911 1900; x_wconf 76' lang='lat' dir='ltr'><strong>confessionem</strong></span> <span class='ocrx_word' id='word_1_99' title='bbox 1945 1824 2132 1899; x_wconf 76' lang='lat' dir='ltr'><strong>orientales</strong></span> 
     </span>
     <span class='ocr_line' id='line_1_12' title="bbox 776 1937 2130 2038; baseline 0 -25"><span class='ocrx_word' id='word_1_100' title='bbox 776 1939 988 2028; x_wconf 87' lang='lat' dir='ltr'><strong>addidemnt,</strong></span> <span class='ocrx_word' id='word_1_101' title='bbox 1014 1938 1104 2033; x_wconf 92' lang='lat' dir='ltr'><strong>quod</strong></span> <span class='ocrx_word' id='word_1_102' title='bbox 1128 1937 1279 2010; x_wconf 85' lang='lat' dir='ltr'><strong>lecerunt</strong></span> <span class='ocrx_word' id='word_1_103' title='bbox 1302 1943 1498 2035; x_wconf 80' lang='lat' dir='ltr'><strong>praesertim</strong></span> <span class='ocrx_word' id='word_1_104' title='bbox 1523 1940 1684 2037; x_wconf 77' lang='lat' dir='ltr'><strong>Aegyptii</strong></span> <span class='ocrx_word' id='word_1_105' title='bbox 1708 1965 1769 2038; x_wconf 93' lang='lat' dir='ltr'><strong>per</strong></span> <span class='ocrx_word' id='word_1_106' title='bbox 1794 1942 1849 2014; x_wconf 91' lang='lat' dir='ltr'><strong>illa</strong></span> <span class='ocrx_word' id='word_1_107' title='bbox 1875 1941 1983 2016; x_wconf 84' lang='lat' dir='ltr'><strong>verba</strong></span> <span class='ocrx_word' id='word_1_108' title='bbox 1999 1941 2130 2034; x_wconf 68' lang='lat' dir='ltr'><strong>corpo</strong></span> 
     </span>
     <span class='ocr_line' id='line_1_13' title="bbox 774 2054 2130 2154; baseline -0.002 -24"><span class='ocrx_word' id='word_1_109' title='bbox 774 2063 925 2131; x_wconf 82' lang='lat' dir='ltr'><strong>coactum</strong></span> <span class='ocrx_word' id='word_1_110' title='bbox 950 2062 985 2126; x_wconf 89' lang='lat' dir='ltr'><strong>ct</strong></span> <span class='ocrx_word' id='word_1_111' title='bbox 1008 2060 1147 2151; x_wconf 78' lang='lat' dir='ltr'><strong>conquir</strong></span> <span class='ocrx_word' id='word_1_112' title='bbox 1168 2059 1347 2148; x_wconf 75' lang='lat' dir='ltr'><strong>prectom</strong></span> <span class='ocrx_word' id='word_1_113' title='bbox 1370 2056 1595 2128; x_wconf 62' lang='lat' dir='ltr'><strong>macodo</strong></span> <span class='ocrx_word' id='word_1_114' title='bbox 1627 2059 1697 2129; x_wconf 80' lang='lat' dir='ltr'><strong>Det</strong></span> <span class='ocrx_word' id='word_1_115' title='bbox 1731 2062 1859 2130; x_wconf 76' lang='lat' dir='ltr'><strong>acatn&#39;:</strong></span> <span class='ocrx_word' id='word_1_116' title='bbox 1895 2081 1980 2154; x_wconf 88' lang='lat' dir='ltr'><strong>qnne</strong></span> <span class='ocrx_word' id='word_1_117' title='bbox 2012 2054 2130 2146; x_wconf 86' lang='lat' dir='ltr'><strong>verba,</strong></span> 
     </span>
     <span class='ocr_line' id='line_1_14' title="bbox 772 2169 2129 2269; baseline -0.003 -23"><span class='ocrx_word' id='word_1_118' title='bbox 772 2175 891 2246; x_wconf 90' lang='lat' dir='ltr'><strong>nullius</strong></span> <span class='ocrx_word' id='word_1_119' title='bbox 916 2171 1072 2244; x_wconf 86' lang='lat' dir='ltr'><strong>Doctoris</strong></span> <span class='ocrx_word' id='word_1_120' title='bbox 1098 2181 1155 2244; x_wconf 87' lang='lat' dir='ltr'><strong>ant</strong></span> <span class='ocrx_word' id='word_1_121' title='bbox 1178 2169 1409 2260; x_wconf 81' lang='lat' dir='ltr'><strong>Patr-iarcbae,</strong></span> <span class='ocrx_word' id='word_1_122' title='bbox 1443 2181 1499 2243; x_wconf 92' lang='lat' dir='ltr'><strong>ant</strong></span> <span class='ocrx_word' id='word_1_123' title='bbox 1522 2176 1643 2269; x_wconf 84' lang='lat' dir='ltr'><strong>privati</strong></span> <span class='ocrx_word' id='word_1_124' title='bbox 1668 2176 1902 2269; x_wconf 89' lang='lat' dir='ltr'><strong>cujuscumque</strong></span> <span class='ocrx_word' id='word_1_125' title='bbox 1934 2195 2012 2246; x_wconf 90' lang='lat' dir='ltr'><strong>esse</strong></span> <span class='ocrx_word' id='word_1_126' title='bbox 2042 2193 2129 2243; x_wconf 89' lang='lat' dir='ltr'><strong>cen-</strong></span> 
     </span>
     <span class='ocr_line' id='line_1_15' title="bbox 773 2285 2129 2385; baseline -0.006 -21"><span class='ocrx_word' id='word_1_127' title='bbox 773 2291 877 2364; x_wconf 88' lang='lat' dir='ltr'><strong>senda</strong></span> <span class='ocrx_word' id='word_1_128' title='bbox 903 2297 995 2378; x_wconf 91' lang='lat' dir='ltr'><strong>sunt,</strong></span> <span class='ocrx_word' id='word_1_129' title='bbox 1021 2287 1082 2360; x_wconf 92' lang='lat' dir='ltr'><strong>sed</strong></span> <span class='ocrx_word' id='word_1_130' title='bbox 1105 2309 1179 2359; x_wconf 87' lang='lat' dir='ltr'><strong>vox</strong></span> <span class='ocrx_word' id='word_1_131' title='bbox 1205 2289 1303 2358; x_wconf 89' lang='lat' dir='ltr'><strong>totius</strong></span> <span class='ocrx_word' id='word_1_132' title='bbox 1333 2285 1507 2360; x_wconf 81' lang='lat' dir='ltr'><strong>Ecclesiae</strong></span> <span class='ocrx_word' id='word_1_133' title='bbox 1538 2287 1807 2378; x_wconf 77' lang='lat' dir='ltr'><strong>Alexandrinae,</strong></span> <span class='ocrx_word' id='word_1_134' title='bbox 1841 2313 1927 2385; x_wconf 92' lang='lat' dir='ltr'><strong>quae</strong></span> <span class='ocrx_word' id='word_1_135' title='bbox 1961 2287 2077 2360; x_wconf 85' lang='lat' dir='ltr'><strong>iisdem</strong></span> <span class='ocrx_word' id='word_1_136' title='bbox 2095 2308 2129 2382; x_wconf 70' lang='lat' dir='ltr'><strong>⁴a</strong></span> 
     </span>
     <span class='ocr_line' id='line_1_16' title="bbox 772 2401 2129 2502; baseline -0.004 -22"><span class='ocrx_word' id='word_1_137' title='bbox 772 2407 860 2480; x_wconf 87' lang='lat' dir='ltr'><strong>mille</strong></span> <span class='ocrx_word' id='word_1_138' title='bbox 886 2403 1033 2476; x_wconf 89' lang='lat' dir='ltr'><strong>ducentis</strong></span> <span class='ocrx_word' id='word_1_139' title='bbox 1059 2405 1152 2475; x_wconf 91' lang='lat' dir='ltr'><strong>annis</strong></span> <span class='ocrx_word' id='word_1_140' title='bbox 1177 2405 1285 2474; x_wconf 86' lang='lat' dir='ltr'><strong>utitur.</strong></span> <span class='ocrx_word' id='word_1_141' title='bbox 1336 2402 1477 2474; x_wconf 78' lang='lat' dir='ltr'><strong>Tanarm</strong></span> <span class='ocrx_word' id='word_1_142' title='bbox 1502 2415 1611 2478; x_wconf 91' lang='lat' dir='ltr'><strong>antem</strong></span> <span class='ocrx_word' id='word_1_143' title='bbox 1636 2403 1739 2478; x_wconf 74' lang='lat' dir='ltr'><strong>abluit</strong></span> <span class='ocrx_word' id='word_1_144' title='bbox 1771 2416 1808 2477; x_wconf 91' lang='lat' dir='ltr'><strong>ut</strong></span> <span class='ocrx_word' id='word_1_145' title='bbox 1840 2406 2041 2502; x_wconf 78' lang='lat' dir='ltr'><strong>explicatior</strong></span> <span class='ocrx_word' id='word_1_146' title='bbox 2073 2401 2129 2473; x_wconf 89' lang='lat' dir='ltr'><strong>illa</strong></span> 
     </span>
     <span class='ocr_line' id='line_1_17' title="bbox 772 2519 2129 2618; baseline -0.003 -24"><span class='ocrx_word' id='word_1_147' title='bbox 772 2521 942 2594; x_wconf 81' lang='lat' dir='ltr'><strong>confessio</strong></span> <span class='ocrx_word' id='word_1_148' title='bbox 969 2519 1174 2618; x_wconf 77' lang='lat' dir='ltr'><strong>displiceret,</strong></span> <span class='ocrx_word' id='word_1_149' title='bbox 1199 2530 1237 2592; x_wconf 90' lang='lat' dir='ltr'><strong>ut</strong></span> <span class='ocrx_word' id='word_1_150' title='bbox 1260 2542 1328 2592; x_wconf 94' lang='lat' dir='ltr'><strong>non</strong></span> <span class='ocrx_word' id='word_1_151' title='bbox 1353 2519 1452 2592; x_wconf 92' lang='lat' dir='ltr'><strong>modo</strong></span> <span class='ocrx_word' id='word_1_152' title='bbox 1478 2523 1512 2593; x_wconf 93' lang='lat' dir='ltr'><strong>in</strong></span> <span class='ocrx_word' id='word_1_153' title='bbox 1538 2544 1654 2596; x_wconf 91' lang='lat' dir='ltr'><strong>omnes</strong></span> <span class='ocrx_word' id='word_1_154' title='bbox 1679 2522 1814 2594; x_wconf 90' lang='lat' dir='ltr'><strong>codices</strong></span> <span class='ocrx_word' id='word_1_155' title='bbox 1827 2532 1963 2618; x_wconf 90' lang='lat' dir='ltr'><strong>recepta</strong></span> <span class='ocrx_word' id='word_1_156' title='bbox 1981 2523 2034 2611; x_wconf 87' lang='lat' dir='ltr'><strong>sit,</strong></span> <span class='ocrx_word' id='word_1_157' title='bbox 2059 2541 2129 2592; x_wconf 85' lang='lat' dir='ltr'><strong>ve-</strong></span> 
     </span>
     <span class='ocr_line' id='line_1_18' title="bbox 771 2635 2128 2733; baseline -0.004 -22"><span class='ocrx_word' id='word_1_158' title='bbox 771 2661 843 2711; x_wconf 93' lang='lat' dir='ltr'><strong>rum</strong></span> <span class='ocrx_word' id='word_1_159' title='bbox 869 2640 967 2710; x_wconf 90' lang='lat' dir='ltr'><strong>etiam</strong></span> <span class='ocrx_word' id='word_1_160' title='bbox 993 2647 1107 2726; x_wconf 90' lang='lat' dir='ltr'><strong>aucta,</strong></span> <span class='ocrx_word' id='word_1_161' title='bbox 1134 2635 1210 2708; x_wconf 94' lang='lat' dir='ltr'><strong>dum</strong></span> <span class='ocrx_word' id='word_1_162' title='bbox 1236 2635 1415 2727; x_wconf 89' lang='lat' dir='ltr'><strong>sacerdos,</strong></span> <span class='ocrx_word' id='word_1_163' title='bbox 1446 2647 1481 2709; x_wconf 89' lang='lat' dir='ltr'><strong>et</strong></span> <span class='ocrx_word' id='word_1_164' title='bbox 1512 2641 1774 2710; x_wconf 91' lang='lat' dir='ltr'><strong>communionem</strong></span> <span class='ocrx_word' id='word_1_165' title='bbox 1807 2640 2007 2733; x_wconf 87' lang='lat' dir='ltr'><strong>accipientes</strong></span> <span class='ocrx_word' id='word_1_166' title='bbox 2039 2657 2128 2707; x_wconf 90' lang='lat' dir='ltr'><strong>con-</strong></span> 
     </span>
     <span class='ocr_line' id='line_1_19' title="bbox 769 2749 2128 2849; baseline -0.003 -23"><span class='ocrx_word' id='word_1_167' title='bbox 769 2755 918 2842; x_wconf 86' lang='lat' dir='ltr'><strong>fitentur,</strong></span> <span class='ocrx_word' id='word_1_168' title='bbox 945 2753 1083 2826; x_wconf 90' lang='lat' dir='ltr'><strong>credere</strong></span> <span class='ocrx_word' id='word_1_169' title='bbox 1109 2776 1167 2842; x_wconf 92' lang='lat' dir='ltr'><strong>se,</strong></span> <span class='ocrx_word' id='word_1_170' title='bbox 1193 2751 1227 2825; x_wconf 92' lang='lat' dir='ltr'><strong>id</strong></span> <span class='ocrx_word' id='word_1_171' title='bbox 1253 2751 1342 2847; x_wconf 94' lang='lat' dir='ltr'><strong>quod</strong></span> <span class='ocrx_word' id='word_1_172' title='bbox 1365 2755 1400 2822; x_wconf 96' lang='lat' dir='ltr'><strong>in</strong></span> <span class='ocrx_word' id='word_1_173' title='bbox 1425 2750 1517 2826; x_wconf 87' lang='lat' dir='ltr'><strong>disco</strong></span> <span class='ocrx_word' id='word_1_174' title='bbox 1544 2753 1888 2849; x_wconf 63' lang='lat' dir='ltr'><strong>decorassemus</strong></span> <span class='ocrx_word' id='word_1_175' title='bbox 1908 2751 2040 2842; x_wconf 80' lang='lat' dir='ltr'><strong>Chr-isti,</strong></span> <span class='ocrx_word' id='word_1_176' title='bbox 2067 2749 2128 2824; x_wconf 91' lang='lat' dir='ltr'><strong>sed</strong></span> 
     </span>
     <span class='ocr_line' id='line_1_20' title="bbox 451 2865 2127 2966; baseline 0.001 -27"><span class='ocrx_word' id='word_1_177' title='bbox 451 2865 526 2939; x_wconf 61' lang='lat' dir='ltr'><strong>Pur·</strong></span> <span class='ocrx_word' id='word_1_178' title='bbox 539 2870 628 2930; x_wconf 67' lang='lat' dir='ltr'><strong>Mt</strong></span> <span class='ocrx_word' id='word_1_179' title='bbox 641 2879 668 2933; x_wconf 82' lang='lat'><strong>3·</strong></span> <span class='ocrx_word' id='word_1_180' title='bbox 681 2881 738 2931; x_wconf 58' lang='lat'><strong>02·</strong></span> <span class='ocrx_word' id='word_1_181' title='bbox 769 2871 893 2944; x_wconf 90' lang='lat' dir='ltr'><strong>addunt</strong></span> <span class='ocrx_word' id='word_1_182' title='bbox 917 2870 995 2943; x_wconf 91' lang='lat' dir='ltr'><strong>illud</strong></span> <span class='ocrx_word' id='word_1_183' title='bbox 1021 2892 1099 2943; x_wconf 91' lang='lat' dir='ltr'><strong>esse</strong></span> <span class='ocrx_word' id='word_1_184' title='bbox 1116 2873 1223 2966; x_wconf 90' lang='lat' dir='ltr'><strong>ipsum</strong></span> <span class='ocrx_word' id='word_1_185' title='bbox 1249 2869 1337 2963; x_wconf 92' lang='lat' dir='ltr'><strong>quod</strong></span> <span class='ocrx_word' id='word_1_186' title='bbox 1363 2871 1492 2964; x_wconf 89' lang='lat' dir='ltr'><strong>accepit</strong></span> <span class='ocrx_word' id='word_1_187' title='bbox 1509 2892 1556 2941; x_wconf 89' lang='lat' dir='ltr'><strong>ex</strong></span> <span class='ocrx_word' id='word_1_188' title='bbox 1567 2869 1673 2942; x_wconf 88' lang='lat' dir='ltr'><strong>blaria</strong></span> <span class='ocrx_word' id='word_1_189' title='bbox 1691 2869 1843 2962; x_wconf 83' lang='lat' dir='ltr'><strong>Virgine,</strong></span> <span class='ocrx_word' id='word_1_190' title='bbox 1868 2873 1903 2941; x_wconf 89' lang='lat' dir='ltr'><strong>in</strong></span> <span class='ocrx_word' id='word_1_191' title='bbox 1921 2892 1986 2965; x_wconf 91' lang='lat' dir='ltr'><strong>quo</strong></span> <span class='ocrx_word' id='word_1_192' title='bbox 2007 2887 2127 2964; x_wconf 88' lang='lat' dir='ltr'><strong>passus</strong></span> 
     </span>
     <span class='ocr_line' id='line_1_21' title="bbox 769 2983 2126 3082; baseline -0.002 -23"><span class='ocrx_word' id='word_1_193' title='bbox 769 2998 840 3074; x_wconf 87' lang='lat' dir='ltr'><strong>est,</strong></span> <span class='ocrx_word' id='word_1_194' title='bbox 866 2990 1069 3076; x_wconf 87' lang='lat' dir='ltr'><strong>resurrexit,</strong></span> <span class='ocrx_word' id='word_1_195' title='bbox 1096 2997 1129 3057; x_wconf 90' lang='lat' dir='ltr'><strong>et</strong></span> <span class='ocrx_word' id='word_1_196' title='bbox 1155 2984 1198 3056; x_wconf 88' lang='lat' dir='ltr'><strong>ad</strong></span> <span class='ocrx_word' id='word_1_197' title='bbox 1223 2983 1340 3056; x_wconf 92' lang='lat' dir='ltr'><strong>coelos</strong></span> <span class='ocrx_word' id='word_1_198' title='bbox 1367 2984 1535 3077; x_wconf 90' lang='lat' dir='ltr'><strong>ascendit,</strong></span> <span class='ocrx_word' id='word_1_199' title='bbox 1562 3009 1583 3057; x_wconf 91' lang='lat' dir='ltr'><strong>a</strong></span> <span class='ocrx_word' id='word_1_200' title='bbox 1614 3009 1679 3082; x_wconf 92' lang='lat' dir='ltr'><strong>quo</strong></span> <span class='ocrx_word' id='word_1_201' title='bbox 1707 2984 1859 3058; x_wconf 73' lang='lat' dir='ltr'><strong>divimtm</strong></span> <span class='ocrx_word' id='word_1_202' title='bbox 1892 3007 1935 3057; x_wconf 91' lang='lat' dir='ltr'><strong>ne</strong></span> <span class='ocrx_word' id='word_1_203' title='bbox 1960 2994 2126 3057; x_wconf 90' lang='lat' dir='ltr'><strong>momento</strong></span> 
     </span>
     <span class='ocr_line' id='line_1_22' title="bbox 769 3098 2127 3199; baseline -0.003 -23"><span class='ocrx_word' id='word_1_204' title='bbox 769 3104 900 3198; x_wconf 91' lang='lat' dir='ltr'><strong>quidem</strong></span> <span class='ocrx_word' id='word_1_205' title='bbox 926 3113 1081 3199; x_wconf 86' lang='lat' dir='ltr'><strong>separata</strong></span> <span class='ocrx_word' id='word_1_206' title='bbox 1106 3104 1158 3176; x_wconf 87' lang='lat' dir='ltr'><strong>sit</strong></span> <span class='ocrx_word' id='word_1_207' title='bbox 1209 3098 1282 3174; x_wconf 84' lang='lat' dir='ltr'><strong>Etsi</strong></span> <span class='ocrx_word' id='word_1_208' title='bbox 1306 3121 1391 3174; x_wconf 88' lang='lat' dir='ltr'><strong>vero</strong></span> <span class='ocrx_word' id='word_1_209' title='bbox 1417 3122 1484 3174; x_wconf 92' lang='lat' dir='ltr'><strong>nou</strong></span> <span class='ocrx_word' id='word_1_210' title='bbox 1500 3101 1616 3174; x_wconf 87' lang='lat' dir='ltr'><strong>iisdem</strong></span> <span class='ocrx_word' id='word_1_211' title='bbox 1629 3102 1758 3192; x_wconf 87' lang='lat' dir='ltr'><strong>verbis,</strong></span> <span class='ocrx_word' id='word_1_212' title='bbox 1783 3110 1819 3173; x_wconf 87' lang='lat' dir='ltr'><strong>at</strong></span> <span class='ocrx_word' id='word_1_213' title='bbox 1834 3103 1996 3174; x_wconf 89' lang='lat' dir='ltr'><strong>sententia</strong></span> <span class='ocrx_word' id='word_1_214' title='bbox 2009 3099 2127 3172; x_wconf 89' lang='lat' dir='ltr'><strong>eadem</strong></span> 
     </span>
     <span class='ocr_line' id='line_1_23' title="bbox 769 3215 2126 3315; baseline -0.003 -24"><span class='ocrx_word' id='word_1_215' title='bbox 769 3217 889 3291; x_wconf 76' lang='lat' dir='ltr'><strong>Graeci</strong></span> <span class='ocrx_word' id='word_1_216' title='bbox 915 3219 1053 3292; x_wconf 85' lang='lat' dir='ltr'><strong>similem</strong></span> <span class='ocrx_word' id='word_1_217' title='bbox 1078 3215 1324 3291; x_wconf 79' lang='lat' dir='ltr'><strong>confessionem</strong></span> <span class='ocrx_word' id='word_1_218' title='bbox 1353 3219 1580 3313; x_wconf 87' lang='lat' dir='ltr'><strong>pronuntiant,</strong></span> <span class='ocrx_word' id='word_1_219' title='bbox 1612 3216 1712 3315; x_wconf 90' lang='lat' dir='ltr'><strong>paulo</strong></span> <span class='ocrx_word' id='word_1_220' title='bbox 1745 3228 1821 3290; x_wconf 89' lang='lat' dir='ltr'><strong>ante</strong></span> <span class='ocrx_word' id='word_1_221' title='bbox 1852 3219 2126 3307; x_wconf 89' lang='lat' dir='ltr'><strong>communionem,</strong></span> 
     </span>
     <span class='ocr_line' id='line_1_24' title="bbox 766 3331 2125 3431; baseline -0.002 -25"><span class='ocrx_word' id='word_1_222' title='bbox 766 3344 803 3406; x_wconf 88' lang='lat' dir='ltr'><strong>nt</strong></span> <span class='ocrx_word' id='word_1_223' title='bbox 828 3335 908 3431; x_wconf 81' lang='lat' dir='ltr'><strong>Syri</strong></span> <span class='ocrx_word' id='word_1_224' title='bbox 934 3343 968 3408; x_wconf 90' lang='lat' dir='ltr'><strong>ct</strong></span> <span class='ocrx_word' id='word_1_225' title='bbox 993 3356 1109 3410; x_wconf 90' lang='lat' dir='ltr'><strong>omnes</strong></span> <span class='ocrx_word' id='word_1_226' title='bbox 1135 3331 1284 3406; x_wconf 87' lang='lat' dir='ltr'><strong>tandem:</strong></span> <span class='ocrx_word' id='word_1_227' title='bbox 1311 3331 1540 3428; x_wconf 72' lang='lat' dir='ltr'><strong>Christumque</strong></span> <span class='ocrx_word' id='word_1_228' title='bbox 1566 3337 1661 3428; x_wconf 91' lang='lat' dir='ltr'><strong>quasi</strong></span> <span class='ocrx_word' id='word_1_229' title='bbox 1681 3344 1890 3431; x_wconf 89' lang='lat' dir='ltr'><strong>praesentem</strong></span> <span class='ocrx_word' id='word_1_230' title='bbox 1907 3333 2125 3427; x_wconf 80' lang='lat' dir='ltr'><strong>alloquuntur,</strong></span> 
     </span>
     <span class='ocr_line' id='line_1_25' title="bbox 767 3447 2124 3547; baseline -0.001 -25"><span class='ocrx_word' id='word_1_231' title='bbox 767 3461 802 3522; x_wconf 93' lang='lat' dir='ltr'><strong>et</strong></span> <span class='ocrx_word' id='word_1_232' title='bbox 828 3451 870 3524; x_wconf 91' lang='lat' dir='ltr'><strong>ad</strong></span> <span class='ocrx_word' id='word_1_233' title='bbox 896 3473 971 3524; x_wconf 90' lang='lat' dir='ltr'><strong>eum</strong></span> <span class='ocrx_word' id='word_1_234' title='bbox 996 3473 1116 3547; x_wconf 88' lang='lat' dir='ltr'><strong>preces</strong></span> <span class='ocrx_word' id='word_1_235' title='bbox 1142 3449 1294 3543; x_wconf 81' lang='lat' dir='ltr'><strong>dirigunt</strong></span> <span class='ocrx_word' id='word_1_236' title='bbox 1345 3448 1419 3522; x_wconf 89' lang='lat' dir='ltr'><strong>Nec</strong></span> <span class='ocrx_word' id='word_1_237' title='bbox 1443 3451 1550 3522; x_wconf 89' lang='lat' dir='ltr'><strong>minus</strong></span> <span class='ocrx_word' id='word_1_238' title='bbox 1574 3455 1750 3547; x_wconf 88' lang='lat' dir='ltr'><strong>perspicua</strong></span> <span class='ocrx_word' id='word_1_239' title='bbox 1775 3459 1851 3524; x_wconf 88' lang='lat' dir='ltr'><strong>sunt</strong></span> <span class='ocrx_word' id='word_1_240' title='bbox 1872 3452 2010 3544; x_wconf 90' lang='lat' dir='ltr'><strong>quaein</strong></span> <span class='ocrx_word' id='word_1_241' title='bbox 2032 3447 2124 3521; x_wconf 90' lang='lat' dir='ltr'><strong>Ora-</strong></span> 
     </span>
     <span class='ocr_line' id='line_1_26' title="bbox 766 3565 1975 3664; baseline -0.002 -27"><span class='ocrx_word' id='word_1_242' title='bbox 766 3565 908 3640; x_wconf 82' lang='lat' dir='ltr'><strong>tionibus</strong></span> <span class='ocrx_word' id='word_1_243' title='bbox 934 3571 1115 3660; x_wconf 81' lang='lat' dir='ltr'><strong>gratiarnm</strong></span> <span class='ocrx_word' id='word_1_244' title='bbox 1140 3568 1278 3639; x_wconf 88' lang='lat' dir='ltr'><strong>actionis</strong></span> <span class='ocrx_word' id='word_1_245' title='bbox 1304 3575 1480 3638; x_wconf 86' lang='lat' dir='ltr'><strong>occmrnnt</strong></span> <span class='ocrx_word' id='word_1_246' title='bbox 1505 3565 1652 3664; x_wconf 85' lang='lat' dir='ltr'><strong>ejusdem</strong></span> <span class='ocrx_word' id='word_1_247' title='bbox 1678 3565 1755 3639; x_wconf 85' lang='lat' dir='ltr'><strong>idei</strong></span> <span class='ocrx_word' id='word_1_248' title='bbox 1779 3568 1975 3638; x_wconf 90' lang='lat' dir='ltr'><strong>testimonia.</strong></span> 
     </span>
     <span class='ocr_line' id='line_1_27' title="bbox 462 3678 2123 3778; baseline -0.003 -22"><span class='ocrx_word' id='word_1_249' title='bbox 462 3703 753 3760; x_wconf 61' lang='lat' dir='ltr'><strong>conmonuemus·</strong></span> <span class='ocrx_word' id='word_1_250' title='bbox 869 3681 953 3756; x_wconf 83' lang='lat' dir='ltr'><strong>Cum</strong></span> <span class='ocrx_word' id='word_1_251' title='bbox 978 3687 1078 3777; x_wconf 84' lang='lat' dir='ltr'><strong>igitur</strong></span> <span class='ocrx_word' id='word_1_252' title='bbox 1102 3681 1233 3756; x_wconf 91' lang='lat' dir='ltr'><strong>illorum</strong></span> <span class='ocrx_word' id='word_1_253' title='bbox 1258 3684 1431 3754; x_wconf 88' lang='lat' dir='ltr'><strong>autoritate</strong></span> <span class='ocrx_word' id='word_1_254' title='bbox 1458 3680 1617 3755; x_wconf 83' lang='lat' dir='ltr'><strong>Catholici</strong></span> <span class='ocrx_word' id='word_1_255' title='bbox 1642 3682 1799 3778; x_wconf 83' lang='lat' dir='ltr'><strong>probant,</strong></span> <span class='ocrx_word' id='word_1_256' title='bbox 1826 3702 1888 3754; x_wconf 86' lang='lat' dir='ltr'><strong>eos</strong></span> <span class='ocrx_word' id='word_1_257' title='bbox 1918 3680 1960 3752; x_wconf 94' lang='lat' dir='ltr'><strong>de</strong></span> <span class='ocrx_word' id='word_1_258' title='bbox 1985 3678 2123 3752; x_wconf 86' lang='lat' dir='ltr'><strong>Eucba-</strong></span> 
     </span>
     <span class='ocr_line' id='line_1_28' title="bbox 445 3791 2122 3894; baseline 0.004 -33"><span class='ocrx_word' id='word_1_259' title='bbox 445 3793 560 3890; x_wconf 54' lang='lat' dir='ltr'><strong>argina</strong></span> <span class='ocrx_word' id='word_1_260' title='bbox 581 3791 878 3871; x_wconf 71' lang='lat' dir='ltr'><strong>Eccle⁸i⁸r¹¹¹¹¹ristiae</strong></span> <span class='ocrx_word' id='word_1_261' title='bbox 904 3810 1111 3874; x_wconf 87' lang='lat' dir='ltr'><strong>sacramento</strong></span> <span class='ocrx_word' id='word_1_262' title='bbox 1137 3799 1295 3889; x_wconf 90' lang='lat' dir='ltr'><strong>credere,</strong></span> <span class='ocrx_word' id='word_1_263' title='bbox 1321 3797 1355 3869; x_wconf 93' lang='lat' dir='ltr'><strong>id</strong></span> <span class='ocrx_word' id='word_1_264' title='bbox 1380 3796 1469 3894; x_wconf 92' lang='lat' dir='ltr'><strong>quod</strong></span> <span class='ocrx_word' id='word_1_265' title='bbox 1493 3796 1692 3870; x_wconf 87' lang='lat' dir='ltr'><strong>inEccleein</strong></span> <span class='ocrx_word' id='word_1_266' title='bbox 1708 3799 1860 3870; x_wconf 87' lang='lat' dir='ltr'><strong>Romana</strong></span> <span class='ocrx_word' id='word_1_267' title='bbox 1876 3795 2029 3885; x_wconf 79' lang='lat' dir='ltr'><strong>credimr,</strong></span> <span class='ocrx_word' id='word_1_268' title='bbox 2055 3818 2122 3869; x_wconf 91' lang='lat' dir='ltr'><strong>non</strong></span> 
     </span>
     <span class='ocr_line' id='line_1_29' title="bbox 445 3877 2122 4017; baseline -0.001 -30"><span class='ocrx_word' id='word_1_269' title='bbox 445 3877 693 4017; x_wconf 47' lang='lat' dir='ltr'><strong>qqqqqqqqunaar</strong></span> <span class='ocrx_word' id='word_1_270' title='bbox 710 3888 944 4010; x_wconf 71' lang='lat' dir='ltr'><strong>⁸²&#39;paucomm</strong></span> <span class='ocrx_word' id='word_1_271' title='bbox 969 3915 1151 4006; x_wconf 91' lang='lat' dir='ltr'><strong>bominum,</strong></span> <span class='ocrx_word' id='word_1_272' title='bbox 1177 3926 1234 3987; x_wconf 88' lang='lat' dir='ltr'><strong>aut</strong></span> <span class='ocrx_word' id='word_1_273' title='bbox 1258 3937 1375 3986; x_wconf 89' lang='lat' dir='ltr'><strong>eomm</strong></span> <span class='ocrx_word' id='word_1_274' title='bbox 1400 3916 1455 4009; x_wconf 92' lang='lat' dir='ltr'><strong>qui</strong></span> <span class='ocrx_word' id='word_1_275' title='bbox 1480 3935 1599 4009; x_wconf 89' lang='lat' dir='ltr'><strong>preces</strong></span> <span class='ocrx_word' id='word_1_276' title='bbox 1630 3913 1875 3988; x_wconf 86' lang='lat' dir='ltr'><strong>Eucharisticas</strong></span> <span class='ocrx_word' id='word_1_277' title='bbox 1908 3915 1943 3984; x_wconf 94' lang='lat' dir='ltr'><strong>in</strong></span> <span class='ocrx_word' id='word_1_278' title='bbox 1975 3911 2122 3986; x_wconf 93' lang='lat' dir='ltr'><strong>ordinem</strong></span> 
     </span>
     <span class='ocr_line' id='line_1_30' title="bbox 764 4029 2121 4126; baseline -0.003 -23"><span class='ocrx_word' id='word_1_279' title='bbox 764 4031 982 4126; x_wconf 84' lang='lat' dir='ltr'><strong>redegerunt,</strong></span> <span class='ocrx_word' id='word_1_280' title='bbox 1024 4033 1084 4104; x_wconf 90' lang='lat' dir='ltr'><strong>sed</strong></span> <span class='ocrx_word' id='word_1_281' title='bbox 1128 4035 1227 4105; x_wconf 87' lang='lat' dir='ltr'><strong>totins</strong></span> <span class='ocrx_word' id='word_1_282' title='bbox 1265 4029 1407 4105; x_wconf 88' lang='lat' dir='ltr'><strong>Orientis</strong></span> <span class='ocrx_word' id='word_1_283' title='bbox 1444 4029 1620 4104; x_wconf 85' lang='lat' dir='ltr'><strong>Christiani</strong></span> <span class='ocrx_word' id='word_1_284' title='bbox 1658 4033 1851 4103; x_wconf 90' lang='lat' dir='ltr'><strong>testimoniis</strong></span> <span class='ocrx_word' id='word_1_285' title='bbox 1887 4031 1999 4102; x_wconf 92' lang='lat' dir='ltr'><strong>muniti</strong></span> <span class='ocrx_word' id='word_1_286' title='bbox 2038 4039 2121 4100; x_wconf 82' lang='lat' dir='ltr'><strong>sunt</strong></span> 
     </span>
     <span class='ocr_line' id='line_1_31' title="bbox 764 4145 2121 4244; baseline -0.004 -23"><span class='ocrx_word' id='word_1_287' title='bbox 764 4148 930 4239; x_wconf 89' lang='lat' dir='ltr'><strong>Objicinnt</strong></span> <span class='ocrx_word' id='word_1_288' title='bbox 964 4148 1189 4221; x_wconf 87' lang='lat' dir='ltr'><strong>Protestnntes</strong></span> <span class='ocrx_word' id='word_1_289' title='bbox 1231 4145 1389 4244; x_wconf 90' lang='lat' dir='ltr'><strong>puerilem</strong></span> <span class='ocrx_word' id='word_1_290' title='bbox 1422 4169 1517 4222; x_wconf 91' lang='lat' dir='ltr'><strong>suam</strong></span> <span class='ocrx_word' id='word_1_291' title='bbox 1558 4146 1721 4220; x_wconf 89' lang='lat' dir='ltr'><strong>adversus</strong></span> <span class='ocrx_word' id='word_1_292' title='bbox 1759 4146 1926 4238; x_wconf 86' lang='lat' dir='ltr'><strong>Liturgias</strong></span> <span class='ocrx_word' id='word_1_293' title='bbox 1958 4147 2121 4232; x_wconf 88' lang='lat' dir='ltr'><strong>naeniam,</strong></span> 
     </span>
     <span class='ocr_line' id='line_1_32' title="bbox 763 4259 2120 4360; baseline -0.004 -23"><span class='ocrx_word' id='word_1_294' title='bbox 763 4263 852 4360; x_wconf 91' lang='lat' dir='ltr'><strong>quod</strong></span> <span class='ocrx_word' id='word_1_295' title='bbox 877 4263 970 4339; x_wconf 83' lang='lat' dir='ltr'><strong>falsis</strong></span> <span class='ocrx_word' id='word_1_296' title='bbox 996 4263 1096 4336; x_wconf 86' lang='lat' dir='ltr'><strong>titulis</strong></span> <span class='ocrx_word' id='word_1_297' title='bbox 1122 4263 1409 4354; x_wconf 88' lang='lat' dir='ltr'><strong>commendentur,</strong></span> <span class='ocrx_word' id='word_1_298' title='bbox 1436 4261 1525 4359; x_wconf 91' lang='lat' dir='ltr'><strong>quod</strong></span> <span class='ocrx_word' id='word_1_299' title='bbox 1545 4262 1764 4360; x_wconf 89' lang='lat' dir='ltr'><strong>interpolatae</strong></span> <span class='ocrx_word' id='word_1_300' title='bbox 1782 4265 1864 4350; x_wconf 87' lang='lat' dir='ltr'><strong>sint,</strong></span> <span class='ocrx_word' id='word_1_301' title='bbox 1892 4259 1981 4357; x_wconf 90' lang='lat' dir='ltr'><strong>quod</strong></span> <span class='ocrx_word' id='word_1_302' title='bbox 1994 4281 2120 4332; x_wconf 89' lang='lat' dir='ltr'><strong>recen-</strong></span> 
     </span>
     <span class='ocr_line' id='line_1_33' title="bbox 760 4378 2121 4476; baseline -0.003 -24"><span class='ocrx_word' id='word_1_303' title='bbox 760 4391 822 4456; x_wconf 88' lang='lat' dir='ltr'><strong>tes.</strong></span> <span class='ocrx_word' id='word_1_304' title='bbox 874 4383 922 4454; x_wconf 77' lang='lat' dir='ltr'><strong>m</strong></span> <span class='ocrx_word' id='word_1_305' title='bbox 947 4403 1033 4476; x_wconf 85' lang='lat' dir='ltr'><strong>quae</strong></span> <span class='ocrx_word' id='word_1_306' title='bbox 1059 4378 1190 4453; x_wconf 88' lang='lat' dir='ltr'><strong>tandem</strong></span> <span class='ocrx_word' id='word_1_307' title='bbox 1215 4382 1386 4476; x_wconf 87' lang='lat' dir='ltr'><strong>protervia</strong></span> <span class='ocrx_word' id='word_1_308' title='bbox 1401 4389 1465 4469; x_wconf 79' lang='lat' dir='ltr'><strong>est,</strong></span> <span class='ocrx_word' id='word_1_309' title='bbox 1490 4380 1631 4471; x_wconf 87' lang='lat' dir='ltr'><strong>rejicere</strong></span> <span class='ocrx_word' id='word_1_310' title='bbox 1643 4378 1746 4453; x_wconf 84' lang='lat' dir='ltr'><strong>veluti</strong></span> <span class='ocrx_word' id='word_1_311' title='bbox 1768 4400 1834 4450; x_wconf 91' lang='lat' dir='ltr'><strong>non</strong></span> <span class='ocrx_word' id='word_1_312' title='bbox 1848 4381 1931 4452; x_wconf 88' lang='lat' dir='ltr'><strong>satis</strong></span> <span class='ocrx_word' id='word_1_313' title='bbox 1958 4379 2121 4470; x_wconf 80' lang='lat' dir='ltr'><strong>conquas,</strong></span> 
     </span>
     <span class='ocr_line' id='line_1_34' title="bbox 760 4491 2119 4593; baseline -0.006 -23"><span class='ocrx_word' id='word_1_314' title='bbox 760 4520 898 4593; x_wconf 86' lang='lat' dir='ltr'><strong>quarmn</strong></span> <span class='ocrx_word' id='word_1_315' title='bbox 913 4496 1080 4570; x_wconf 82' lang='lat' dir='ltr'><strong>nudatam</strong></span> <span class='ocrx_word' id='word_1_316' title='bbox 1094 4519 1213 4570; x_wconf 81' lang='lat' dir='ltr'><strong>recem</strong></span> <span class='ocrx_word' id='word_1_317' title='bbox 1230 4504 1293 4586; x_wconf 85' lang='lat' dir='ltr'><strong>est,</strong></span> <span class='ocrx_word' id='word_1_318' title='bbox 1312 4517 1398 4590; x_wconf 90' lang='lat' dir='ltr'><strong>quae</strong></span> <span class='ocrx_word' id='word_1_319' title='bbox 1412 4517 1480 4568; x_wconf 91' lang='lat' dir='ltr'><strong>non</strong></span> <span class='ocrx_word' id='word_1_320' title='bbox 1491 4493 1599 4568; x_wconf 89' lang='lat' dir='ltr'><strong>multis</strong></span> <span class='ocrx_word' id='word_1_321' title='bbox 1613 4494 1757 4570; x_wconf 87' lang='lat' dir='ltr'><strong>saeculis</strong></span> <span class='ocrx_word' id='word_1_322' title='bbox 1771 4498 1934 4566; x_wconf 77' lang='lat' dir='ltr'><strong>venustior</strong></span> <span class='ocrx_word' id='word_1_323' title='bbox 1948 4496 1990 4568; x_wconf 89' lang='lat' dir='ltr'><strong>sit</strong></span> <span class='ocrx_word' id='word_1_324' title='bbox 2007 4491 2119 4563; x_wconf 92' lang='lat' dir='ltr'><strong>omni-</strong></span> 
     </span>
     <span class='ocr_line' id='line_1_35' title="bbox 758 4607 2119 4706; baseline -0.005 -19"><span class='ocrx_word' id='word_1_325' title='bbox 758 4614 821 4688; x_wconf 92' lang='lat' dir='ltr'><strong>bus</strong></span> <span class='ocrx_word' id='word_1_326' title='bbox 849 4612 987 4687; x_wconf 74' lang='lat' dir='ltr'><strong>cqcnac</strong></span> <span class='ocrx_word' id='word_1_327' title='bbox 1013 4613 1233 4686; x_wconf 89' lang='lat' dir='ltr'><strong>celebrandae</strong></span> <span class='ocrx_word' id='word_1_328' title='bbox 1258 4611 1432 4686; x_wconf 83' lang='lat' dir='ltr'><strong>formulis?</strong></span> <span class='ocrx_word' id='word_1_329' title='bbox 1457 4610 1608 4686; x_wconf 90' lang='lat' dir='ltr'><strong>Licuisse</strong></span> <span class='ocrx_word' id='word_1_330' title='bbox 1634 4610 1750 4684; x_wconf 87' lang='lat' dir='ltr'><strong>volunt</strong></span> <span class='ocrx_word' id='word_1_331' title='bbox 1764 4607 1950 4684; x_wconf 90' lang='lat' dir='ltr'><strong>bominibus</strong></span> <span class='ocrx_word' id='word_1_332' title='bbox 1967 4609 2119 4706; x_wconf 82' lang='lat' dir='ltr'><strong>privatis,</strong></span> 
     </span>
     <span class='ocr_line' id='line_1_36' title="bbox 758 4725 2118 4824; baseline -0.006 -22"><span class='ocrx_word' id='word_1_333' title='bbox 758 4742 874 4804; x_wconf 85' lang='lat' dir='ltr'><strong>contra</strong></span> <span class='ocrx_word' id='word_1_334' title='bbox 900 4729 995 4824; x_wconf 84' lang='lat' dir='ltr'><strong>leges</strong></span> <span class='ocrx_word' id='word_1_335' title='bbox 1022 4751 1138 4804; x_wconf 89' lang='lat' dir='ltr'><strong>omnes</strong></span> <span class='ocrx_word' id='word_1_336' title='bbox 1151 4727 1419 4820; x_wconf 87' lang='lat' dir='ltr'><strong>Ecclesiasticas,</strong></span> <span class='ocrx_word' id='word_1_337' title='bbox 1445 4726 1598 4822; x_wconf 93' lang='lat' dir='ltr'><strong>milleque</strong></span> <span class='ocrx_word' id='word_1_338' title='bbox 1624 4737 1658 4801; x_wconf 91' lang='lat' dir='ltr'><strong>et</strong></span> <span class='ocrx_word' id='word_1_339' title='bbox 1672 4726 1887 4800; x_wconf 85' lang='lat' dir='ltr'><strong>ducentorum</strong></span> <span class='ocrx_word' id='word_1_340' title='bbox 1899 4725 2038 4823; x_wconf 85' lang='lat' dir='ltr'><strong>ampbns</strong></span> <span class='ocrx_word' id='word_1_341' title='bbox 2050 4743 2118 4794; x_wconf 86' lang='lat' dir='ltr'><strong>an·</strong></span> 
     </span>
     <span class='ocr_line' id='line_1_37' title="bbox 758 4843 2118 4938; baseline -0.006 -20"><span class='ocrx_word' id='word_1_342' title='bbox 758 4868 875 4919; x_wconf 87' lang='lat' dir='ltr'><strong>norum</strong></span> <span class='ocrx_word' id='word_1_343' title='bbox 888 4844 1169 4938; x_wconf 85' lang='lat' dir='ltr'><strong>consuetudinem,</strong></span> <span class='ocrx_word' id='word_1_344' title='bbox 1193 4844 1267 4920; x_wconf 89' lang='lat' dir='ltr'><strong>illas</strong></span> <span class='ocrx_word' id='word_1_345' title='bbox 1282 4843 1410 4938; x_wconf 82' lang='lat' dir='ltr'><strong>fingere</strong></span> <span class='ocrx_word' id='word_1_346' title='bbox 1436 4855 1471 4916; x_wconf 93' lang='lat' dir='ltr'><strong>et</strong></span> <span class='ocrx_word' id='word_1_347' title='bbox 1488 4843 1672 4937; x_wconf 82' lang='lat' dir='ltr'><strong>refingere,</strong></span> <span class='ocrx_word' id='word_1_348' title='bbox 1697 4847 1742 4916; x_wconf 87' lang='lat' dir='ltr'><strong>ita</strong></span> <span class='ocrx_word' id='word_1_349' title='bbox 1769 4854 1804 4916; x_wconf 92' lang='lat' dir='ltr'><strong>nt</strong></span> <span class='ocrx_word' id='word_1_350' title='bbox 1819 4846 1963 4915; x_wconf 87' lang='lat' dir='ltr'><strong>maxima</strong></span> <span class='ocrx_word' id='word_1_351' title='bbox 1978 4843 2118 4916; x_wconf 90' lang='lat' dir='ltr'><strong>sitiuter</strong></span> 
     </span>
     <span class='ocr_line' id='line_1_38' title="bbox 758 4956 2116 5055; baseline -0.007 -19"><span class='ocrx_word' id='word_1_352' title='bbox 758 4984 873 5036; x_wconf 89' lang='lat' dir='ltr'><strong>omnes</strong></span> <span class='ocrx_word' id='word_1_353' title='bbox 900 4961 1096 5052; x_wconf 87' lang='lat' dir='ltr'><strong>diversitas,</strong></span> <span class='ocrx_word' id='word_1_354' title='bbox 1123 4972 1158 5034; x_wconf 87' lang='lat' dir='ltr'><strong>et</strong></span> <span class='ocrx_word' id='word_1_355' title='bbox 1183 4959 1406 5035; x_wconf 86' lang='lat' dir='ltr'><strong>Orientalibus</strong></span> <span class='ocrx_word' id='word_1_356' title='bbox 1420 4957 1614 5034; x_wconf 82' lang='lat' dir='ltr'><strong>Christianis</strong></span> <span class='ocrx_word' id='word_1_357' title='bbox 1639 4983 1707 5033; x_wconf 93' lang='lat' dir='ltr'><strong>nou</strong></span> <span class='ocrx_word' id='word_1_358' title='bbox 1731 4959 1825 5055; x_wconf 87' lang='lat' dir='ltr'><strong>liquit</strong></span> <span class='ocrx_word' id='word_1_359' title='bbox 1842 4979 1963 5055; x_wconf 90' lang='lat' dir='ltr'><strong>preces</strong></span> <span class='ocrx_word' id='word_1_360' title='bbox 1978 4956 2116 5050; x_wconf 89' lang='lat' dir='ltr'><strong>aliquas,</strong></span> 
     </span>
    </p>
   </div>
   <div class='ocr_carea' id='block_1_3' title="bbox 756 5071 2135 5177">
    <p class='ocr_par' dir='ltr' id='par_1_3' title="bbox 756 5071 2135 5177">
     <span class='ocr_line' id='line_1_39' title="bbox 756 5071 2135 5177; baseline -0.004 -27"><span class='ocrx_word' id='word_1_361' title='bbox 756 5082 830 5177; x_wconf 87' lang='lat' dir='ltr'><strong>pias</strong></span> <span class='ocrx_word' id='word_1_362' title='bbox 864 5089 898 5152; x_wconf 89' lang='lat' dir='ltr'><strong>ct</strong></span> <span class='ocrx_word' id='word_1_363' title='bbox 932 5078 974 5152; x_wconf 91' lang='lat' dir='ltr'><strong>de</strong></span> <span class='ocrx_word' id='word_1_364' title='bbox 1006 5099 1143 5175; x_wconf 73' lang='lat' dir='ltr'><strong>quarm</strong></span> <span class='ocrx_word' id='word_1_365' title='bbox 1175 5081 1336 5152; x_wconf 88' lang='lat' dir='ltr'><strong>sententia</strong></span> <span class='ocrx_word' id='word_1_366' title='bbox 1370 5099 1485 5154; x_wconf 88' lang='lat' dir='ltr'><strong>omnes</strong></span> <span class='ocrx_word' id='word_1_367' title='bbox 1518 5076 1692 5152; x_wconf 82' lang='lat' dir='ltr'><strong>Ecclesiae</strong></span> <span class='ocrx_word' id='word_1_368' title='bbox 1724 5078 1966 5165; x_wconf 89' lang='lat' dir='ltr'><strong>consentirent,</strong></span> <span class='ocrx_word' id='word_1_369' title='bbox 1998 5071 2135 5146; x_wconf 77' lang='lat' dir='ltr'><strong>officiis</strong></span> 
     </span>
    </p>
   </div>
   <div class='ocr_carea' id='block_1_4' title="bbox 0 0 2394 6034">
    <p class='ocr_par' dir='ltr' id='par_1_4' title="bbox 0 0 2394 6034">
     <span class='ocr_line' id='line_1_40' title="bbox 0 0 2394 6034; baseline 0 11"><span class='ocrx_word' id='word_1_370' title='bbox 0 0 2394 6034; x_wconf 95' lang='lat' dir='ltr'><strong> </strong></span> 
     </span>
    </p>
   </div>
  </div>
 </body>
</html>
