4686 6060
704 565 1279 644 ‘distributio
1608 529 1702 639 ros

315 753 426 849 ibique
452 751 624 828 solennem
649 754 834 848 Litngiam
860 752 1068 846 celebrandi,
1096 776 1182 852 quae
1197 754 1317 828 deinde
1336 753 1377 826 ab
1399 755 1551 828 omnibus
1568 752 1685 824 Patri-

315 869 424 942 arcbis
451 868 634 944 observata
662 882 722 945 est

418 986 603 1060 LXXlllX.
631 988 680 1061 lta
706 1008 791 1060 vero
817 990 891 1082 ipsa
918 986 1124 1061 consuetudo
1151 990 1184 1059 in
1210 985 1322 1080 legem
1348 989 1497 1078 transiit,
1523 994 1559 1058 ut
1584 995 1686 1081 post-
1717 993 1755 1092 ta
1773 993 1930 1048 consuendo
1943 995 2009 1066 legis

314 1103 446 1178 modum
472 1101 629 1176 Monaebi
654 1104 690 1178 S.
717 1104 856 1176 Maeonii
881 1126 949 1177 non
975 1106 1066 1199 prius
1094 1106 1294 1197 agnoverint
1326 1123 1437 1177 novos
1463 1096 1753 1192 Patriarcbas,l¹¹¹¹
1770 1080 1886 1134 ⁰¹³¹³¹¹¹¹l

315 1241 413 1314 quam
438 1222 474 1290 in
499 1241 614 1292 eorum
640 1220 794 1294 Ecclesia
820 1219 1033 1315 proclamati,
1066 1219 1111 1292 ibi
1137 1221 1320 1314 Liturgiam
1354 1217 1593 1292 celebrassent.
1647 1218 1686 1290 Si

314 1334 441 1408 Misrae
467 1357 528 1408 seu
556 1335 699 1410 Oabirae
725 1335 866 1408 ordinati
892 1348 1005 1424 erant,
1033 1342 1139 1410 statim
1156 1334 1397 1412 Alexandriam
1422 1335 1590 1432 proficisci
1618 1335 1685 1406 de-

314 1448 459 1540 bebant,
485 1461 642 1547 tanquam
674 1451 716 1524 ad
750 1454 895 1524 omnium
932 1454 1082 1550 Aegypti
1117 1452 1346 1526 Ecclesiarum
1379 1450 1592 1548 Metropolim.
1646 1450 1685 1521 Si

315 1588 398 1638 vero
424 1566 655 1640 Alexandriae
680 1566 767 1640 iacta
794 1567 912 1640 luisset
938 1570 1126 1663 Ordinatio,
1158 1571 1250 1668 prius
1282 1569 1324 1640 ad
1351 1567 1386 1641 S.
1419 1566 1601 1640 linearium
1635 1569 1686 1635 ire

314 1687 388 1760 illos
416 1689 613 1782 oportebat,
641 1711 739 1782 mam
767 1688 910 1762 Gabinae
938 1692 969 1760 in
997 1685 1160 1760 Ecclesiis
1194 1684 1454 1774 celebrioribus,
1483 1681 1685 1769 Muballaca,

314 1801 349 1876 S.
377 1803 559 1894 Michaelis,
588 1815 644 1877 aut
669 1805 705 1876 S.
733 1803 844 1897 Sergii
878 1827 975 1878 sacra
1008 1803 1177 1877 iecissent.
1230 1801 1430 1897 Exemplum
1465 1798 1685 1872 babemusin

314 1917 452 1992 historia
477 1919 618 1993 Macarii
643 1920 764 1994 LXIX.
793 1923 847 2016 qui
875 1919 1044 1994 ordinatus
1073 1927 1124 1994 est
1150 1939 1237 1990 anno
1265 1918 1295 1989 l.
1324 1916 1362 1991 O.
1389 1916 1509 1990 blOlll.
1535 1914 1569 1988 Is
1597 1919 1684 1985 enim

315 2057 390 2108 cum
420 2035 650 2109 Alexandriae
682 2036 852 2111 ordinatus
888 2047 922 2108 et
955 2035 1179 2132 proclamatus
1216 2033 1335 2106 fuisset
1372 2054 1467 2106 more
1510 2033 1683 2122 maJorum,
1772 2045 1779 2062 ⁸

315 2152 392 2224 inde
417 2151 555 2226 blisram
580 2155 683 2241 venit,
709 2161 745 2224 ut
770 2155 804 2223 in
828 2152 984 2225 Ecclesia
1010 2149 1198 2224 Muballaea
1224 2149 1496 2246 proclamaretur.
1529 2145 1599 2218 Sed
1625 2150 1683 2216 in-

314 2278 531 2340 tervenerunt
555 2267 711 2342 lllonacbi
737 2269 772 2341 S.
799 2268 951 2359 lllacarii,
978 2272 1198 2364 oppositaque
1216 2268 1325 2338 veteri
1340 2264 1579 2339 consuetudine
1593 2286 1682 2359 pro-

314 2386 425 2456 testati
451 2396 536 2473 sunt,
564 2408 602 2460 se
629 2406 738 2480 neque
759 2407 882 2457 nomen
908 2388 980 2477 ejus
1007 2388 1039 2456 in
1053 2384 1221 2482 Diptqcba
1247 2381 1424 2470 relaturos,
1450 2403 1560 2476 neque
1574 2384 1681 2476 ipsum

313 2503 348 2571 in
372 2497 560 2573 Ecclesiam
587 2523 679 2574 suam
705 2513 825 2597 postea
851 2511 1085 2598 suscepturos,
1121 2512 1177 2572 aut
1209 2497 1309 2570 ubam
1341 2521 1416 2571 eum
1451 2520 1494 2570 eo
1528 2518 1682 2569 eommu-

312 2618 446 2688 nionem
477 2614 664 2706 babituros,
700 2621 728 2692 si
760 2617 884 2690 blisrae
918 2620 1011 2713 prius
1047 2639 1145 2692 saera
1176 2615 1324 2688 lecisset
1377 2615 1493 2710 ltaque
1528 2610 1582 2684 die
1615 2635 1679 2684 se-

312 2736 433 2827 quenti,
460 2755 546 2827 quae
573 2743 645 2806 erat
670 2734 856 2821 Dominica,
883 2755 926 2804 ne
952 2732 1028 2808 illos
1055 2731 1239 2805 ollenderet
1271 2729 1455 2822 Liturgiam
1486 2751 1554 2802 non
1581 2729 1679 2801 eele-

311 2846 432 2936 bravit,
460 2857 493 2920 et
519 2851 626 2922 statim
652 2849 694 2920 ad
721 2847 756 2921 S.
784 2849 968 2922 lllacarium
993 2848 1165 2946 profectus
1192 2857 1253 2920 est.

415 2962 488 3039 XO.
514 2966 730 3060 Prosequitur
755 2964 970 3045 Ebnassalus.
1021 2963 1215 3038 Patriarcba
1242 2986 1316 3035 eum
1344 2960 1387 3033 ad
1412 2958 1600 3034 Ecclesiam
1614 2984 1678 3031 ac·
1717 2977 1941 3034 caereaounern
1955 2998 2005 3036 00-

283 3083 463 3170 ‘cesserit
489 3079 676 3176 proemnbit
702 3103 815 3154 coram
843 3081 960 3172 altari,
991 3081 1047 3155 illo
1082 3081 1267 3172 Benjamini
1302 3077 1448 3153 scilieet:
1484 3089 1517 3150 et
1550 3077 1680 3153 Arebi-
1693 3066 2005 3222 gifrwlffltsg

311 3196 473 3268 mandrita
505 3196 540 3269 S.
572 3195 712 3268 Macarii
743 3201 940 3292 pronunciat
971 3219 1072 3294 super
1105 3220 1182 3269 cum
1216 3195 1414 3265 Orottowm
1444 3194 1681 3288 absolutiones,
1693 3255 1759 3291 Μ,

313 3335 398 3406 quae
426 3323 479 3384 est
503 3314 595 3385 initio
621 3312 809 3406 Liturgiae:
836 3335 919 3385 mox
944 3313 1127 3406 ingreditur
1154 3310 1197 3384 ad
1223 3311 1346 3401 altare,
1373 3333 1475 3407 super
1501 3312 1590 3405 quod
1617 3336 1680 3386 sa-

312 3451 370 3499 era
397 3427 556 3518 celebrat,
580 3432 909 3523 communionemque
925 3439 1114 3502 sanctorum
1131 3428 1367 3524 mysteriorum
1393 3426 1565 3500 distribuit
1597 3428 1682 3499 Tum

273 3535 277 3550 '
312 3555 494 3618 veneratur
520 3555 636 3618 saneta
663 3567 825 3642 corpora,
860 3554 894 3617 et
921 3543 962 3616 ab
989 3544 1119 3618 illorum
1145 3543 1292 3638 reliquiis
1318 3539 1585 3615 benedictionem
1611 3567 1677 3616 ea-

311 3667 399 3754 plat,
436 3660 635 3759 tandemque
666 3665 786 3757 recipit
818 3683 857 3734 se
896 3665 929 3733 in
965 3660 1093 3735 Cellam
1124 3658 1404 3732 Patriarcbarum:
1439 3668 1473 3731 et
1504 3670 1622 3778 poploe
1651 3665 1680 3733 si

310 3775 404 3866 velit,
432 3777 474 3849 ad
500 3777 628 3872 reliqua
657 3779 779 3851 deserti
806 3777 1011 3850 Monosteria
1045 3777 1274 3872 proficiscitur.
1327 3774 1421 3846 Haec
1452 3780 1569 3870 paucis
1601 3775 1682 3850 Eb-

311 3892 478 3985 nassalus,
505 3916 591 3990 quae
618 3895 815 3991 explicanda
842 3905 926 3967 sunt.
981 3894 1095 3968 Oratio
1123 3893 1345 3965 absolutionis
1378 3913 1419 3962 ea
1455 3900 1507 3960 est
1533 3914 1619 3987 quae
1646 3897 1681 3964 in

311 4012 470 4082 versione
495 4010 668 4104 Liturgiae
702 4009 864 4108 Coptieae
896 4011 1100 4099 Basilianae,
1136 4033 1157 4081 a
1190 4007 1365 4080 Maronitis
1398 4005 1503 4097 faeta,
1537 4011 1682 4080 occurrit

311 4125 372 4197 sub
399 4124 608 4219 falsotitulo
636 4129 908 4221 Glorifiectioois
934 4127 980 4198 ed
1004 4127 1118 4220 filium.
1152 4123 1215 4198 Est
1240 4133 1349 4196 autem
1377 4125 1484 4197 oratio
1511 4125 1681 4217 pertinens
1726 4179 1730 4182 -

313 4241 556 4337 adpetendam
583 4245 816 4319 remissionem
830 4253 1067 4339 peecatorum,
1093 4244 1288 4338 praesertim
1315 4264 1377 4336 pro
1405 4239 1592 4312 Sacerdote
1623 4253 1682 4312 aut

311 4357 481 4455 Episcopo
509 4359 718 4449 celebrante,
745 4358 963 4455 omnibusque
996 4357 1299 4447 circumstantibus,
1333 4359 1472 4452 ejusque
1503 4355 1610 4428 verba
1648 4368 1681 4428 et

313 4479 508 4566 sententiae,
537 4500 556 4548 a
582 4475 732 4550 formulis
759 4481 957 4566 orationum,
985 4474 1103 4571 quibus
1136 4479 1170 4546 in
1197 4474 1333 4547 Oriente
1366 4475 1576 4568 poenitentes
1611 4471 1679 4544 ab·

257 4597 272 4612 ⁶
312 4590 496 4684 solvuntur,
523 4615 638 4690 parum
666 4592 825 4666 differunt.
878 4594 915 4666 ln
940 4594 1106 4665 communi
1132 4592 1249 4664 ordine
1274 4590 1462 4682 Liturgiae,
1495 4612 1537 4661 ea
1569 4594 1677 4661 oratio

313 4712 550 4803 pronunciatur
577 4732 677 4805 super
692 4709 911 4783 Sacerdotem
936 4708 1174 4799 celebrantem,
1201 4707 1243 4780 ab
1265 4707 1330 4780 alio
1358 4705 1562 4780 Sacerdote:
1590 4705 1680 4802 quod

311 4826 340 4896 si
365 4825 592 4917 Hegumenus,
620 4836 674 4898 aut
701 4826 818 4920 aliquis
844 4825 1032 4922 Episcopus
1060 4847 1159 4898 sacro
1187 4827 1354 4898 intersint:
1381 4834 1536 4918 tanquam
1563 4820 1678 4914 digni-

310 4947 379 5010 tate
405 4935 608 5036 superiores,
636 4965 711 5014 eam
737 4944 967 5038 pronunciant.
993 4942 1030 5014 ln
1056 4940 1119 5013 bae
1145 4944 1246 5033 igitur
1270 4944 1376 5037 prima
1401 4939 1564 5032 Liturgia,
1581 4963 1678 5034 quam

310 5060 392 5127 novi
417 5058 630 5131 Patriarcbae
657 5057 828 5132 celebrant
855 5058 897 5132 ad
928 5069 1078 5131 sanetum
1103 5058 1303 5150 lllacarium,
1333 5055 1452 5128 bononi
1483 5055 1679 5129 Monasterii

1390 5173 1472 5250 67*
