4670 6046
454 2672 483 2729 P.
503 2677 546 2726 57.
565 2684 587 2728 ct
603 2676 665 2728 280.

753 601 829 675 328
1319 600 1549 678 NOTAE

747 873 785 951 Ὁ
809 868 1087 972 ἐπισκεγύμταος
1111 872 1203 968 ἡμᾶς
1236 877 1276 949 ἐν
1305 878 1388 949 ἐλέει
1421 875 1482 950 καὶ
1517 877 1722 974 οἱκτιρμοῖς.
1776 877 1841 965 Oai
1872 881 2022 949 visitasti
2053 903 2112 952 nos

1101 993 1137 1060 in
1162 993 1401 1062 misericordia
1427 999 1462 1063 et
1486 993 1770 1065 miserationibus.

838 1181 932 1259 ihm
954 1194 1050 1256 oratio
1071 1210 1132 1256 non
1159 1193 1271 1277 legitur
1299 1195 1330 1256 in
1358 1193 1492 1275 Copticis
1520 1195 1759 1277 exemplaribus,
1788 1216 1888 1279 neque
1916 1201 1946 1260 in
1977 1199 2112 1262 Graeco—

748 1296 883 1360 Arahico
907 1296 1022 1358 titulum
1043 1297 1134 1359 ullum
1157 1297 1264 1360 hahet:
1288 1299 1420 1360 occurrit
1442 1306 1541 1362 antem
1562 1300 1593 1360 in
1614 1298 1749 1382 Liturgia
1772 1302 1868 1364 sancti
1895 1302 2017 1382 Jacohi,
2046 1303 2111 1365 inde

747 1401 849 1456 notam
871 1395 951 1458 illam
973 1404 1037 1458 toto
1060 1395 1184 1460 Oriente
1206 1395 1300 1460 tuisse
1323 1397 1511 1462 manifestum
1535 1406 1592 1462 est.

951 1653 1050 1753 Εὐχή
1076 1653 1145 1732 ’τοῦ
1168 1656 1277 1757 ἁγίου
1301 1656 1516 1759 εὐαγγελίου.
1571 1661 1693 1732 Oratio
1719 1660 1910 1756 Erumpetii.

828 1849 901 1927 hm
925 1862 1022 1924 oratio
1043 1879 1104 1923 non
1127 1869 1175 1924 est
1196 1861 1264 1925 loco
1286 1879 1344 1924 suo
1365 1865 1473 1942 posita,
1497 1881 1563 1926 cum
1585 1882 1646 1926 non
1670 1863 1787 1926 dicatur
1808 1862 2018 1946 Evangeiium,
2045 1871 2109 1928 nate

748 1983 814 2027 eam
836 1983 914 2047 quae
936 1983 1007 2028 mox
1034 1965 1186 2046 sequitur:
1214 1983 1315 2047 neque
1343 1967 1498 2030 intermitti
1525 1967 1614 2046 solet,
1642 1975 1675 2030 ut
1702 1967 2002 2030 commemorationes
2031 1968 2108 2032 hant.

746 2060 851 2142 ltaque
874 2065 1007 2127 secunda
1034 2064 1119 2128 istius
1141 2082 1213 2146 pars
1241 2065 1280 2127 ad
1301 2065 1425 2146 primam
1456 2085 1518 2129 non
1545 2067 1694 2148 pertinet,
1728 2075 1759 2130 et
1787 2067 1825 2131 ab
1856 2085 1893 2130 ea
1923 2075 1971 2129 est
2000 2067 2109 2130 (1131111-

745 2161 876 2242 menda.

1014 2351 1114 2450 Εὐχή
1138 2361 1205 2430 τοῦ
1229 2353 1553 2452 καταπετάσματος
1607 2357 1728 2430 Oratio
1755 2359 1832 2428 oeli.

834 2547 980 2624 Drrsnsn
1001 2566 1050 2621 est
1072 2559 1109 2620 ah
1133 2577 1280 2640 anquam
1303 2558 1445 2640 Copticus
1468 2558 1567 2623 codex
1586 2557 1691 2622 hahet:
1714 2561 1753 2624 de
1776 2579 1834 2642 qua
1857 2561 2007 2625 videndae
2024 2567 2108 2623 notae

748 2660 887 2724 adhunc
911 2662 1017 2724 locum.
1037 2663 1100 2724 lsta
1121 2681 1208 2737 vero,
1234 2651 1352 2736 Οὐδεὶς
1375 2651 1482 2744 ὐξιος,
1507 2664 1618 2747 legitur
1646 2665 1678 2725 in
1703 2665 1839 2748 Litargia
1860 2666 1978 2728 Graeca
2000 2663 2106 2742 Basihi,

745 2760 799 2824 sed
822 2761 891 2824 dum
914 2761 1030 2824 canitur
1050 2761 1177 2844 hymnus
1201 2761 1407 2842 Cheruhicus,
1429 2770 1462 2825 ut
1484 2764 1572 2826 etiam
1593 2764 1625 2826 in
1646 2780 1684 2825 ea
1707 2763 1925 2847 chrysostomi.

796 3019 896 3118 Εὐχή
920 3027 988 3096 τοῦ
1007 3019 1320 3118 καταπετάσματος
1343 3021 1427 3123 παρ’
1453 3023 1673 3125 Αἰγυπτίοις.
1728 3024 1849 3096 Oratio
1875 3025 1944 3098 ceti
1970 3025 2061 3120 opud

1331 3141 1530 3236 Aepyptios.

831 3329 885 3410 Er
907 3342 972 3405 sola
995 3343 1146 3424 reperitur
1167 3344 1198 3405 in
1222 3343 1335 3406 Codice
1358 3343 1501 3425 Coptica,
1524 3361 1623 3426 neque
1646 3350 1760 3408 temere
1781 3352 1853 3408 nota
1883 3344 2024 3426 adjuncta
2052 3351 2105 3423 est,

744 3465 803 3527 qua
825 3445 905 3509 illam
927 3446 1088 3530 Aegyptiis
1110 3447 1263 3528 propriam
1285 3465 1356 3509 esse
1378 3449 1580 3530 significatur:
1607 3466 1674 3509 cum
1697 3447 1773 3510 aliae
1796 3466 1835 3510 ex
1858 3447 1986 3512 diversis
2007 3450 2106 3512 Litar-

743 3546 801 3630 giis
825 3545 977 3609 desumtae
1000 3547 1073 3608 sint:
1097 3547 1222 3628 quaesi
1245 3563 1312 3607 cum
1335 3545 1466 3626 Copticis
1490 3555 1519 3609 et
1542 3546 1608 3609 aliis
1631 3553 1858 3627 comparentur,
1888 3549 1946 3610 etsi
1968 3549 2105 3613 nonnulla

743 3646 783 3708 sit
804 3644 990 3724 diversitas„
1003 3652 1072 3707 sunt
1094 3634 1193 3708 tamen
1221 3645 1332 3707 similes
1361 3646 1530 3708 sententiae
1559 3652 1589 3708 et
1618 3645 1724 3726 eadem
1753 3664 1846 3726 saepe
1874 3647 1979 3710 verba.
2024 3647 2104 3711 Unde

744 3752 861 3809 constat
882 3762 991 3825 preces
1013 3744 1079 3806 illas
1102 3762 1163 3807 non
1185 3743 1347 3828 singularis
1370 3744 1512 3826 alicujus,
1536 3743 1592 3807 sed
1614 3744 1795 3808 universalis
1818 3745 1979 3809 Orientahs
1997 3747 2105 3810 Eccle-

743 3845 806 3907 siae
830 3843 934 3908 fuisse.

830 3943 915 4006 Duae
938 3963 1016 4026 quae
1038 3952 1205 4023 sequuntur
1222 3943 1383 4008 Orationes
1407 3942 1503 4006 osculi
1524 3943 1619 4023 pacis,
1643 3942 1769 4006 eaedem
1791 3950 1860 4006 sunt
1882 3961 1918 4006 ac
1941 3943 2011 4008 illae
2033 3963 2102 4028 quas

745 4042 851 4106 Codex
875 4041 1018 4124 Copticus
1041 4051 1267 4124 repraesentat;
1293 4050 1326 4106 ut
1348 4043 1438 4106 etiam
1468 4042 1545 4105 aliae
1574 4059 1672 4122 prope
1702 4059 1807 4105 omnes
1830 4062 1907 4125 quae
1929 4052 2102 4124 sequuntur,

743 4142 781 4205 de
809 4142 916 4223 quibus
947 4139 1018 4202 nihil
1046 4144 1178 4205 occurrit
1205 4142 1377 4220 dicendum,
1412 4141 1492 4224 quod
1521 4141 1552 4203 in
1581 4142 1660 4204 notis
1689 4140 1725 4205 ad
1754 4141 1887 4224 reliquas
1918 4143 2026 4205 dictum
2049 4160 2103 4206 noa

740 4241 840 4304 suerit.
886 4239 961 4302 illud
984 4239 1138 4322 singulare
1159 4243 1209 4304 isti
1232 4248 1263 4304 ct
1284 4240 1389 4323 paucis
1412 4240 1588 4322 quibusdam
1610 4241 1675 4304 aliis
1698 4240 1807 4305 Officiis
1831 4242 2004 4325 Liturgicis‚
2027 4240 2102 4324 quod

741 4349 805 4404 tota
828 4340 963 4404 recitatio
986 4341 1179 4404 institutionis
1201 4342 1407 4405 Eucharistiae
1429 4341 1469 4404 ita
1496 4339 1646 4418 refertur,
1674 4347 1706 4402 ut
1735 4340 1773 4402 ad
1796 4341 1966 4418 Christum,
1996 4343 2026 4404 in
2054 4360 2102 4404 se-

743 4439 841 4503 cunda
863 4457 1012 4522 persona,
1037 4442 1132 4504 oratio
1155 4441 1310 4524 dirigatur.

743 4699 863 4786 Αὐτός
888 4697 955 4778 οὐκ
981 4699 1138 4778 δέσποτα
1164 4709 1208 4800 τῇ
1232 4709 1278 4800 σῇ
1302 4707 1408 4802 φωνῇ
1431 4697 1477 4775 τοὶ
1502 4700 1714 4800 προκείμενα
1739 4699 1989 4797 γαταποίησον.
2028 4703 2100 4796 lpse

819 4825 822 4831 '
915 4823 1021 4912 ipitar
1046 4820 1192 4892 Domine
1219 4827 1279 4891 tua
1304 4841 1389 4891 oocc
1415 4819 1504 4889 hoec
1527 4821 1709 4912 proposito
1736 4823 1933 4889 honsmuta.

830 4991 932 5074 Horas
956 5008 1100 5072 orationis
1122 5007 1301 5072 sententiam
1323 5005 1538 5088 explicavimus
1560 5006 1594 5067 in
1616 5006 1694 5069 notis
1717 5003 1755 5068 ad
1778 5004 1914 5067 cumdem
1936 5004 2036 5067 locum
2052 5003 2098 5066 hi·

744 5108 860 5193 turgiae
884 5108 1042 5194 Copticae,
1066 5129 1143 5194 quae
1166 5112 1340 5194 expressius
1363 5110 1511 5194 significat
1531 5110 1646 5176 realem
1665 5109 1775 5175 Christi
1796 5110 1829 5172 in
1850 5109 1936 5172 altari
1956 5125 2099 5192 praesen-
