4686 6060
697 570 776 646 408
1086 567 1687 648 DEPATRIARGHA

697 763 731 830 in
757 758 842 847 lide,
870 767 926 833 aut
950 757 1099 832 moribus
1125 767 1326 854 paterentur.
1378 756 1550 832 Instabam
1574 777 1678 851 saepe
1706 764 1773 828 tum
1798 754 1977 853 Episcopi,
2004 768 2069 830 tum

697 874 878 947 Laicorurn
903 875 1068 969 primores
1076 926 1087 963 ,
1113 882 1149 946 ut
1175 873 1208 944 id
1235 877 1344 948 statim
1370 883 1447 968 post
1473 875 1546 964 ejus
1574 874 1862 964 inaugurationem
1882 874 2070 969 perlicere-

699 1000 767 1078 tur‚
795 1014 837 1062 ea
862 991 1009 1062 maxime
1034 991 1182 1077 ratione,
1210 988 1297 1084 quod
1325 987 1589 1084 quandoquidem
1620 991 1655 1059 in
1687 999 1854 1062 conventu
1886 999 1954 1062 tum
1982 991 2071 1064 Cleri

698 1115 768 1179 tum
793 1105 972 1178 Laicorum
999 1104 1040 1176 ad
1067 1106 1266 1179 electionem
1293 1116 1515 1197 congregato,
1541 1103 1792 1178 renovabantur
1818 1101 1976 1180 Capones
2005 1128 2070 1178 an-

698 1225 780 1318 tiqui
806 1221 972 1295 adversus
999 1221 1209 1294 Simoniacas
1236 1221 1483 1310 ordinationes,
1508 1243 1576 1292 non
1603 1219 1780 1294 videbatur
1804 1219 1903 1292 facile
1936 1219 2012 1293 fure
2038 1230 2072 1293 ut

698 1339 795 1430 leges
830 1337 923 1425 ibae,
961 1335 1079 1431 quibus
1114 1337 1336 1411 observandis
1371 1337 1478 1428 vulgo
1505 1339 1589 1410 novi
1620 1335 1835 1410 Patriarcbae
1860 1360 1923 1433 pcr
1949 1337 2069 1412 solen-

697 1477 775 1526 nem
802 1454 1079 1549 subscriptionem
1106 1475 1145 1527 se
1177 1455 1446 1542 obstrinxerant,
1480 1451 1522 1524 ab
1555 1455 1637 1548 ipsis
1669 1452 1959 1548 procurarentur,
1989 1476 2071 1548 quas

697 1580 810 1642 tamen
837 1591 941 1665 saepe
973 1573 1110 1664 insuper
1142 1567 1318 1642 habebant.
1370 1568 1503 1641 Nullum
1538 1571 1625 1640 enim
1658 1573 1798 1660 gravius
1831 1573 1865 1641 in
1900 1569 2072 1664 disciplina

698 1685 819 1758 radam
850 1683 1027 1759 Ecclesiae
1064 1684 1253 1758 Oricutales
1287 1709 1307 1758 a
1339 1684 1447 1756 multis
1480 1684 1622 1758 saeculis
1658 1695 1820 1780 expertae
1846 1694 1939 1774 sant,
1975 1707 2072 1780 quam

699 1783 1077 1891 subclamantem,
1105 1824 1169 1896 qua
1195 1804 1293 1898 pauci
1320 1800 1494 1873 admodum
1520 1803 1607 1872 inter
1633 1822 1695 1873 eos
1722 1825 1742 1874 a
1767 1801 1857 1873 mille
1884 1803 1979 1874 annis
2007 1825 2072 1873 ca-

700 1928 852 1989 ruerunt:
881 1920 1032 2012 quamvis
1061 1918 1151 2014 pleui
1177 1920 1243 1990 sint
1268 1915 1546 1990 anathematismis
1573 1915 1737 1990 adversus
1752 1917 1842 1989 illam
1857 1937 1973 1988 eorum
1997 1914 2073 1988 libri

699 2030 938 2106 Ecclesiastici.
990 2034 1120 2106 Primus
1147 2054 1232 2105 vero
1261 2035 1315 2128 qui
1342 2055 1416 2106 eam
1442 2037 1551 2126 magis
1577 2033 1784 2127 impudenter
1810 2035 1980 2122 exercuit,
2016 2032 2072 2104 le-

700 2151 789 2240 gitur
814 2148 919 2223 fuisse
947 2146 1041 2222 Chail
1067 2149 1153 2222 LVI.
1182 2152 1236 2245 qui
1263 2172 1284 2220 a
1310 2149 1450 2242 singulis
1471 2149 1650 2244 Episcopis
1677 2171 1762 2244 quos
1790 2149 1967 2238 ordinavit,
1994 2171 2072 2220 ma-

700 2287 786 2358 gnas
813 2269 957 2340 extorsit
982 2268 1162 2360 pecunias,
1188 2276 1288 2360 atque
1313 2268 1360 2337 ita
1390 2264 1497 2338 forme
1530 2285 1656 2337 omnes.
1708 2263 1926 2338 Excusabaut
1956 2287 1995 2338 se
2029 2263 2071 2338 ob

699 2385 879 2476 imperatas
920 2404 1024 2477 saepe
1061 2404 1080 2452 a
1114 2379 1259 2454 Srdtanis
1295 2381 1431 2454 mulctm
1471 2384 1642 2472 ingentes,
1683 2402 1766 2474 qrras
1799 2403 1874 2452 cum
1907 2381 2073 2454 solvendo

699 2518 768 2569 non
794 2507 925 2588 essent,
951 2501 985 2570 in
1011 2519 1182 2570 carcerem
1215 2496 1510 2571 ablubamedanis
1537 2495 1814 2588 conjiciebantur:
1841 2498 1903 2570 sed
1934 2497 1977 2570 de
2008 2498 2073 2572 illis

701 2613 824 2686 dictum
851 2626 904 2688 est
928 2616 1032 2687 variis
1058 2613 1226 2687 Historiae
1252 2612 1485 2686 Patriarcbalis
1511 2613 1607 2684 locis.

415 2733 549 2802 Epistulae
574 2735 690 2802 synon-
805 2730 926 2802 XCVI.
959 2730 1076 2802 Statim
1109 2733 1209 2801 etiam
1243 2740 1326 2825 post
1357 2729 1626 2820 ordinationem,
1667 2728 1822 2804 solebant
1852 2730 2075 2804 Alexandrini

377 2837 428 2958 ,⁰⁸⁰
441 2823 493 2960 hig
514 2819 914 2919 Anti⁰⁰¹¹²¹¹⁰⁵Patriarcbae
947 2845 1061 2919 literas
1088 2844 1278 2942 Synodicas
1310 2845 1460 2920 scribere
1496 2845 1539 2917 ad
1567 2844 1811 2918 Antiochenum
1846 2847 2075 2922 Jacobitarum

394 2923 467 2961 Μ’
494 2925 514 2960 ⁵⁸
701 2961 937 3034 Patriarcbam.
990 2963 1065 3034 lam
1092 2961 1249 3035 aSeveri
1276 2973 1427 3058 tempore
1453 2983 1576 3054 magna
1591 2961 1653 3035 brit
1674 2966 1845 3058 utriusque
1859 2962 2075 3038 Patriarcbae

702 3083 910 3172 conjunctio:
937 3080 1102 3152 Severum
1138 3083 1224 3150 enim
1257 3085 1291 3152 in
1324 3080 1518 3176 Aegyptum
1550 3083 1708 3169 venisse,
1741 3082 1840 3151 etiam
1875 3090 2075 3156 consecrata

700 3195 787 3266 ilbus
814 3196 977 3270 adventus
1004 3198 1166 3268 memoria
1191 3196 1232 3267 ll.
1259 3198 1383 3269 mensis
1409 3194 1537 3290 Paupbi
1562 3198 1596 3266 in
1621 3194 1823 3269 Kalendario
1851 3195 2013 3294 Coptico,
2041 3207 2075 3270 et

700 3309 952 3384 Alexandrinae
983 3311 1159 3384 Ecclesiae
1199 3311 1329 3384 traditio
1370 3320 1542 3383 testantur.
1594 3312 1666 3384 lmo
1700 3309 1870 3386 delituisse
1901 3334 1978 3386 eum
2012 3336 2076 3409 per

700 3427 813 3524 plures
849 3449 954 3499 annos
982 3430 1015 3498 iu
1039 3428 1200 3500 Dioecesi
1227 3428 1334 3518 Saea,
1368 3438 1402 3500 et
1434 3430 1467 3498 iu
1491 3427 1653 3523 Aegypto
1688 3427 1774 3500 diem
1808 3450 1902 3502 suum
1936 3427 2076 3520 obiisse,

701 3555 799 3640 atque
826 3543 870 3616 ibi
897 3543 1061 3640 sepultum
1088 3567 1182 3634 esse,
1211 3547 1393 3618 communis
1420 3544 1533 3638 opinio
1555 3552 1626 3634 est,
1654 3566 1751 3639 quam
1772 3545 1967 3618 conbnuant
1992 3555 2075 3618 vota

703 3659 746 3732 ad
772 3663 845 3753 ejus
882 3660 1036 3732 turudum
1070 3659 1179 3748 iacta,
1214 3663 1486 3754 curationesque,
1525 3667 1562 3731 ut
1592 3659 1750 3748 crodunt,
1785 3681 1847 3755 per
1880 3660 2075 3732 miractdum

703 3776 834 3848 multae.
886 3775 919 3848 Is
947 3785 1076 3866 autem,
1102 3786 1139 3848 ut
1166 3775 1266 3848 habet
1291 3774 1429 3852 historia
1455 3779 1546 3848 vitae
1569 3775 1708 3848 loannis
1724 3775 1939 3848 Patriarcbae
1964 3777 2075 3850 XXX

704 3895 824 3986 quique
849 3892 1016 3964 Marototu
1042 3891 1228 3988 appellatur
1254 3895 1287 3964 in
1312 3893 1488 3964 Breviorio
1515 3890 1681 3978 Liberali,
1717 3892 1834 3966 melius
1869 3916 1889 3964 a
1923 3893 2075 3988 Copticis

704 4008 867 4098 Nibiotc,
894 4011 1027 4103 scripsit
1052 4011 1177 4103 primus
1203 4007 1317 4080 literas
1349 4007 1540 4105 synodicas
1573 4007 1616 4080 de
1648 4010 1813 4080 communi
1837 4007 1903 4080 lide
1929 4009 1973 4080 ad
2005 4009 2074 4082 Jo-

705 4145 840 4195 aunem:
868 4127 923 4219 qui
949 4127 1166 4217 cougregatis
1192 4122 1370 4220 Episcopis
1397 4128 1483 4215 suis,
1510 4145 1569 4197 eas
1595 4122 1666 4216 legi
1691 4127 1725 4194 in
1743 4122 1895 4198 omnibus
1910 4123 2075 4200 Ecclesiis

703 4243 850 4313 curavit:
878 4250 912 4312 et
939 4239 981 4312 ad
1008 4263 1083 4312 eum
1110 4240 1194 4314 alias
1216 4239 1329 4312 literas
1356 4239 1463 4328 dedit,
1495 4238 1613 4335 quibus
1640 4238 1789 4312 eamdem
1817 4263 1856 4313 se
1882 4243 1979 4314 unius
2005 4227 2075 4314 rra-¹·

702 4367 798 4428 turae
832 4356 930 4428 iidem
963 4367 1081 4429 tenere
1119 4356 1351 4453 profitebatur,
1387 4355 1625 4451 anathemaque
1660 4355 1817 4430 Nestorio
1853 4365 1888 4428 et
1923 4357 2073 4432 Concilio

703 4471 970 4546 Calchedonensi
996 4472 1225 4546 denunciabat.
1279 4473 1370 4546 Talis
1406 4471 1533 4544 illarum
1563 4472 1732 4544 literarum
1759 4476 1857 4565 origo
1883 4471 1960 4546 fuit:
1988 4497 2075 4570 quae

702 4589 898 4682 Spacdicoc
925 4589 1032 4662 dictae
1059 4601 1149 4679 sunt,
1177 4601 1313 4664 servata
1341 4589 1428 4686 apud
1453 4587 1587 4662 Arabes
1614 4587 1746 4664 Graeca
1767 4610 1867 4676 voce,
1894 4592 1971 4684 quia
1997 4592 2075 4686 pri-

703 4729 791 4778 mum
817 4711 851 4777 in
876 4705 1118 4803 Episcoporum
1145 4705 1304 4802 Synodo,
1332 4717 1430 4802 atque
1463 4728 1510 4777 ex
1541 4709 1706 4778 communi
1737 4703 1866 4778 illarum
1897 4709 2075 4796 sententia,

704 4826 848 4917 scriptae
881 4821 1022 4895 luerunt.
1082 4823 1306 4896 Postmodum
1331 4844 1430 4910 vero,
1458 4824 1522 4894 etsi
1552 4845 1572 4894 a
1599 4822 1674 4896 solo
1710 4819 1902 4894 Patriarcba
1937 4819 2074 4892 scribe-

704 4950 834 5027 rentur,
863 4943 938 5033 quia
967 4949 1170 5028 tamennon
1204 4963 1266 5012 suo
1299 4938 1424 5028 solum,
1456 4938 1516 5011 sed
1548 4941 1649 5012 totius
1682 4936 1890 5011 Jacobiticae
1921 4938 2073 5033 Aegppu

702 5052 878 5128 Ecclesiae
903 5059 1038 5130 uomina
1063 5055 1279 5151 loquebatur,
1309 5055 1553 5151 synodicarum
1578 5057 1661 5149 ipsis
1687 5077 1809 5130 nomen
1836 5065 2071 5128 conservatum
