4760 6038
584 622 635 698 DE
650 619 892 700 corruncani
904 620 1249 699 nmnmnnonnn
1264 621 1458 700 inurens.
1625 617 1720 694 CVII

348 805 518 901 subjunxit
542 807 831 904 imperfectissima
858 817 924 882 est:
958 805 1045 880 aliae
1072 830 1119 880 ex
1152 807 1301 881 Arabico
1334 813 1583 905 interpretatae,
1611 813 1722 903 magis

348 922 453 994 adhuc
479 923 647 996 obscurae
673 934 760 1015 sunt,
787 945 855 995 non
880 925 988 994 minus
1015 946 1113 1019 quam
1141 922 1266 1018 aliquot
1282 928 1528 1022 manuscriptae
1555 924 1723 1000 diverso-

346 1060 419 1110 rum
445 1048 610 1130 autorum,
638 1062 724 1135 quae
749 1043 784 1112 in
800 1036 1016 1111 Bibliothecis
1039 1042 1259 1134 reperiuntur.
1288 1037 1472 1112 Commune
1488 1043 1576 1112 enim
1591 1039 1720 1112 Orien·
1862 1137 1866 1146 ι

346 1153 464 1226 talibus
490 1156 607 1226 vitium
634 1164 705 1246 est,
739 1164 776 1227 ut
801 1153 990 1226 methodum
1024 1177 1089 1248 qua
1114 1165 1296 1250 praecepta
1331 1154 1599 1229 Grammaticalia
1627 1160 1722 1229 scri-

345 1269 453 1343 benda
480 1277 572 1360 sunt,
604 1291 744 1366 prorsus
778 1273 944 1362 ignorent
996 1269 1140 1366 Reliqua
1167 1293 1254 1365 quae
1288 1270 1331 1341 ad
1362 1271 1531 1364 Litnrgias
1557 1270 1719 1343 Alexan-

346 1385 457 1459 drinas
483 1394 647 1479 spectant,
674 1389 708 1456 in
735 1382 984 1458 Commentario
1012 1385 1054 1456 ad
1079 1389 1219 1481 primam
1237 1382 1424 1480 Capacem,
1452 1396 1485 1458 et
1510 1389 1545 1458 in
1570 1388 1659 1458 notis
1676 1384 1721 1457 ad

232 1561 235 1568 .
345 1501 427 1574 alias
454 1499 718 1597 explicabuntm.
759 1499 845 1584 Ouia
872 1522 956 1573 vero
982 1499 1174 1594 Litargiae‚
1208 1523 1348 1595 qrrarum
1373 1504 1567 1574 versionem
1593 1523 1718 1573 novam

347 1617 472 1709 damae,
499 1639 541 1688 ea
566 1615 680 1709 lingua
707 1619 852 1710 scriptae
879 1622 965 1703 sunt,
1001 1615 1043 1687 de
1070 1639 1134 1711 qua
1161 1619 1258 1688 varia
1285 1626 1403 1688 extant
1430 1616 1633 1689 eruditorum
1656 1619 1719 1706 ju-

346 1732 450 1823 dicia,
481 1753 622 1827 quornm
653 1730 811 1804 nonnulla
845 1730 888 1802 ad
919 1728 1049 1803 illarum
1086 1734 1295 1804 autoritatem
1337 1729 1602 1804 labefactandam
1636 1727 1720 1802 trahi

345 1857 502 1944 possent,
535 1847 660 1919 ideirco
694 1867 821 1942 operae
854 1849 997 1942 pretium
1028 1849 1139 1919 visum
1178 1855 1242 1938 est,
1277 1846 1417 1919 brevem
1454 1847 1497 1919 de
1522 1846 1578 1920 illa
1604 1845 1718 1937 lingna

345 1961 622 2036 Dissertationem
648 1961 863 2054 subjungere.
