4684 6042
611 505 663 605 '54
990 526 1201 605 sanniones
1227 528 1275 603 nn
1301 523 1611 602 enmonononas

612 719 668 814 qui
694 719 892 809 sanguinem
916 716 1088 810 proprium
1102 681 1256 784 ⁸elladisti
1282 721 1339 784 tua
1364 711 1537 786 voluntate
1563 721 1800 806 procreatore
1826 720 1893 801 tua,
1920 714 1990 782 inr-

611 853 702 929 pone
729 854 863 904 manum
889 840 980 903 mam
1007 829 1152 901 divinam
1179 849 1280 924 super
1306 827 1392 898 hune
1419 827 1579 917 calicem,
1606 825 1776 901 sanctifica
1804 825 1990 922 etpurifica

613 970 705 1036 eum,
732 958 768 1020 ut
793 945 920 1017 feratur
945 949 980 1017 in
1006 967 1049 1017 eo
1078 945 1216 1035 sanguis
1242 943 1299 1017 ille
1324 944 1513 1039 pretiosus,
1539 952 1574 1015 et
1601 945 1644 1014 sit
1667 941 1851 1014 remedium
1869 952 1903 1013 et
1924 963 1989 1013 re-

612 1064 729 1137 missio
755 1064 796 1136 iis
824 1058 977 1135 omnibus
1005 1062 1061 1153 qui
1088 1081 1134 1131 ex
1169 1079 1211 1130 eo
1246 1079 1331 1130 vere
1361 1054 1486 1129 libem
1540 1055 1656 1129 Gloria
1687 1056 1746 1130 tihi
1779 1079 1854 1129 cum
1887 1057 1989 1129 Patre

613 1187 671 1250 tuo
699 1175 812 1268 hono,
840 1186 874 1248 et
900 1175 1025 1273 Spiritu
1051 1185 1170 1247 sancto
1195 1194 1283 1245 aune
1310 1181 1345 1245 et
1370 1194 1513 1268 semper.
2018 1176 2024 1186 ’

719 1293 883 1384 Accipiet
919 1289 1076 1361 chroma
1114 1311 1181 1383 quo
1216 1295 1319 1380 erepet
1352 1287 1443 1358 mum
1475 1291 1566 1359 tntae
1606 1293 1642 1359 et
1671 1290 1781 1381 soria,
1818 1291 1853 1357 et
1886 1286 1987 1357 dicet.

614 1405 799 1498 Sanctitas,
825 1409 965 1501 puritas,
990 1404 1193 1492 benedictio,
1220 1412 1254 1474 et
1278 1405 1444 1497 protectio
1470 1406 1511 1478 iis
1539 1401 1691 1476 omnibus
1719 1405 1775 1497 qui
1800 1401 1916 1474 bibent
1941 1422 1987 1472 ex

615 1523 779 1614 sanguine
806 1530 881 1612 tuo,
908 1542 1013 1610 vero,
1041 1529 1076 1592 et
1100 1521 1262 1614 pretioso.
1316 1519 1436 1592 Amen.

1090 1725 1212 1795 Oratio
1234 1745 1303 1816 pro
1332 1721 1523 1794 Coelaleari.

1140 1877 1246 1948 Dicet
1271 1875 1472 1969 Episcopus.
1502 1975 1513 1999 ἱ

718 2049 813 2122 Deus
841 2051 897 2144 qui
925 2069 1061 2122 servum
1087 2057 1178 2119 tuum
1203 2046 1325 2119 isaiam
1353 2046 1488 2138 dignum
1513 2044 1624 2117 fecisti
1648 2045 1784 2118 videndi
1811 2045 1992 2121 Cherubim

613 2167 649 2236 in
675 2167 770 2257 cujus
797 2186 896 2236 manu
922 2162 1058 2259 forceps
1086 2172 1179 2252 erat,
1206 2184 1271 2257 quo
1304 2165 1434 2257 accepit
1468 2162 1649 2235 carbonem
1680 2184 1726 2233 ex
1754 2162 1850 2235 altari
1889 2175 1924 2236 et
1957 2168 1991 2236 in

615 2303 655 2354 os
683 2283 756 2373 ejus
783 2279 863 2352 illud
889 2282 1020 2371 iniecit:
1054 2301 1142 2350 nunc
1177 2280 1277 2348 etiam
1302 2279 1413 2370 Dens,
1445 2263 1546 2350 Pater
1582 2282 1809 2374 omnipotens,
1846 2280 1991 2352 extende

614 2417 749 2468 manum
775 2405 864 2467 tuam
892 2417 993 2491 super
1019 2392 1084 2465 hoc
1118 2390 1288 2485 cochlear,
1322 2396 1357 2465 in
1394 2417 1460 2490 quo
1496 2393 1708 2491 suscipienda
1736 2404 1812 2466 sunt
1830 2394 1992 2488 ¹membra

614 2513 771 2606 corporis
798 2501 923 2600 sancti,
951 2508 1040 2605 quod
1066 2518 1119 2580 est
1152 2529 1274 2604 eorpus
1300 2506 1376 2580 Filii
1402 2513 1448 2580 tui
1473 2512 1635 2603 unigeniti
1659 2511 1816 2601 Domini,
1848 2511 1931 2600 Dei,
1958 2521 1993 2584 et

613 2625 803 2699 salvatoris
830 2628 936 2698 nostri
961 2624 1045 2698 Jesu
1072 2619 1201 2694 Christi.
1254 2622 1403 2696 Benedlo
1429 2623 1529 2715 illud,
1556 2625 1725 2698 sanctifica
1752 2623 1848 2716 illud,
1876 2625 1919 2699 da
1944 2625 1992 2698 illi

616 2744 774 2813 virtutem
800 2752 833 2814 et
859 2742 1001 2834 gloriam
1027 2738 1187 2835 forcipis,
1214 2742 1269 2834 qui
1295 2743 1406 2812 estin
1439 2741 1558 2812 dextra
1592 2739 1789 2828 Cherubim,
1824 2743 1901 2837 quia
1931 2742 1992 2814 tibi

615 2866 670 2929 est
694 2867 864 2951 potestas,
891 2856 1021 2949 gloria,
1049 2865 1084 2927 et
1109 2854 1236 2943 honor,
1265 2878 1338 2926 carn
1365 2855 1451 2928 Filio
1478 2866 1535 2929 tuo
1556 2858 1726 2948 unigenito
1742 2856 1825 2928 lesu
1843 2854 1990 2948 Christo,

614 2972 759 3043 Domino
787 2982 921 3062 nostre,
947 2982 982 3043 et
1007 2969 1133 3068 Spiritu
1159 2980 1296 3060 sancto,
1322 2991 1410 3043 nunc
1438 2981 1472 3043 et
1497 2994 1640 3067 semper.

720 3100 883 3194 Sipaabtt
907 3103 991 3174 illud
1015 3109 1051 3174 et
1077 3103 1177 3173 dicet.
1212 3101 1406 3194 Fortitudo,
1432 3103 1561 3195 gloria,
1587 3101 1711 3192 honor,
1738 3113 1772 3175 et
1799 3103 1993 3175 sanctitica-

615 3219 662 3289 tio
691 3217 843 3290 Trinitati
869 3229 1026 3310 sanetae,
1050 3221 1086 3290 in
1110 3217 1267 3292 Ecclesia
1292 3241 1359 3290 una
1387 3227 1503 3292 saneta
1530 3221 1675 3292 civitatis
1702 3217 1743 3290 N.

822 3423 944 3495 Oratio
967 3445 1035 3518 pro
1061 3423 1193 3518 Mappe
1217 3425 1320 3516 adpre
1346 3445 1435 3518 puae
1461 3429 1641 3517 estsuper
1667 3423 1789 3495 altare.

1140 3577 1247 3650 Dicet
1271 3577 1472 3670 Episcopus.

718 3729 934 3820 Dominator,
969 3731 1130 3819 Domine,
1165 3729 1249 3802 lesu
1284 3725 1436 3818 Christe,
1469 3733 1626 3826 princeps
1662 3729 1766 3821 lueis,
1801 3734 1991 3820 miserator,

619 3845 677 3938 qui
702 3842 793 3917 bona
820 3845 953 3937 largiris
981 3843 1192 3942 sperantibus
1218 3849 1252 3916 in
1279 3853 1328 3935 te,
1357 3847 1412 3941 qui
1439 3846 1555 3918 coelos
1583 3847 1762 3920 extendisti
1784 3868 1859 3918 eum
1881 3846 1993 3936 subti-

614 3956 726 4048 litate,
754 3963 937 4054 variosque
964 3959 1099 4032 colores
1124 3963 1159 4030 in
1186 3959 1284 4033 coelo
1312 3971 1346 4032 et
1370 3959 1512 4034 nabibus
1529 3964 1743 4057 impressisti,
1771 3964 1923 4055 pannis
1949 3984 1990 4032 re

616 4074 690 4167 ipsa
722 4071 899 4149 diversitas
926 4095 995 4146 non
1022 4077 1072 4146 sit.
1125 4073 1222 4148 Nune
1247 4077 1366 4167 igitur,
1392 4076 1553 4168 Domine,
1581 4087 1710 4149 amator
1735 4075 1921 4165 hominum,
1950 4080 1994 4148 sit

615 4192 766 4283 potentia
792 4199 847 4260 tua
874 4188 989 4263 divina
1014 4192 1049 4260 in
1074 4187 1124 4263 his
1151 4191 1397 4283 mstraanentis,
1424 4196 1552 4287 mappis
1580 4191 1709 4264 scilicet
1728 4188 1847 4285 quibus
1874 4192 1992 4263 invol-

614 4315 737 4377 vuntur
770 4305 938 4395 membra,
973 4325 1034 4378 seu
1066 4303 1228 4400 reliquiae
1264 4310 1417 4402 corporis
1451 4309 1496 4378 tui
1529 4309 1650 4394 sarach,
1685 4315 1722 4377 ut
1748 4307 1858 4376 mittas
1891 4326 1993 4402 super

616 4441 677 4492 eas
704 4422 862 4493 suentem
893 4421 1070 4492 hnteorum
1104 4443 1190 4515 quae
1220 4421 1439 4495 involvebant
1473 4442 1597 4516 corpus
1629 4431 1720 4494 tuum
1755 4431 1924 4510 sanetum,
1958 4422 1993 4491 in

616 4536 794 4631 sepulcro,
821 4548 856 4610 et
883 4535 1189 4632 supercoelestibus
1217 4539 1283 4612 sint
1308 4537 1443 4613 similes.
1497 4536 1582 4622 Quia
1609 4536 1667 4609 tibi
1693 4546 1745 4611 est
1769 4545 1933 4631 potestas,
1959 4541 1994 4605 et

615 4649 744 4743 honor,
770 4663 834 4726 ete.

723 4764 884 4860 Sipnobtt
910 4791 985 4839 eom
1019 4791 1132 4862 myro,
1159 4775 1194 4840 et
1220 4768 1321 4839 dieat.
1376 4767 1469 4842 Unus
1496 4768 1597 4840 Pater
1623 4777 1778 4856 sanetus,
1813 4787 1898 4836 unus
1929 4761 1995 4835 Fi·-

616 4878 681 4952 lias
710 4892 866 4972 sanctus,
893 4905 977 4958 unus
1004 4883 1147 4980 Spiritus
1177 4894 1330 4975 sanctus,
1355 4886 1419 4980 ipsi
1434 4883 1603 4975 fortitudo,
1630 4881 1757 4976 gloria,
1785 4891 1820 4953 et
1841 4889 1994 4977 potestas

616 4994 691 5069 Dei.
743 4997 864 5071 Amen.
