4736 6064
472 713 515 789 n
541 709 724 788 cineam
743 704 967 786 cummim
983 703 1287 784 sumnmcnn
1301 700 1570 780 munionem.
1637 699 1712 774 aaa
1767 659 1771 668 ’

338 896 506 978 Aethiopes
530 895 729 959 certissimum
752 899 810 968 est,
832 899 863 955 et
885 909 922 955 ea
945 909 1006 954 vox
1028 888 1066 952 ad
1080 890 1149 951 illos
1170 887 1375 970 designandos
1399 887 1496 950 adhuc
1518 891 1660 966 superest
1682 886 1714 948 in

338 995 424 1058 Actis
455 994 613 1058 electionis
643 991 882 1056 Patriarcharum
917 988 1200 1052 Alexandrinorum.
1258 985 1316 1060 Qui
1350 985 1388 1048 de
1421 983 1557 1066 Regibus
1585 1002 1714 1065 quorum

339 1096 460 1158 nomina
482 1099 650 1175 sequuntur
672 1091 758 1174 plura
780 1089 873 1168 volet,
905 1088 1042 1153 consulat
1066 1085 1228 1148 Baltasaris
1252 1085 1378 1148 'lellezii
1399 1083 1563 1146 Historiam
1592 1101 1631 1146 cx
1654 1099 1713 1164 qua

338 1193 482 1275 quidquid
510 1211 618 1256 verum
648 1198 696 1254 est
725 1191 806 1252 circa
834 1188 955 1251 illorum
989 1187 1234 1263 successionem,
1264 1182 1367 1245 habuit
1397 1182 1553 1246 budellus.
1605 1182 1714 1262 Neque
1777 1261 1780 1268 Δ

337 1291 590 1373 praetereundum
615 1298 672 1366 est,
695 1290 798 1372 Reges
820 1287 901 1364 illos,
924 1288 950 1350 si
972 1285 1087 1365 primos
1114 1285 1189 1347 duos
1214 1283 1409 1362 excipiamus,
1432 1279 1585 1344 Jacobitas
1608 1280 1714 1357 luisse,

335 1409 398 1454 non
421 1389 625 1464 orthodoxos,
646 1395 680 1452 ut
702 1388 792 1452 ctiam
815 1384 1089 1449 Tella-Haimanot
1111 1385 1162 1464 qui
1185 1390 1272 1464 pater
1293 1383 1376 1444 vitae
1393 1379 1611 1444 coenobiticae
1634 1379 1714 1462 apud

336 1489 504 1570 Aethiopes
527 1487 600 1550 luit:
624 1494 655 1550 et
677 1486 843 1569 plerosque
865 1483 1086 1565 Metropolitas,
1110 1499 1236 1563 quorum
1258 1481 1379 1543 nomina
1393 1480 1423 1540 in
1446 1479 1585 1542 oratione
1608 1479 1714 1542 eadem

337 1590 515 1670 consignata
537 1595 624 1650 sunt:
647 1593 729 1649 tanta
751 1585 807 1648 luit
830 1584 988 1648 oscitantia
1011 1588 1062 1646 aut
1089 1580 1260 1662 ignorantia
1288 1597 1394 1642 eorum
1417 1579 1468 1659 qui
1491 1578 1616 1656 editioni
1638 1596 1715 1640 ver-

337 1688 431 1750 sionis
454 1687 581 1749 Latinac
602 1685 690 1767 hujus
713 1684 869 1766 biturgiae
891 1681 1098 1765 praefuerunt.
1147 1679 1297 1742 Excusari
1319 1685 1460 1759 poterant
1488 1679 1569 1740 circa
1598 1694 1714 1758 perso-

337 1804 443 1848 narum
466 1783 879 1868 ignotissimorumnomina,
910 1781 965 1846 sed
994 1780 1193 1842 excusatione
1223 1779 1305 1840 omni
1333 1785 1418 1840 caret
1447 1777 1570 1840 omissio
1599 1775 1714 1858 smodi

342 1881 612 1960 Calchedonensis,
635 1889 704 1962 post
726 1881 893 1944 nominatas
921 1878 1095 1956 Nicaenam,
1123 1875 1484 1956 Constantinopolitanam
1505 1876 1528 1938 l.
1557 1883 1588 1940 et
1610 1876 1715 1956 Ephe-

339 1983 443 2046 sinam.
490 1981 572 2044 llaec
595 1981 707 2063 quippe
730 1979 1007 2060 Menophysitarum
1037 1977 1203 2040 haereseos
1226 1975 1395 2039 certissima
1417 1983 1489 2038 nota
1519 1983 1598 2049 erat,
1626 1991 1716 2055 quam

340 2098 484 2159 censores
507 2097 613 2160 parum
625 2080 822 2160 perspicaces
839 2095 899 2140 non
924 2075 1214 2138 animadverterunt:
1238 2091 1338 2153 neque
1353 2073 1460 2138 Severi
1481 2091 1592 2137 nomen
1614 2089 1715 2154 agno-

339 2188 461 2258 verunt,
484 2177 590 2242 furiosi
614 2177 750 2258 eiusdem
773 2175 955 2251 defensoris,
979 2193 1068 2256 quem
1082 2173 1196 2236 idcirco
1210 2172 1367 2237 Jacchitae
1389 2173 1468 2236 inter
1491 2173 1618 2236 coelites
1641 2172 1716 2235 col-

340 2278 453 2359 locant,
477 2285 508 2340 et
530 2279 587 2356 hac
609 2277 728 2359 ipsein
752 2277 888 2338 oratione
909 2271 1076 2336 Athanasio
1099 2279 1301 2355 praeponunt.

767 2568 801 2640 9.
843 2568 1024 2662 Epistoloa
1049 2567 1155 2638 Pauli
1181 2568 1295 2642 lectio.

441 2783 635 2862 Onusmcus
667 2789 828 2855 Christiani
857 2789 1043 2852 Graecorum
1073 2787 1232 2869 exemplo,
1269 2788 1372 2869 plures
1402 2807 1510 2853 sacrae
1542 2790 1719 2872 Scripturae

343 2902 490 2965 lectiones
513 2899 543 2960 in
565 2894 703 2978 Liturgia
726 2893 883 2956 celebrant
889 2913 898 2968 ;
922 2899 953 2954 et
975 2893 1005 2954 in
1029 2891 1206 2972 quibusdam
1228 2891 1334 2955 diebus
1350 2899 1402 2955 eut
1424 2893 1608 2957 solemnibus
1630 2892 1718 2957 lestis

344 3001 450 3084 legunt
472 2997 580 3079 primo,
605 3001 695 3075 caput
717 2992 838 3073 aliquod
869 3011 909 3054 cx
931 2991 1036 3054 Veteri
1059 2991 1264 3070 Testamenta,
1288 2998 1320 3052 et
1342 3010 1382 3054 ex
1404 2991 1581 3075 Prophetis,
1609 2993 1720 3056 Psalmi

345 3116 467 3180 semper
488 3097 738 3176 interponuntur,
773 3110 831 3154 nec
853 3093 884 3154 in
906 3108 1061 3152 numerum
1088 3091 1219 3153 veniunt.
1272 3091 1332 3154 Sed
1360 3092 1390 3153 in
1418 3092 1545 3173 singulis
1574 3093 1719 3176 Litargiis
1764 3087 1770 3100 “

347 3198 420 3260 liunt
441 3196 603 3258 Lectiones
627 3211 668 3255 ex
688 3191 834 3274 Epistolis
856 3189 950 3268 Pauli,
975 3197 1006 3252 et
1030 3207 1069 3251 ex
1092 3187 1263 3252 canonicis.
1298 3188 1331 3251 ln
1353 3191 1411 3252 ista
1433 3191 1580 3273 Litargia,
1603 3193 1720 3271 primae

346 3302 495 3360 vocantur
515 3292 641 3368 Poclm,
663 3291 838 3372 simpliciter
845 3310 854 3365 ;
882 3306 950 3350 cum
977 3295 1010 3350 ut
1032 3307 1050 3350 a
1073 3287 1209 3364 Graecis,
1231 3290 1271 3351 ita
1295 3307 1312 3352 a
1335 3289 1491 3371 plerisque
1514 3291 1719 3354 Orientalibus

346 3395 440 3478 vulgo
463 3391 567 3454 vocari
589 3391 708 3454 soleant
728 3389 900 3470 Apostolus.
929 3386 1014 3449 Unde
1036 3386 1115 3450 liber
1136 3387 1216 3468 apud
1228 3387 1363 3452 Graecos
1377 3391 1541 3452 communis
1553 3388 1720 3470 Apostolo-

345 3492 515 3574 Ecanpelio
537 3489 654 3567 dicitur,
677 3487 759 3570 quod
781 3487 919 3569 proprias
943 3486 1107 3548 secundum
1134 3494 1271 3567 tempora
1295 3495 1326 3551 et
1348 3488 1413 3551 dies
1435 3488 1541 3565 festos,
1563 3488 1720 3570 Epistola-

346 3613 413 3657 rum
435 3599 466 3654 et
487 3587 722 3671 Evangeliorum
752 3587 914 3676 Lectiones
944 3587 1105 3648 contineat.
1149 3584 1283 3665 Alteras,
1314 3587 1484 3651 Orientalcs
1514 3596 1625 3652 vocant
1654 3586 1720 3650 Ca-

348 3693 487 3768 tholicon,
511 3689 581 3770 quia
604 3689 757 3750 continent
787 3687 939 3750 sectiones
968 3705 1008 3748 ex
1039 3685 1202 3748 Catholicis
1230 3686 1373 3769 Epistolis
1405 3687 1467 3769 legi
1496 3689 1611 3751 solitas.
1663 3687 1721 3748 Hic

346 3796 496 3855 vocantur
517 3787 637 3849 Hoccri
657 3786 689 3848 id
711 3794 759 3849 est
780 3783 951 3866 Apostolus.
994 3783 1069 3849 Sunt
1092 3792 1193 3848 autem
1215 3786 1263 3848 hic
1285 3786 1376 3848 multa
1398 3789 1582 3868 transposita
1604 3787 1635 3849 in
1657 3785 1721 3848 La-

347 3891 410 3953 tina
431 3887 584 3959 versione,
608 3902 676 3946 cum
698 3883 804 3948 Codex
834 3883 1032 3965 Aethiopicae
1063 3885 1160 3968 magis
1191 3885 1376 3968 respondeat
1406 3889 1553 3950 communi
1581 3886 1722 3950 Alexan-

349 3989 453 4051 drinae
475 3983 632 4047 Ecclesiae
656 3982 764 4048 ordini.
809 3982 893 4046 lllum
916 3992 1057 4047 accurate
1080 3986 1222 4066 exposuit
1240 3984 1346 4048 Codex
1367 3985 1571 4050 Bibliothecae
1594 3987 1721 4068 Regiae,

350 4089 401 4170 qui
431 4084 578 4148 Rubricas
609 4083 764 4164 adjunctas
794 4083 900 4161 habet,
930 4103 971 4146 ex
999 4083 1109 4147 Rituoli
1139 4083 1289 4147 Gabrielis
1320 4084 1511 4148 Patriarchae
1541 4085 1722 4167 descriptos,

349 4203 425 4268 quas
447 4185 589 4246 versione
611 4190 715 4244 nostra
737 4183 953 4264 expressimus.
989 4180 1061 4245 Illae
1085 4201 1173 4261 vero,
1196 4191 1228 4246 ut
1251 4185 1339 4247 etiam
1362 4187 1439 4248 aliae
1463 4203 1540 4265 quac
1563 4185 1601 4248 ad
1623 4187 1723 4249 llitunr

349 4285 503 4367 Syriacum
526 4281 694 4362 pertinent,
721 4282 791 4345 huic
820 4281 890 4346 loco
912 4281 1111 4364 Aethiopicae
1140 4283 1294 4366 liturgiae
1324 4285 1504 4367 explicando
1533 4285 1621 4348 utiles
1653 4303 1723 4349 csse

348 4389 486 4466 possunt,
510 4399 577 4445 cum
599 4380 706 4444 eadem
732 4383 772 4444 sit
795 4382 875 4445 circa
904 4381 1062 4446 solennem
1090 4383 1308 4464 scripturarum
1336 4383 1497 4447 lectionem
1525 4385 1557 4446 in
1584 4383 1723 4447 omnibus

350 4480 553 4547 Orientalibus
582 4480 727 4544 Ecclesiis
758 4480 926 4563 disciplina.
978 4483 1120 4545 Eamdem
1155 4483 1235 4562 apud
1265 4481 1434 4564 Aethiopes
1463 4485 1617 4565 usurpari,
1647 4485 1721 4546 satis

349 4582 441 4647 multa
464 4581 611 4662 probant,
641 4598 718 4661 quae
748 4582 861 4660 passim
883 4583 1062 4645 Franciscus
1094 4581 1275 4645 Alvarezius
1304 4583 1454 4646 Relationi
1480 4600 1554 4645 suae
1583 4584 1722 4663 inseruit,

351 4692 402 4747 aut
423 4680 495 4746 alibi
516 4697 623 4762 sparsa
645 4681 846 4760 reperiuntur.
877 4680 937 4744 Sed
956 4683 1122 4745 orationum
1135 4683 1263 4744 maximo
1279 4681 1450 4761 similitudo,
1473 4682 1577 4744 similis
1600 4699 1723 4763 quoque

352 4781 528 4863 disciplinae
551 4785 666 4841 certum
695 4787 903 4860 argumentum
932 4781 1061 4844 videtur.
1111 4781 1158 4843 Da
1185 4781 1237 4843 illa
1263 4781 1290 4843 si
1320 4781 1499 4862 Aethiopem
1528 4780 1609 4844 illum
1637 4799 1724 4844 suum

351 4879 496 4943 Ludollus
518 4879 743 4961 interrogasset
764 4879 865 4960 potius
892 4897 980 4960 quam
1004 4879 1042 4943 de
1064 4879 1236 4944 bathemen
1259 4881 1436 4964 Theologia,
1460 4898 1521 4943 non
1542 4883 1640 4943 minus
1663 4899 1724 4961 pu-

352 4979 451 5041 blicae
472 4977 591 5041 utilitati
614 4995 701 5058 quam
724 4977 821 5041 lamae
843 4995 917 5042 suae
945 4979 1156 5044 consuluisset.
1208 4979 1413 5042 lntellexissct
1434 4981 1513 5042 enim
1535 4979 1642 5060 procul
1665 4980 1725 5042 du-

350 5077 414 5157 bio,
437 5078 519 5140 circa
542 5076 725 5157 Aethiopum
747 5077 836 5140 fidem
858 5077 949 5141 multa
972 5097 1008 5142 sc
1036 5078 1200 5156 divinasse,
1223 5097 1302 5160 quae
1324 5079 1389 5141 sola
1419 5077 1595 5160 disciplinae
1624 5097 1725 5161 expo-

350 5177 462 5242 sitione
482 5175 672 5272 refelluntur.
