4686 6060
777 558 1314 639 annunnonrno.
1635 559 1714 634 425
1829 537 1839 558 '

343 749 525 839 cadavera,
552 752 703 844 quamvis
731 771 778 820 ex
803 747 953 821 locorum
987 750 1051 820 situ
1077 756 1296 848 veterumque
1329 745 1624 844 descriptionibus,
1652 767 1712 820 eas

344 887 555 959 cognoscere
582 864 781 961 quandoque
808 864 926 952 liceat,
959 865 1093 959 saepius
1119 874 1230 936 tamen
1265 867 1439 956 ignorare:
1470 864 1572 936 multo
1606 865 1713 938 minus

343 982 527 1055 mirandum
560 991 632 1072 est,
665 990 743 1078 post
776 991 884 1053 tantas
916 979 1030 1052 clades
1069 979 1187 1076 quibus
1218 981 1399 1076 Aegyptus
1433 1002 1453 1050 a
1486 979 1713 1052 Romanorum

219 1171 226 1192 ,
344 1107 452 1171 aetate
487 1095 529 1168 ad
561 1096 645 1170 baec
677 1118 783 1192 usque
817 1106 969 1192 tempora
1003 1105 1136 1170 vastata
1171 1106 1241 1186 est,
1274 1095 1550 1191 amplissimarum
1582 1094 1713 1170 urbium

343 1217 487 1307 vestigia
524 1215 663 1306 agnosci
693 1215 756 1285 vix
788 1233 912 1309 posse,
947 1215 1144 1308 praesertim
1177 1215 1211 1283 in
1246 1212 1410 1308 superiori
1436 1215 1630 1308 prouincia,
1656 1210 1713 1284 ubi

342 1341 478 1428 praeter
503 1330 650 1402 latrones
675 1329 823 1420 Arabes,
850 1332 905 1424 qui
931 1331 1048 1401 itinera
1075 1326 1241 1418 obsident,
1266 1349 1366 1400 nemo
1385 1337 1549 1424 penetrm.
1576 1325 1712 1400 Certum

343 1455 396 1520 cst
420 1446 539 1520 multas
566 1469 644 1520 essc
670 1469 757 1542 qnae
782 1448 828 1517 itu
854 1448 986 1542 penitus
1012 1443 1257 1531 interciderunt,
1284 1455 1320 1516 ut
1332 1442 1455 1518 frustra
1482 1447 1516 1515 in
1541 1442 1710 1519 hodiernis

341 1565 444 1636 ruinis
481 1573 695 1658 quaerantur,
728 1561 829 1636 multo
862 1564 972 1634 minus
1005 1564 1038 1634 in
1071 1559 1165 1634 libris
1197 1560 1348 1634 Arabum
1376 1559 1642 1652 obscurissimis,
1676 1566 1713 1635 in

343 1677 461 1774 quibus
487 1701 531 1752 ne
556 1677 728 1751 levissima
755 1679 887 1774 quidem
912 1681 1040 1751 veteris
1068 1675 1304 1772 Geograpbiae
1338 1675 1488 1749 doctrina
1523 1687 1591 1750 est:
1623 1677 1711 1751 unde

342 1794 521 1891 plerasque
548 1797 646 1878 etiam
673 1793 911 1867 celeberrimas
938 1797 972 1866 iu
998 1792 1135 1866 historia
1163 1793 1253 1865 civili
1279 1802 1336 1865 aut
1360 1791 1711 1884 Ecclesiasbcadrn-

343 1895 414 1982 stra
439 1933 542 2008 saepe
568 1913 768 2006 quaerimus,
794 1931 903 2004 neque
930 1907 986 1982 ubi
1013 1919 1068 1982 ant
1095 1907 1211 2004 quales
1234 1911 1303 2001 jam
1320 1910 1386 1981 sint
1411 1909 1529 1994 saltem
1549 1931 1595 1981 ex
1621 1932 1711 1984 con-

339 2028 469 2118 jectura
496 2037 644 2099 statuere
669 2048 856 2123 possumus.
908 2025 954 2098 Ut
979 2033 1089 2098 tamen
1121 2022 1186 2098 boc
1216 2027 1250 2096 in
1276 2027 1404 2118 genere
1431 2023 1578 2097 nonnihil
1602 2049 1710 2123 prae-

342 2153 478 2244 stemus,
505 2142 666 2238 quaedam
694 2164 741 2216 ex
765 2141 928 2215 Makrinio
954 2145 1010 2237 qui
1036 2142 1231 2238 Aegyptum
1257 2163 1340 2238 prae
1375 2143 1517 2215 caeteris
1554 2149 1710 2214 accurate
1823 2195 1826 2211 ,

343 2257 536 2355 descripsit,
571 2257 773 2348 referemus,
809 2281 855 2330 ex
889 2258 1007 2354 quibus
1043 2267 1199 2331 constare
1229 2260 1371 2354 poterit,
1406 2281 1492 2354 quae
1524 2257 1585 2332 sub
1611 2261 1710 2334 Ara-

343 2375 443 2460 bibns,
475 2373 564 2448 foret
600 2376 750 2468 regionis
788 2373 875 2448 illius
915 2384 1007 2446 certa
1055 2373 1196 2463 divisio,
1238 2397 1323 2470 quae
1356 2375 1458 2448 urbes
1493 2377 1710 2472 praecipuae,

344 2491 505 2586 simulque
537 2489 779 2587 Episcopales,
813 2501 967 2586 quantum
999 2489 1071 2561 lieri
1096 2493 1228 2584 poterit,
1255 2490 1454 2564 notabimus.

483 2619 620 2692 CXXV.
700 2618 863 2693 vetustae
910 2618 1041 2715 quidem
1085 2617 1258 2693 divisionis
1294 2621 1447 2716 Aegypti
1486 2622 1518 2691 in
1562 2619 1709 2754 Nomos,
1757 2633 1857 2688 Diivrio
1880 2641 1955 2688 vetus
1976 2631 2034 2686 Ao-

342 2739 501 2810 memoria
529 2758 673 2844 prorsus
709 2735 883 2810 obliterata
919 2745 989 2825 est,
1030 2737 1094 2807 nisi
1136 2735 1226 2830 qnod
1264 2735 1351 2810 ilbus
1393 2739 1492 2810 vocis
1530 2721 1707 2830 vestigium
1721 2723 1850 2876 Ἢ
1812 2717 1965 2773 ¹¹¹¹¹¹¹¹¹
1957 2733 2032 2771 ¹¹⁰⁰·
2168 2795 2171 2810 .

343 2852 449 2926 adbuc
474 2864 579 2928 restat
604 2857 639 2924 in
666 2851 815 2949 epistolis
842 2851 1023 2950 encyclicis
1050 2854 1136 2924 inter
1169 2852 1281 2925 titulos
1313 2853 1599 2944 Patriarcbarum,
1632 2822 1756 2926 dum⁸n

342 2993 381 3045 se
408 2969 574 3067 appellant
599 2969 891 3063 Arcbiepiacopoo
916 2968 1158 3040 Alexandriae
1185 2975 1220 3040 ct
1245 2971 1349 3041 totius
1374 2971 1543 3066 Aepppti,
1571 2976 1709 3066 ejorqoe

341 3085 534 3157 Nomorom.
587 3087 657 3159 lmo
683 3108 747 3157 nec
773 3085 985 3158 divisionis
974 3108 1008 3156 rn
1034 3084 1230 3158 Provincias
1258 3096 1291 3158 et
1316 3085 1430 3178 urbes,
1458 3091 1604 3182 quaein
1630 3085 1708 3158 No-

341 3204 411 3274 titia
445 3203 577 3297 Imperii
610 3210 849 3293 conservatur,
881 3211 961 3274 nota
994 3212 1156 3298 superest
1208 3203 1267 3275 Ait
1303 3203 1432 3298 quidem
1467 3225 1513 3275 ex
1542 3205 1709 3276 communi

342 3339 476 3390 suorum
504 3320 659 3413 opinione
685 3315 866 3390 Makrizius
887 3321 1073 3412 antiquitus
1085 3320 1275 3412 Aepyptcm
1301 3325 1396 3390 tanto
1423 3319 1612 3392 incolarum
1637 3343 1706 3390 ort-
1754 3337 2031 3410 bonooperum

340 3455 433 3505 mero
457 3435 624 3528 floruisse,
651 3441 689 3504 ot
716 3440 846 3505 centum
872 3437 1116 3530 quinquaqinta
1142 3440 1213 3506 trec
1242 3438 1402 3531 raptores
1433 3439 1641 3507 contineret.-
1671 3437 1708 3505 in
1722 3423 1747 3476 T·
1766 3424 1792 3476 ¹·

321 3572 483 3644 *qnorum
507 3550 657 3646 sinpolrb,
679 3556 826 3643 praeter
852 3553 1024 3621 ciuitatem
1046 3551 1281 3645 principales,
1309 3558 1421 3624 essent
1437 3555 1584 3623 trecenti
1596 3573 1708 3624 aeco-

340 3670 438 3761 pinto
463 3669 609 3760 quinque
631 3669 725 3762 pupi,
754 3672 815 3737 ont
839 3667 909 3738 loci
934 3665 1091 3736 ltobitoti.
1143 3667 1231 3739 Post
1255 3667 1590 3740 Notootodoaosort
1617 3673 1707 3738 tenr-

338 3804 440 3874 pora,
468 3785 642 3877 oclopiata
668 3784 814 3877 quinque
840 3788 968 3854 tontum
990 3784 1191 3875 procinctos
1223 3770 1283 3854 aea
1308 3787 1467 3879 repioaes
1502 3789 1707 3870 numeratas,

334 3901 608 3992 tmmt'ouloraqoe
634 3899 745 3970 adbuc
767 3902 876 3993 fnisse
903 3898 1132 3970 bobitotornm
1156 3899 1408 3988 rnultitudiacm,
1434 3921 1539 3994 eraque
1564 3901 1707 3972 odMo-
1745 3975 1747 3982 χ

341 4011 556 4083 bamcdonos.
592 4013 663 4086 sat
690 4015 809 4111 quibas
833 4019 870 4086 io
896 4014 1125 4110 quadruplata
1144 4018 1346 4107 prouincias
1370 4019 1509 4087 oicotim
1534 4015 1708 4088 dubitator

342 4129 453 4200 dicim
475 4131 552 4223 fnit.
1894 4200 1907 4214 ,

446 4245 597 4320 CXXVI.
649 4247 778 4320 Deinde
805 4247 869 4320 ulia
901 4246 1020 4320 divisIo
1054 4249 1198 4322 instituta
1232 4256 1284 4320 cst
1313 4251 1348 4319 in
1374 4245 1560 4339 Regionem
1592 4247 1703 4320 Mari-
1786 4267 1861 4320 nova
1887 4269 2028 4324 secundum

341 4365 455 4434 timam
480 4373 514 4436 et
539 4362 740 4452 Australem,
765 4366 811 4437 ita
837 4373 873 4436 ut
897 4365 988 4459 prior
1013 4365 1097 4435 mari
1108 4361 1352 4436 Mediterraneo
1380 4362 1422 4435 ad
1436 4362 1703 4458 Septentrionem
1750 4353 1856 4407 ⁸¹⁸¹&

340 4479 502 4552 finiretur:
529 4477 694 4554 Australis
721 4502 741 4551 a
767 4479 893 4554 Misrae
918 4503 979 4553 seu
1005 4478 1149 4553 Gabinae
1179 4477 1298 4552 finibus
1324 4481 1500 4574 inciperet,
1527 4501 1634 4575 usque
1661 4479 1704 4552 ad

341 4593 540 4690 Aethiopiae
566 4595 698 4688 limites,
723 4596 884 4670 Ausum
897 4619 1029 4689 versus,
1057 4621 1143 4695 quae
1160 4601 1278 4693 viginti
1296 4621 1361 4673 sex
1386 4600 1577 4696 provincias
1604 4619 1704 4670 com-

341 4709 552 4808 plecteretur.

444 4827 570 4900 Eornm
596 4825 679 4899 baec
705 4835 779 4900 sunt
804 4831 937 4901 nomina
964 4829 1132 4919 Charlriet,
1160 4834 1236 4906 sive
1263 4829 1450 4905 Orientalis.
1502 4827 1705 4903 bionnahiet:

341 4941 534 5016 Dakabliet:
565 4941 749 5018 Abuaniet:
782 4953 817 5016 et
851 4947 1053 5020 territorium
1084 4949 1312 5022 Damiatense:
1347 4951 1381 5021 in
1415 4957 1510 5044 parte
1542 4947 1706 5021 Maritima
