4778 6034
323 844 393 905 Quas
404 844 530 914 liturgias
542 841 607 895 lraee

299 927 424 984 Collectio
442 932 579 984 contineat.

1152 618 1469 697 PRAEFATIO.

741 812 807 890 His
840 811 1023 914 praesidiis
1057 809 1184 913 adjuti,
1222 834 1304 885 curn
1336 809 1420 885 nibil
1457 808 1586 888 deesse
1621 809 1718 913 quod
1751 810 1796 887 ad
1817 809 1995 916 Liturgias

618 945 742 1025 Latine
781 946 905 1024 saltem
938 943 1167 1047 publicandas
1198 947 1441 1022 necessarium
1484 943 1596 1044 soret,
1642 944 1845 1046 videretur7
1896 951 1997 1050 operi

619 1105 762 1157 manum
782 1077 1025 1156 admovimus:
1049 1076 1133 1181 quid
1156 1100 1245 1152 vero
1270 1089 1451 1178 praestare
1474 1082 1590 1155 conati
1615 1102 1759 1180 sumus‚
1787 1083 2000 1181 aperiemus.

618 1213 797 1318 Liturgias
824 1215 976 1314 primum
1007 1223 1079 1290 tres
1107 1209 1294 1288 Ecclesiae
1316 1209 1533 1288 lacobiticae
1556 1210 1840 1314 Alexandrinae,
1865 1214 2001 1292 scilicet

619 1348 760 1447 Basilii7
783 1342 949 1449 Gregorii
972 1344 1170 1447 Theologi‚
1207 1355 1241 1420 et
1263 1341 1384 1444 (lyrilli
1407 1344 1609 1424 nominibus
1632 1349 1831 1448 insignitas7
1862 1347 2000 1448 damus⁷

531 1573 534 1585 ¹
621 1484 682 1584 qui
713 1505 786 1556 uno
818 1479 1002 1557 volumine
1033 1477 1204 1582 quidquid
1237 1476 1282 1554 ad
1323 1477 1414 1554 illam
1449 1477 1650 1556 Ecclesiam
1684 1477 1865 1580 spectabat
1906 1478 2001 1558 Offi-

338 3365 468 3434 Liturgiac
494 3361 609 3417 Alexan·

300 3451 391 3502 drinac
429 3449 495 3501 duae
525 3467 609 3502 novae

298 3553 367 3589 nunc
385 3538 494 3604 primum
516 3537 608 3590 editae.

623 1619 760 1692 ciorum
792 1611 1141 1712 Eucharisticorum7
1189 1611 1376 1713 complecti
1410 1613 1527 1689 visum
1560 1623 1615 1690 est
1658 1636 1791 1713 operae
1834 1617 1998 1716 pretium.

620 1748 836 1826 Versionem
869 1745 1017 1824 Victorii
1048 1743 1210 1822 Scialacb
1244 1741 1463 1846 lllaronitae.
1509 1744 1699 1848 Augustae
1731 1745 2000 1825 Vindelicorum

622 1881 766 1959 editam
784 1877 976 1956 emendare
1015 1877 1059 1954 ad
1101 1880 1315 1981 primitivum
1351 1878 1533 1980 exemplar
1574 1883 1795 1981 propositum
1838 1892 1998 1958 nostrum

621 2014 746 2093 fuerat.
807 2012 944 2090 Verum
976 2023 1028 2090 tot
1063 2023 1098 2089 et
1129 2023 1222 2089 tanta
1257 2010 1422 2089 mutanda
1450 2011 1706 2114 occurrebant,
1740 2025 1790 2122 ut„
1812 2037 1906 2090 nova
1940 2018 1999 2091 in-

620 2150 873 2251 terpretatione
906 2169 997 2248 opus
1031 2170 1114 2224 esse
1140 2148 1256 2223 statim
1288 2149 1555 2250 agnoverimus.
1616 2146 1679 2223 Illa
1717 2171 1807 2224 vero
1846 2171 1919 2224 non
1956 2145 2001 2224 ad

622 2280 817 2360 Arabicum
850 2279 1032 2381 exemplar
1064 2279 1153 2356 lacta
1185 2289 1260 2378 est,
1295 2292 1333 2356 ut
1364 2279 1421 2355 illa
1443 2277 1657 2381 lllaronitae7
1697 2278 1762 2358 sed
1795 2279 1839 2356 ad
1871 2277 2000 2382 Copti-

624 2441 706 2492 cum
735 2417 873 2515 ipsum,
906 2411 1096 2489 multorum
1121 2410 1285 2489 codicum
1317 2416 1580 2515 comparatione
1609 2413 1859 2513 emaculatum,
1894 2411 1999 2489 etad

623 2552 799 2626 sinceram
816 2548 1006 2624 lectionem
1030 2557 1204 2623 exactum.
1260 2546 1451 2625 Arabicam
1470 2571 1616 2650 quoque
1638 2549 1842 2625 versionem
1866 2521 1999 2623 obser-

621 2685 806 2783 vavimus,
833 2684 863 2760 si
892 2679 1034 2783 quando
1066 2679 1181 2782 aliqua
1214 2692 1420 2757 occurreret
1451 2684 1486 2757 in
1510 2679 1770 2783 exemplaribus
1799 2680 1999 2782 diversitas,

623 2824 660 2890 et
693 2838 770 2890 eam
804 2837 896 2916 quae
930 2809 1068 2892 Graeco
1099 2815 1208 2890 textui
1246 2813 1450 2918 adjungitur
1481 2817 1516 2890 in
1545 2811 1681 2892 Codice
1709 2813 1848 2918 aegro„
1881 2814 1998 2892 multis

624 2946 712 3025 locis
737 2971 810 3024 non
835 2951 913 3025 sine
937 2946 1054 3024 fructu
1086 2947 1339 3025 consuluimus.
1401 2947 1528 3026 Varias
1562 2948 1753 3048 lectiones,
1792 2973 1874 3026 curn
1908 2948 1998 3025 clra-

623 3079 820 3158 racteribus
853 3073 1090 3158 Orientalibus
1122 3105 1350 3180 careremus,
1388 3080 1588 3184 adjungere
1619 3105 1692 3158 non
1717 3081 1833 3181 licuit,
1876 3105 1997 3158 earum

623 3225 739 3291 tamen
766 3212 908 3316 quando
942 3213 1091 3316 alicujus
1121 3217 1290 3291 momenti
1320 3217 1419 3292 visae
1450 3227 1551 3316 sunt,
1589 3219 1805 3293 mentionem
1836 3213 1996 3293 lecimus.

746 3345 837 3425 Cum
866 3371 956 3424 vero
989 3345 1060 3424 huc
1092 3371 1209 3450 usque
1242 3344 1401 3426 Graecus
1433 3347 1569 3424 illarum
1597 3346 1837 3451 Liturgiarum
1870 3345 1998 3426 Codex

622 3485 767 3558 omnino
792 3484 937 3583 ignotus
968 3479 1080 3581 soret,
1114 3483 1184 3558 imo
1210 3505 1257 3557 ne
1281 3479 1516 3584 conjectando
1540 3480 1705 3583 quidem,
1738 3491 1859 3558 extare
1887 3482 1997 3581 illum,

621 3628 681 3693 aut
704 3614 855 3695 similem
880 3613 1069 3717 aliquando
1095 3617 1273 3716 extitisse,
1315 3618 1504 3693 existimari
1538 3639 1620 3692 curn
1650 3615 1765 3719 aliqua
1790 3614 1997 3692 verisimili-

621 3748 742 3828 tudine
772 3759 921 3851 posset2
959 3751 1052 3824 nacti
1085 3747 1181 3826 illum
1217 3773 1263 3825 ex
1293 3746 1512 3827 Bibliotheca
1537 3747 1673 3852 Regia7
1717 3749 1805 3829 duas
1837 3774 1929 3853 quae
1961 3752 1997 3826 in

621 3907 666 3960 eo
695 3881 794 3959 solae
831 3890 931 3958 erant
966 3879 1144 3984 liturgias
1181 3881 1306 3960 damus
1347 3878 1481 3960 Graeca
1515 3882 1656 3986 lingua7
1695 3908 1776 3960 narn
1806 3881 1996 3960 Arabicam

619 4019 825 4093 versionem
861 4017 1023 4092 omittere
1052 4018 1174 4118 co'e'git
1202 4027 1368 4118 typorum
1395 4016 1625 4094 Orientalium
1649 4020 1776 4119 inopia.
1838 4017 1994 4093 Latinam

620 4150 687 4228 illis
711 4153 917 4228 versionem
939 4147 1164 4252 adJ'unximus
1195 4150 1342 4251 simplici
1369 4161 1405 4226 et
1427 4147 1681 4229 Ecclesiastico
1709 4150 1801 4228 stilo.
1862 4149 1996 4227 Deerat

619 4286 720 4360 tertia
741 4281 899 4385 Liturgia
928 4307 1033 4385 quam
1056 4278 1219 4384 Coptitae
1249 4280 1382 4385 Cyrillo
1408 4282 1628 4361 adscribunt:
1657 4308 1812 4387 cumque
1831 4283 1995 4361 animad-

619 4419 874 4517 vertissemus⁷
906 4418 1066 4518 exceptis
1093 4414 1160 4492 illis
1187 4439 1280 4520 quae
1303 4419 1563 4519 praeparatoria
1591 4429 1692 4519 sunt,
1726 4417 1888 4495 eamdem
1912 4443 1995 4500 esse

621 4575 714 4652 quae
747 4550 830 4627 olim
853 4549 1013 4628 Lutetiae
1043 4553 1187 4627 nomine
1216 4549 1261 4627 D.
1294 4548 1404 4628 blarci
1436 4550 1528 4629 edita
1562 4551 1698 4653 luerat,
1732 4553 1824 4629 illam
1856 4552 1994 4631 duabus

619 4683 695 4761 aliis
727 4683 970 4786 adjunximus:
1013 4682 1198 4761 emendata
1234 4683 1296 4762 ubi
1335 4707 1488 4762 necesse
1527 4684 1608 4790 tuit,
1659 4684 1781 4764 Latina
1814 4690 1993 4766 versione.

621 4813 712 4894 Cum
740 4842 849 4920 porro
883 4814 1056 4895 Codicem
1080 4815 1235 4921 Regium
1269 4820 1353 4897 satis
1385 4817 1571 4897 manifeste
1601 4845 1861 4922 agnoscamus,
1887 4845 1993 4898 manu

620 4950 769 5052 alicujus
807 4949 1023 5053 descriptum
1056 4976 1159 5053 esse⁷
1202 4956 1262 5056 qui
1299 4951 1526 5030 mediocriter
1562 4949 1699 5032 Graece
1735 4957 1861 5057 sciret7
1897 4953 1993 5033 unde

619 5106 693 5158 non
730 5085 853 5185 paucis
898 5086 1022 5161 erratis
1056 5083 1274 5166 deformatus
1311 5098 1385 5189 est⁷
1429 5111 1522 5190 quae
1557 5088 1748 5167 emendare
1781 5089 1994 5194 plerumque
