4680 6044
622 577 1152 659 mtumumhcoluclus.
1171 579 1316 661 Blsuu.
1580 579 1654 656 165

280 763 408 828 tionem.
432 761 557 826 Praeter
578 761 657 824 illam
679 760 792 826 habent
813 763 902 826 etiam
924 763 1108 846 singularem
1128 764 1370 830 benedictionem
1386 782 1561 848 mapparum
1575 785 1654 848 quae

281 863 373 927 altari
396 863 617 940 insternuntur,
638 861 885 943 respondentque
907 860 1091 926 Graecorum
1116 850 1352 943 Ἀντιμινσίοις.

377 962 592 1043 Quaecumque
615 959 654 1023 de
674 960 732 1024 illis
756 960 913 1025 observari
935 969 1062 1044 possunt
1089 981 1130 1026 ex
1157 962 1321 1046 Responsis
1343 963 1490 1028 llanuelis
1513 963 1655 1028 Charito-
1718 991 1886 1050 Anum,

281 1061 368 1144 puli,
392 1061 570 1124 Balsamone
592 1066 623 1122 ct
645 1058 711 1121 aliis
742 1060 897 1122 autoribus
925 1070 1066 1124 accurate
1096 1061 1224 1126 collecta
1251 1072 1321 1127 sunt
1350 1065 1381 1126 in
1403 1063 1580 1128 Glossario:
1615 1083 1655 1128 ex
1701 1096 1730 1150 p,
1740 1097 1766 1150 3.
1778 1099 1837 1154 ΙΨ,
1850 1099 1945 1154 om

282 1161 397 1243 quibus
419 1160 596 1241 intelligitur
605 1146 807 1238 Ἀνιιμίνσια
829 1177 898 1222 csse
920 1169 1077 1242 segmenta
1091 1163 1200 1242 panni,
1222 1163 1273 1225 vol
1287 1181 1430 1244 mappae,
1454 1181 1531 1244 quae
1546 1181 1654 1228 sacrae

281 1277 411 1323 mensae
433 1259 609 1322 insternitur
630 1259 661 1320 in
684 1259 732 1321 die
753 1259 975 1322 Encocniorum
996 1259 1171 1339 Ecclesiae,
1194 1281 1272 1344 quae
1293 1263 1434 1344 precibus
1458 1270 1488 1326 et
1509 1265 1570 1326 ritu
1591 1264 1654 1327 Ec-

281 1358 459 1423 clesiastico
482 1364 661 1421 consecrata
683 1359 713 1420 in
736 1358 837 1421 varias
858 1367 961 1439 partes
985 1357 1179 1440 discinditur,
1204 1368 1234 1424 et
1256 1379 1334 1444 quae
1356 1363 1492 1425 altarium
1515 1369 1548 1425 ut
1557 1363 1654 1426 Latini

280 1464 399 1522 vocant
413 1456 594 1538 portatilium
609 1459 706 1520 vicem
726 1464 898 1539 praestant,
923 1457 999 1521 adeo
1016 1467 1049 1520 ut
1061 1460 1093 1521 in
1105 1459 1313 1524 Oratoriorum
1332 1469 1383 1524 aut
1397 1463 1520 1524 aliarum
1537 1462 1655 1525 aedium

280 1575 442 1624 sacrarum
464 1556 576 1620 mensis
598 1574 658 1619 non
681 1557 883 1636 consecratis,
913 1557 1026 1639 absque
1055 1558 1202 1640 ejusmodi
1230 1560 1443 1640 Antimensiis,
1473 1579 1577 1626 sacras
1600 1563 1655 1624 hi-

281 1657 405 1738 turgias
427 1673 577 1740 peragere
598 1675 660 1719 non
682 1656 781 1718 liceat.
804 1655 858 1719 Est
880 1657 971 1738 igitur
992 1659 1071 1720 inter
1093 1657 1228 1722 Graecos
1252 1667 1282 1722 ct
1305 1660 1474 1724 Orientales
1503 1660 1561 1724 hoc
1591 1661 1656 1724 dis-

282 1757 418 1834 crimen,
441 1754 523 1837 quod
536 1755 654 1818 tabulae
670 1763 868 1820 consecratae
884 1788 890 1822 ‚·
897 1756 979 1837 apud
1001 1757 1076 1819 istos
1088 1756 1344 1822 Antimcnsiorum
1356 1762 1503 1823 rationem
1514 1745 1656 1841 habeant,

282 1855 432 1938 quodque
467 1854 555 1918 etiam
590 1855 621 1917 in
650 1854 793 1916 altaribus
822 1857 1008 1918 consecratis
1037 1875 1090 1919 eas
1119 1857 1235 1920 tabulas
1263 1859 1484 1940 utplurimum
1511 1860 1657 1926 adhibere

281 1955 422 2020 soleant:
447 1954 610 2034 eommunis
633 1973 709 2018 vero
730 1955 867 2035 utrisque
890 1954 1076 2019 consuetudo
1100 1964 1162 2037 est,
1186 1957 1268 2038 quod
1289 1959 1321 2022 ia
1342 1958 1416 2021 loeis
1440 1965 1491 2022 aut
1512 1960 1657 2024 altaribus

280 2072 347 2117 non
371 2054 561 2116 consecratis
590 2053 707 2134 absque
730 2052 831 2115 tabula
853 2053 1102 2120 vclhntimensio
1126 2075 1310 2122 consecrare
1325 2058 1544 2122 Eucharistiam
1570 2059 1656 2124 nefas

281 2154 472 2218 existiment.
502 2153 615 2216 Eadem
638 2163 686 2216 est
701 2153 846 2234 Syrorum
866 2153 1069 2217 Jacobitarum
1091 2156 1266 2238 disciplina,
1290 2175 1378 2239 quam
1400 2158 1657 2222 inNomoeanone

280 2272 342 2318 suo
366 2253 499 2335 explieat
513 2253 743 2335 Abuliaragius,
767 2253 849 2317 etin
872 2271 931 2335 qua
953 2253 1107 2338 singulare
1130 2255 1269 2337 quiddam
1291 2257 1482 2322 observatur.
1511 2259 1586 2321 Nam
1608 2265 1658 2320 ta-

280 2352 377 2417 bulae
402 2361 452 2416 aut
475 2353 642 2416 antimcnsii
665 2352 785 2416 deiectu
808 2353 928 2432 dieunt,
950 2353 1131 2418 sumendam
1153 2375 1220 2418 esee
1238 2356 1346 2436 [olium
1368 2357 1658 2439 sauromatem

281 2471 394 2515 eorum
414 2454 528 2532 oieerm
551 2460 581 2514 et
602 2471 697 2533 aspra
718 2453 926 2515 collocandum
947 2454 1064 2516 discam
1085 2463 1116 2516 et
1135 2456 1278 2518 calicem:
1307 2463 1368 2518 tum
1389 2459 1421 2518 in
1443 2458 1510 2520 loce
1538 2458 1658 2520 deserte

281 2553 469 2614 meemsitate
496 2560 620 2632 urpmte
647 2550 786 2614 montom
811 2551 1018 2616 Diaconoram
1045 2553 1092 2614 uti
1112 2572 1206 2634 posse
1226 2553 1423 2619 Sacerdotem
1451 2558 1561 2619 abaris
1581 2559 1658 2634 viee,

284 2649 371 2732 quod
395 2651 425 2712 in
446 2649 602 2713 l’hilotbeo
626 2649 734 2712 laetum
757 2667 774 2712 a
796 2669 831 2714 se
854 2651 1063 2714 theodoretus
1086 2653 1247 2733 observat,
1269 2655 1300 2716 in
1322 2655 1449 2737 gratiam
1473 2657 1556 2719 senis
1583 2675 1658 2720 san-

285 2749 432 2828 ctissimi,
457 2750 507 2830 qui
528 2767 586 2831 per
608 2766 702 2812 annos
725 2749 834 2812 multos
869 2751 901 2813 in
928 2750 1004 2814 cella
1033 2750 1189 2833 reclusus,
1213 2769 1316 2832 sacra,
1339 2755 1482 2836 mysteria
1506 2754 1658 2819 celebrata

282 2867 350 2912 non
378 2848 507 2912 viderat.
552 2848 688 2912 citantur
715 2848 823 2912 eodem
849 2849 919 2912 loco
942 2849 1178 2916 Constitutiones
1207 2851 1365 2918 Ecclesiae
1392 2852 1599 2919 Antiochenae
1628 2863 1659 2920 et

285 2945 413 3029 Cyriaoi
435 2947 645 3026 Patriarchae,
676 2947 839 3012 secundum
871 2967 945 3030 quas
972 2952 1174 3033 praecipitur,
1202 2960 1235 3015 at
1262 2952 1415 3016 Sacerdos
1441 2974 1502 3016 aon
1531 2955 1661 3018 celebret

285 3047 405 3127 absque
427 3047 530 3110 arbuta
552 3056 732 3110 cmrsecrata
754 3048 794 3109 ab
815 3047 984 3129 Episcopo,
1006 3070 1084 3132 qaae
1105 3053 1200 3114 altari
1219 3053 1405 3132 imponatur,
1428 3052 1659 3134 quaeeifracta

283 3147 401 3227 suerit,
424 3146 512 3209 debet
532 3147 638 3226 defodi
658 3149 691 3209 in
712 3149 779 3210 loeo
801 3167 910 3228 sacro,
934 3156 1015 3212 tanta
1038 3157 1086 3213 est
1107 3152 1186 3214 inter
1208 3150 1378 3215 Orientales
1399 3151 1586 3215 Christianos
1610 3153 1658 3214 al-

284 3245 398 3308 tarium
419 3249 585 3312 veneratio.
609 3245 641 3308 ln
664 3246 771 3310 iisdem
792 3249 978 3330 praecipitur
1001 3267 1122 3331 quoque
1144 3258 1178 3312 at
1197 3250 1343 3331 reliquiae
1364 3260 1530 3334 martyram
1552 3253 1584 3314 in
1607 3251 1658 3314 al-

285 3345 410 3408 taribus
431 3347 628 3426 deponantur.
673 3346 756 3409 Haec
778 3349 877 3410 omnia
900 3357 1040 3412 accurate
1063 3357 1254 3431 exponuntur
1274 3352 1305 3413 in
1327 3350 1483 3442 praedicto
1504 3349 1658 3414 Nomoca-

284 3460 385 3522 none,
409 3451 439 3506 et
461 3445 540 3527 apud
562 3445 818 3526 Echmimensem,
840 3448 1056 3528 Ebnassalum,
1080 3450 1215 3532 aliosque
1228 3449 1383 3513 Canonmn
1399 3451 1582 3513 collectores
1607 3458 1658 3512 aut

285 3545 492 3624 interpretes,
515 3564 555 3607 ex
578 3545 685 3624 quibus
707 3545 821 3628 liquido
845 3557 986 3628 apparet,
1018 3566 1136 3612 omnem
1164 3549 1309 3612 honorem
1340 3568 1428 3632 quem
1449 3548 1589 3612 Ecclesia
1618 3547 1655 3609 ab

284 3642 373 3706 initio
397 3645 494 3706 saeris
518 3644 661 3708 altaribus
683 3645 802 3726 tribuit,
826 3646 902 3708 adeo
925 3654 958 3708 ut
979 3647 1028 3710 illa
1049 3667 1200 3730 nunquam
1222 3667 1279 3730 per
1300 3649 1471 3712 haereticos
1485 3646 1593 3711 violari
1607 3653 1658 3708 aut

286 3741 405 3805 destrui
427 3745 493 3806 sino
515 3743 643 3806 horrore
665 3744 793 3826 viderit,
815 3753 849 3809 ut
869 3747 1022 3811 notissima
1031 3745 1133 3829 Optati
1155 3748 1324 3812 testimonia
1337 3747 1552 3826 demonstrant,
1567 3747 1657 3809 etiam

287 3839 461 3906 Orientales
483 3843 589 3906 iisdem
612 3842 741 3908 deferre.
1657 3851 1660 3858 ⁴

378 3940 416 4004 Ut
430 3941 461 4003 id
475 3943 564 4005 etiam
579 3961 763 4022 moneamus,
781 3943 887 4007 altaria
902 3946 931 4007 in
947 3945 1092 4009 Ecclesiis
1110 3943 1324 4026 Orientalibus,
1339 3954 1372 4009 ut
1386 3946 1555 4028 plurimum,
1568 3943 1656 4006 unica
1671 3968 1985 4040 q1„,1„.„„„„„p„

287 4049 370 4119 sunt,
395 4059 434 4102 cx
455 4041 553 4104 veteri
577 4043 803 4122 consuetudine,
828 4047 963 4125 quamvis
986 4053 1018 4106 ut
1036 4046 1099 4127 jam
1121 4064 1139 4108 a
1161 4047 1260 4109 multis
1281 4047 1423 4126 saeculis,
1445 4053 1569 4129 praeter
1591 4061 1659 4104 ma-

284 4143 348 4224 jus,
372 4141 519 4221 quaedam
540 4143 655 4205 minora
676 4142 806 4206 habeant
828 4145 858 4205 in
871 4139 1134 4230 Παρεκκλησίαις
1151 4165 1206 4210 scu
1227 4154 1261 4209 ut
1282 4165 1334 4210 eas
1356 4147 1450 4230 vulgo
1473 4142 1657 4228 appellamus

289 4241 432 4322 capellis.
475 4241 571 4323 liujus
595 4250 694 4304 autem
721 4261 787 4305 eam
814 4243 880 4306 lere
908 4243 998 4307 habet
1019 4243 1142 4308 formam
1166 4265 1253 4328 quam
1277 4246 1355 4328 apud
1378 4245 1527 4324 Graecos,
1549 4261 1658 4322 nempe

287 4349 323 4403 ut
345 4341 385 4402 sit
407 4340 437 4401 in
460 4341 609 4420 superiori
631 4349 717 4422 parte
741 4343 897 4406 Ecclesiae
918 4361 1040 4407 versum
1063 4345 1101 4408 ad
1117 4345 1281 4426 Orientem,
1305 4354 1336 4410 et
1358 4348 1388 4408 in
1405 4345 1496 4408 Chori
1517 4340 1660 4406 meditul-

287 4439 341 4502 lio.
386 4439 525 4503 Ambitus
548 4448 648 4504 autern
670 4442 736 4504 sive
760 4450 896 4523 septum,
929 4445 960 4506 in
987 4462 1048 4525 quo
1077 4445 1171 4508 altare
1200 4444 1377 4509 collocatum
1400 4453 1463 4524 cst,
1494 4463 1511 4507 a
1535 4440 1659 4506 Graecis

284 4528 458 4624 ‘lapaceior
485 4557 540 4602 seu
562 4541 765 4604 sanctuarium
786 4542 972 4625 appellatur,
1003 4563 1091 4625 quam
1113 4564 1220 4609 vocem
1241 4553 1274 4608 ut
1294 4547 1401 4609 multas
1424 4545 1498 4608 alias
1521 4541 1660 4622 Coptitae

290 4638 500 4720 retinuerunt,
532 4641 587 4704 sed
617 4651 802 4725 corruptam,
832 4665 900 4708 nam
926 4644 1059 4709 Arabica
1086 4645 1222 4708 seribunt
1247 4644 1396 4708 Arcam
1441 4641 1660 4723 complectitur

293 4739 418 4818 proprie
441 4739 593 4821 loquendo
616 4760 733 4806 omnem
759 4744 839 4807 illam
866 4746 1030 4808 sanctuarii
1057 4753 1189 4827 partem,
1217 4745 1248 4807 in
1270 4764 1329 4826 qua
1352 4743 1532 4810 Sacerdotes
1555 4739 1659 4805 etalii

290 4836 497 4902 Ecclesiastici
526 4843 709 4920 consistunt,
739 4862 807 4906 nam
835 4844 912 4909 illius
941 4843 1022 4908 aditu
1051 4844 1133 4927 plebi
1160 4861 1286 4926 prorsus
1314 4845 1512 4909 interdicitur.
1558 4841 1592 4904 ln
1620 4858 1658 4903 ea

290 4945 378 5016 parte
401 4938 486 5002 locus
510 4939 629 5021 altaris,
660 4945 715 5024 qui
733 4943 877 5026 gradibus
909 4943 1024 5026 aliquot
1045 4945 1179 5009 sublimis
1202 4952 1260 5025 est,
1291 4943 1388 5030 Βῆμα
1410 4943 1596 5028 appellatur,
1626 4948 1659 5003 ut

293 5036 373 5118 apud
395 5037 544 5118 Graecos3
565 5039 698 5108 Arabiae
719 5043 826 5108 lleilrel
845 5046 932 5127 quasi
954 5044 1096 5126 templum
1115 5064 1155 5109 ex
1170 5045 1327 5128 hebraeo,
1350 5047 1405 5110 scd
1425 5049 1466 5110 ita
1488 5053 1521 5109 ut
1539 5062 1577 5108 ea
1597 5059 1660 5106 vox
