<?xml version="1.0" encoding="UTF-8"?>
<!DOCTYPE html PUBLIC "-//W3C//DTD XHTML 1.0 Transitional//EN"
    "http://www.w3.org/TR/xhtml1/DTD/xhtml1-transitional.dtd">
<html xmlns="http://www.w3.org/1999/xhtml" xml:lang="en" lang="en">
 <head>
  <title>
</title>
<meta http-equiv="Content-Type" content="text/html;charset=utf-8" />
  <meta name='ocr-system' content='tesseract 3.04.00' />
  <meta name='ocr-capabilities' content='ocr_page ocr_carea ocr_par ocr_line ocrx_word'/>
</head>
<body>
  <div class='ocr_page' id='page_1' title='image "./liturgiarumorie03renagoog_0104.png"; bbox 0 0 4760 6038; ppageno 0'>
   <div class='ocr_carea' id='block_1_1' title="bbox 520 587 1763 682">
    <p class='ocr_par' dir='ltr' id='par_1_1' title="bbox 520 587 1763 682">
     <span class='ocr_line' id='line_1_1' title="bbox 520 587 1763 682; baseline -0.008 -11"><span class='ocrx_word' id='word_1_1' title='bbox 520 595 571 671; x_wconf 89' lang='lat' dir='ltr'><strong>Dll</strong></span> <span class='ocrx_word' id='word_1_2' title='bbox 589 592 845 671; x_wconf 80' lang='lat' dir='ltr'><strong>LITURGlbllUll</strong></span> <span class='ocrx_word' id='word_1_3' title='bbox 861 592 1115 682; x_wconf 82' lang='lat' dir='ltr'><strong>ORIElleblllll</strong></span> <span class='ocrx_word' id='word_1_4' title='bbox 1133 590 1282 669; x_wconf 84' lang='lat' dir='ltr'><strong>ORIGlNll</strong></span> <span class='ocrx_word' id='word_1_5' title='bbox 1296 593 1344 668; x_wconf 84' lang='grc' dir='ltr'><strong>ΕΤ</strong></span> <span class='ocrx_word' id='word_1_6' title='bbox 1360 590 1607 668; x_wconf 74' lang='lat' dir='ltr'><strong>autoritati.</strong></span> <span class='ocrx_word' id='word_1_7' title='bbox 1639 587 1763 662; x_wconf 90' lang='lat' dir='ltr'>LXVII</span> 
     </span>
    </p>
   </div>
   <div class='ocr_carea' id='block_1_2' title="bbox 394 778 2092 5268">
    <p class='ocr_par' dir='ltr' id='par_1_2' title="bbox 400 778 1763 970">
     <span class='ocr_line' id='line_1_2' title="bbox 400 778 1763 878; baseline -0.003 -24"><span class='ocrx_word' id='word_1_8' title='bbox 400 783 560 878; x_wconf 70' lang='lat' dir='ltr'><strong>mysteria</strong></span> <span class='ocrx_word' id='word_1_9' title='bbox 588 779 710 854; x_wconf 86' lang='lat' dir='ltr'><strong>Graeci</strong></span> <span class='ocrx_word' id='word_1_10' title='bbox 737 791 770 853; x_wconf 92' lang='lat' dir='ltr'><strong>et</strong></span> <span class='ocrx_word' id='word_1_11' title='bbox 795 780 914 875; x_wconf 85' lang='lat' dir='ltr'>reliqui</span> <span class='ocrx_word' id='word_1_12' title='bbox 940 778 1126 852; x_wconf 87' lang='lat' dir='ltr'><strong>Orientales</strong></span> <span class='ocrx_word' id='word_1_13' title='bbox 1152 778 1306 872; x_wconf 79' lang='lat' dir='ltr'><strong>habeant,</strong></span> <span class='ocrx_word' id='word_1_14' title='bbox 1333 801 1376 851; x_wconf 87' lang='lat' dir='ltr'><strong>an</strong></span> <span class='ocrx_word' id='word_1_15' title='bbox 1402 801 1477 852; x_wconf 92' lang='lat' dir='ltr'><strong>eam</strong></span> <span class='ocrx_word' id='word_1_16' title='bbox 1503 802 1523 851; x_wconf 91' lang='lat' dir='ltr'><strong>a</strong></span> <span class='ocrx_word' id='word_1_17' title='bbox 1549 778 1678 854; x_wconf 89' lang='lat' dir='ltr'><strong>Latinis</strong></span> <span class='ocrx_word' id='word_1_18' title='bbox 1707 778 1763 850; x_wconf 93' lang='lat' dir='ltr'><strong>di-</strong></span> 
     </span>
     <span class='ocr_line' id='line_1_3' title="bbox 404 898 551 970; baseline -0.007 0"><span class='ocrx_word' id='word_1_19' title='bbox 404 898 551 970; x_wconf 80' lang='lat' dir='ltr'><strong>dicerint.</strong></span> 
     </span>
    </p>

    <p class='ocr_par' dir='ltr' id='par_1_3' title="bbox 395 1011 2092 4341">
     <span class='ocr_line' id='line_1_4' title="bbox 503 1011 2092 1108; baseline -0.001 -23"><span class='ocrx_word' id='word_1_20' title='bbox 503 1014 612 1087; x_wconf 90' lang='lat' dir='ltr'><strong>Porro</strong></span> <span class='ocrx_word' id='word_1_21' title='bbox 639 1016 668 1087; x_wconf 92' lang='lat' dir='ltr'><strong>si</strong></span> <span class='ocrx_word' id='word_1_22' title='bbox 695 1011 772 1108; x_wconf 91' lang='lat' dir='ltr'><strong>quid</strong></span> <span class='ocrx_word' id='word_1_23' title='bbox 797 1019 922 1084; x_wconf 88' lang='lat' dir='ltr'><strong>certum</strong></span> <span class='ocrx_word' id='word_1_24' title='bbox 950 1014 1121 1106; x_wconf 88' lang='lat' dir='ltr'><strong>omnisque</strong></span> <span class='ocrx_word' id='word_1_25' title='bbox 1136 1022 1228 1085; x_wconf 90' lang='lat' dir='ltr'><strong>retro</strong></span> <span class='ocrx_word' id='word_1_26' title='bbox 1253 1014 1451 1108; x_wconf 76' lang='lat' dir='ltr'><strong>antiquitatis</strong></span> <span class='ocrx_word' id='word_1_27' title='bbox 1479 1015 1666 1086; x_wconf 89' lang='lat' dir='ltr'><strong>testimonio</strong></span> <span class='ocrx_word' id='word_1_28' title='bbox 1683 1035 1764 1086; x_wconf 91' lang='lat' dir='ltr'><strong>mu·</strong></span> <span class='ocrx_word' id='word_1_29' title='bbox 1786 1019 2092 1074; x_wconf 66' lang='lat' dir='ltr'><strong>consenseramus-</strong></span> 
     </span>
     <span class='ocr_line' id='line_1_5' title="bbox 401 1111 2086 1248; baseline 0 -47"><span class='ocrx_word' id='word_1_30' title='bbox 401 1131 501 1203; x_wconf 92' lang='lat' dir='ltr'><strong>nitum</strong></span> <span class='ocrx_word' id='word_1_31' title='bbox 526 1132 702 1225; x_wconf 84' lang='lat' dir='ltr'><strong>reperitrn,</strong></span> <span class='ocrx_word' id='word_1_32' title='bbox 729 1139 781 1202; x_wconf 90' lang='lat' dir='ltr'><strong>est</strong></span> <span class='ocrx_word' id='word_1_33' title='bbox 806 1149 889 1200; x_wconf 89' lang='lat' dir='ltr'><strong>sane</strong></span> <span class='ocrx_word' id='word_1_34' title='bbox 915 1127 1020 1198; x_wconf 81' lang='lat' dir='ltr'><strong>ctdtus</strong></span> <span class='ocrx_word' id='word_1_35' title='bbox 1047 1126 1104 1199; x_wconf 92' lang='lat' dir='ltr'><strong>ille</strong></span> <span class='ocrx_word' id='word_1_36' title='bbox 1128 1127 1356 1200; x_wconf 84' lang='lat' dir='ltr'><strong>Eucharistiae</strong></span> <span class='ocrx_word' id='word_1_37' title='bbox 1383 1130 1537 1218; x_wconf 85' lang='lat' dir='ltr'><strong>eximius,</strong></span> <span class='ocrx_word' id='word_1_38' title='bbox 1565 1138 1598 1200; x_wconf 92' lang='lat' dir='ltr'><strong>et</strong></span> <span class='ocrx_word' id='word_1_39' title='bbox 1623 1151 1703 1200; x_wconf 87' lang='lat' dir='ltr'><strong>cura</strong></span> <span class='ocrx_word' id='word_1_40' title='bbox 1729 1133 1762 1201; x_wconf 96' lang='lat' dir='ltr'><strong>in</strong></span> <span class='ocrx_word' id='word_1_41' title='bbox 1776 1111 2086 1248; x_wconf 48' lang='lat' dir='ltr'><strong>ff‘ffilflffiff‘l&#39;</strong></span> 
     </span>
     <span class='ocr_line' id='line_1_6' title="bbox 402 1211 2024 1336; baseline -0.001 -18"><span class='ocrx_word' id='word_1_42' title='bbox 402 1270 442 1319; x_wconf 89' lang='lat' dir='ltr'><strong>ea</strong></span> <span class='ocrx_word' id='word_1_43' title='bbox 469 1245 702 1320; x_wconf 86' lang='lat' dir='ltr'><strong>conservanda</strong></span> <span class='ocrx_word' id='word_1_44' title='bbox 738 1256 771 1316; x_wconf 89' lang='lat' dir='ltr'><strong>et</strong></span> <span class='ocrx_word' id='word_1_45' title='bbox 798 1242 1065 1316; x_wconf 85' lang='lat' dir='ltr'><strong>administranda.</strong></span> <span class='ocrx_word' id='word_1_46' title='bbox 1116 1244 1200 1317; x_wconf 85' lang='lat' dir='ltr'><strong>Sunt</strong></span> <span class='ocrx_word' id='word_1_47' title='bbox 1227 1241 1370 1316; x_wconf 82' lang='lat' dir='ltr'><strong>Codices</strong></span> <span class='ocrx_word' id='word_1_48' title='bbox 1396 1244 1619 1336; x_wconf 83' lang='lat' dir='ltr'><strong>Liturgiamum</strong></span> <span class='ocrx_word' id='word_1_49' title='bbox 1647 1241 1762 1316; x_wconf 87' lang='lat' dir='ltr'><strong>Grae·</strong></span> <span class='ocrx_word' id='word_1_50' title='bbox 1803 1212 1825 1248; x_wconf 76' lang='lat' dir='ltr'><strong>a</strong></span> <span class='ocrx_word' id='word_1_51' title='bbox 1864 1211 1904 1248; x_wconf 70' lang='lat'><strong>⁰⁵</strong></span> <span class='ocrx_word' id='word_1_52' title='bbox 2004 1213 2024 1246; x_wconf 40' lang='grc' dir='ltr'><strong>τ’</strong></span> 
     </span>
     <span class='ocr_line' id='line_1_7' title="bbox 401 1358 1763 1456; baseline -0.002 -21"><span class='ocrx_word' id='word_1_53' title='bbox 401 1385 511 1435; x_wconf 86' lang='lat' dir='ltr'><strong>carum</strong></span> <span class='ocrx_word' id='word_1_54' title='bbox 545 1365 688 1456; x_wconf 80' lang='lat' dir='ltr'><strong>antiqui,</strong></span> <span class='ocrx_word' id='word_1_55' title='bbox 719 1363 753 1432; x_wconf 94' lang='lat' dir='ltr'><strong>in</strong></span> <span class='ocrx_word' id='word_1_56' title='bbox 785 1358 902 1454; x_wconf 89' lang='lat' dir='ltr'><strong>quibus</strong></span> <span class='ocrx_word' id='word_1_57' title='bbox 929 1380 1045 1431; x_wconf 92' lang='lat' dir='ltr'><strong>omnes</strong></span> <span class='ocrx_word' id='word_1_58' title='bbox 1072 1364 1307 1432; x_wconf 89' lang='lat' dir='ltr'><strong>caeremoniae</strong></span> <span class='ocrx_word' id='word_1_59' title='bbox 1332 1383 1400 1432; x_wconf 93' lang='lat' dir='ltr'><strong>non</strong></span> <span class='ocrx_word' id='word_1_60' title='bbox 1427 1363 1646 1449; x_wconf 89' lang='lat' dir='ltr'><strong>continentur,</strong></span> <span class='ocrx_word' id='word_1_61' title='bbox 1674 1361 1763 1454; x_wconf 92' lang='lat' dir='ltr'><strong>quod</strong></span> 
     </span>
     <span class='ocr_line' id='line_1_8' title="bbox 399 1474 1763 1572; baseline -0.004 -19"><span class='ocrx_word' id='word_1_62' title='bbox 399 1479 489 1553; x_wconf 84' lang='lat' dir='ltr'><strong>solas</strong></span> <span class='ocrx_word' id='word_1_63' title='bbox 516 1482 685 1551; x_wconf 90' lang='lat' dir='ltr'><strong>orationes</strong></span> <span class='ocrx_word' id='word_1_64' title='bbox 710 1476 865 1566; x_wconf 81' lang='lat' dir='ltr'><strong>babeant,</strong></span> <span class='ocrx_word' id='word_1_65' title='bbox 892 1485 927 1546; x_wconf 90' lang='lat' dir='ltr'><strong>et</strong></span> <span class='ocrx_word' id='word_1_66' title='bbox 957 1475 991 1547; x_wconf 93' lang='lat' dir='ltr'><strong>id</strong></span> <span class='ocrx_word' id='word_1_67' title='bbox 1024 1478 1150 1571; x_wconf 90' lang='lat' dir='ltr'><strong>pariter</strong></span> <span class='ocrx_word' id='word_1_68' title='bbox 1176 1475 1378 1549; x_wconf 89' lang='lat' dir='ltr'><strong>observatur</strong></span> <span class='ocrx_word' id='word_1_69' title='bbox 1411 1480 1445 1548; x_wconf 94' lang='lat' dir='ltr'><strong>in</strong></span> <span class='ocrx_word' id='word_1_70' title='bbox 1480 1477 1609 1548; x_wconf 86' lang='lat' dir='ltr'><strong>Latinis</strong></span> <span class='ocrx_word' id='word_1_71' title='bbox 1637 1474 1763 1572; x_wconf 87' lang='lat' dir='ltr'><strong>aliquot</strong></span> 
     </span>
     <span class='ocr_line' id='line_1_9' title="bbox 399 1589 1763 1678; baseline -0.003 -10"><span class='ocrx_word' id='word_1_72' title='bbox 399 1593 607 1668; x_wconf 86' lang='lat' dir='ltr'><strong>blissalibus:</strong></span> <span class='ocrx_word' id='word_1_73' title='bbox 640 1593 724 1665; x_wconf 91' lang='lat' dir='ltr'><strong>tales</strong></span> <span class='ocrx_word' id='word_1_74' title='bbox 758 1594 856 1663; x_wconf 89' lang='lat' dir='ltr'><strong>etiam</strong></span> <span class='ocrx_word' id='word_1_75' title='bbox 885 1599 961 1664; x_wconf 91' lang='lat' dir='ltr'><strong>sunt</strong></span> <span class='ocrx_word' id='word_1_76' title='bbox 991 1589 1140 1664; x_wconf 92' lang='lat' dir='ltr'><strong>nonnulli</strong></span> <span class='ocrx_word' id='word_1_77' title='bbox 1167 1596 1248 1665; x_wconf 89' lang='lat' dir='ltr'><strong>satis</strong></span> <span class='ocrx_word' id='word_1_78' title='bbox 1274 1602 1440 1665; x_wconf 90' lang='lat' dir='ltr'><strong>recentes.</strong></span> <span class='ocrx_word' id='word_1_79' title='bbox 1468 1592 1533 1678; x_wconf 82' lang='lat' dir='ltr'><strong>Qui</strong></span> <span class='ocrx_word' id='word_1_80' title='bbox 1561 1615 1606 1664; x_wconf 85' lang='lat' dir='ltr'><strong>ex</strong></span> <span class='ocrx_word' id='word_1_81' title='bbox 1632 1591 1763 1664; x_wconf 90' lang='lat' dir='ltr'><strong>illorum</strong></span> 
     </span>
     <span class='ocr_line' id='line_1_10' title="bbox 400 1699 1762 1805; baseline -0.002 -21"><span class='ocrx_word' id='word_1_82' title='bbox 400 1721 508 1784; x_wconf 89' lang='lat' dir='ltr'><strong>aetate</strong></span> <span class='ocrx_word' id='word_1_83' title='bbox 540 1712 724 1783; x_wconf 90' lang='lat' dir='ltr'><strong>novitatem</strong></span> <span class='ocrx_word' id='word_1_84' title='bbox 751 1730 924 1780; x_wconf 88' lang='lat' dir='ltr'><strong>sacrorum</strong></span> <span class='ocrx_word' id='word_1_85' title='bbox 947 1699 1077 1779; x_wconf 82' lang='lat' dir='ltr'><strong>&#39;rituum</strong></span> <span class='ocrx_word' id='word_1_86' title='bbox 1104 1707 1315 1782; x_wconf 88' lang='lat' dir='ltr'><strong>determinari</strong></span> <span class='ocrx_word' id='word_1_87' title='bbox 1340 1729 1444 1805; x_wconf 89' lang='lat' dir='ltr'><strong>posse</strong></span> <span class='ocrx_word' id='word_1_88' title='bbox 1470 1709 1635 1798; x_wconf 88' lang='lat' dir='ltr'><strong>crederet,</strong></span> <span class='ocrx_word' id='word_1_89' title='bbox 1662 1709 1762 1781; x_wconf 91' lang='lat' dir='ltr'><strong>valde</strong></span> 
     </span>
     <span class='ocr_line' id='line_1_11' title="bbox 399 1822 1762 1900; baseline -0.001 -1"><span class='ocrx_word' id='word_1_90' title='bbox 399 1827 663 1900; x_wconf 90' lang='lat' dir='ltr'><strong>hallucinaretur.</strong></span> <span class='ocrx_word' id='word_1_91' title='bbox 715 1824 801 1896; x_wconf 90' lang='lat' dir='ltr'><strong>Nam</strong></span> <span class='ocrx_word' id='word_1_92' title='bbox 827 1834 863 1896; x_wconf 94' lang='lat' dir='ltr'><strong>ut</strong></span> <span class='ocrx_word' id='word_1_93' title='bbox 895 1826 929 1895; x_wconf 95' lang='lat' dir='ltr'><strong>in</strong></span> <span class='ocrx_word' id='word_1_94' title='bbox 961 1822 1115 1896; x_wconf 83' lang='lat' dir='ltr'><strong>Ecclesia</strong></span> <span class='ocrx_word' id='word_1_95' title='bbox 1146 1823 1267 1896; x_wconf 87' lang='lat' dir='ltr'><strong>Latina</strong></span> <span class='ocrx_word' id='word_1_96' title='bbox 1294 1828 1492 1900; x_wconf 86' lang='lat' dir='ltr'><strong>exstiterunt</strong></span> <span class='ocrx_word' id='word_1_97' title='bbox 1519 1835 1655 1898; x_wconf 89' lang='lat' dir='ltr'><strong>autores</strong></span> <span class='ocrx_word' id='word_1_98' title='bbox 1682 1827 1762 1898; x_wconf 88' lang='lat' dir='ltr'><strong>satis</strong></span> 
     </span>
     <span class='ocr_line' id='line_1_12' title="bbox 401 1940 1763 2036; baseline -0.004 -19"><span class='ocrx_word' id='word_1_99' title='bbox 401 1944 501 2032; x_wconf 91' lang='lat' dir='ltr'><strong>multi,</strong></span> <span class='ocrx_word' id='word_1_100' title='bbox 528 1944 583 2036; x_wconf 93' lang='lat' dir='ltr'><strong>qui</strong></span> <span class='ocrx_word' id='word_1_101' title='bbox 607 1945 689 2014; x_wconf 86' lang='lat' dir='ltr'><strong>ritus</strong></span> <span class='ocrx_word' id='word_1_102' title='bbox 716 1949 872 2014; x_wconf 88' lang='lat' dir='ltr'><strong>accurate</strong></span> <span class='ocrx_word' id='word_1_103' title='bbox 898 1951 932 2012; x_wconf 93' lang='lat' dir='ltr'><strong>et</strong></span> <span class='ocrx_word' id='word_1_104' title='bbox 943 1940 1161 2034; x_wconf 91' lang='lat' dir='ltr'><strong>particulatim</strong></span> <span class='ocrx_word' id='word_1_105' title='bbox 1184 1952 1424 2036; x_wconf 86' lang='lat' dir='ltr'><strong>exposuerunt,</strong></span> <span class='ocrx_word' id='word_1_106' title='bbox 1449 1942 1623 2031; x_wconf 89' lang='lat' dir='ltr'><strong>Alcuinus,</strong></span> <span class='ocrx_word' id='word_1_107' title='bbox 1649 1941 1763 2013; x_wconf 87' lang='lat' dir='ltr'><strong>Ama-</strong></span> 
     </span>
     <span class='ocr_line' id='line_1_13' title="bbox 400 2055 1762 2154; baseline -0.004 -21"><span class='ocrx_word' id='word_1_108' title='bbox 400 2060 511 2150; x_wconf 89' lang='lat' dir='ltr'><strong>larius,</strong></span> <span class='ocrx_word' id='word_1_109' title='bbox 537 2055 717 2131; x_wconf 85' lang='lat' dir='ltr'><strong>Rhabanus</strong></span> <span class='ocrx_word' id='word_1_110' title='bbox 750 2067 784 2128; x_wconf 89' lang='lat' dir='ltr'><strong>et</strong></span> <span class='ocrx_word' id='word_1_111' title='bbox 818 2058 977 2153; x_wconf 69' lang='lat' dir='ltr'><strong>anonymi</strong></span> <span class='ocrx_word' id='word_1_112' title='bbox 1003 2055 1209 2153; x_wconf 88' lang='lat' dir='ltr'><strong>complures,</strong></span> <span class='ocrx_word' id='word_1_113' title='bbox 1234 2061 1279 2128; x_wconf 91' lang='lat' dir='ltr'><strong>ita</strong></span> <span class='ocrx_word' id='word_1_114' title='bbox 1307 2079 1388 2130; x_wconf 90' lang='lat' dir='ltr'><strong>suos</strong></span> <span class='ocrx_word' id='word_1_115' title='bbox 1413 2057 1541 2130; x_wconf 80' lang='lat' dir='ltr'><strong>ritualia</strong></span> <span class='ocrx_word' id='word_1_116' title='bbox 1570 2056 1762 2154; x_wconf 87' lang='lat' dir='ltr'><strong>disciplinae</strong></span> 
     </span>
     <span class='ocr_line' id='line_1_14' title="bbox 401 2172 1762 2273; baseline -0.002 -24"><span class='ocrx_word' id='word_1_117' title='bbox 401 2179 610 2273; x_wconf 86' lang='lat' dir='ltr'><strong>expositores</strong></span> <span class='ocrx_word' id='word_1_118' title='bbox 644 2173 766 2247; x_wconf 89' lang='lat' dir='ltr'><strong>Graeci</strong></span> <span class='ocrx_word' id='word_1_119' title='bbox 798 2173 979 2268; x_wconf 89' lang='lat' dir='ltr'><strong>permultos</strong></span> <span class='ocrx_word' id='word_1_120' title='bbox 1005 2172 1200 2263; x_wconf 89' lang='lat' dir='ltr'><strong>babuerunt,</strong></span> <span class='ocrx_word' id='word_1_121' title='bbox 1237 2195 1375 2268; x_wconf 91' lang='lat' dir='ltr'><strong>quorum</strong></span> <span class='ocrx_word' id='word_1_122' title='bbox 1403 2176 1647 2269; x_wconf 86' lang='lat' dir='ltr'><strong>antiquissimus</strong></span> <span class='ocrx_word' id='word_1_123' title='bbox 1674 2195 1762 2246; x_wconf 91' lang='lat' dir='ltr'><strong>cen-</strong></span> 
     </span>
     <span class='ocr_line' id='line_1_15' title="bbox 401 2288 1763 2386; baseline -0.001 -22"><span class='ocrx_word' id='word_1_124' title='bbox 401 2301 502 2382; x_wconf 89' lang='lat' dir='ltr'><strong>setur,</strong></span> <span class='ocrx_word' id='word_1_125' title='bbox 535 2291 665 2364; x_wconf 90' lang='lat' dir='ltr'><strong>illomm</strong></span> <span class='ocrx_word' id='word_1_126' title='bbox 693 2289 831 2381; x_wconf 87' lang='lat' dir='ltr'><strong>judicio,</strong></span> <span class='ocrx_word' id='word_1_127' title='bbox 865 2288 1051 2362; x_wconf 88' lang='lat' dir='ltr'><strong>Germanus</strong></span> <span class='ocrx_word' id='word_1_128' title='bbox 1085 2289 1278 2364; x_wconf 87' lang='lat' dir='ltr'><strong>Patriarcha</strong></span> <span class='ocrx_word' id='word_1_129' title='bbox 1312 2289 1696 2386; x_wconf 79' lang='lat' dir='ltr'><strong>Constantinopolitanus</strong></span> <span class='ocrx_word' id='word_1_130' title='bbox 1728 2293 1763 2362; x_wconf 93' lang='lat' dir='ltr'><strong>in</strong></span> 
     </span>
     <span class='ocr_line' id='line_1_16' title="bbox 400 2404 1761 2500; baseline -0.001 -20"><span class='ocrx_word' id='word_1_131' title='bbox 400 2407 541 2481; x_wconf 82' lang='lat' dir='ltr'><strong>Theoria</strong></span> <span class='ocrx_word' id='word_1_132' title='bbox 568 2427 629 2480; x_wconf 89' lang='lat' dir='ltr'><strong>sua</strong></span> <span class='ocrx_word' id='word_1_133' title='bbox 662 2406 911 2479; x_wconf 83' lang='lat' dir='ltr'><strong>Ecclesiastica.</strong></span> <span class='ocrx_word' id='word_1_134' title='bbox 947 2406 1037 2478; x_wconf 86' lang='lat' dir='ltr'><strong>lilius</strong></span> <span class='ocrx_word' id='word_1_135' title='bbox 1073 2408 1259 2500; x_wconf 77' lang='lat' dir='ltr'><strong>antiquitaS,</strong></span> <span class='ocrx_word' id='word_1_136' title='bbox 1294 2409 1323 2478; x_wconf 87' lang='lat' dir='ltr'><strong>si</strong></span> <span class='ocrx_word' id='word_1_137' title='bbox 1361 2404 1506 2478; x_wconf 85' lang='lat' dir='ltr'><strong>fortasse</strong></span> <span class='ocrx_word' id='word_1_138' title='bbox 1539 2431 1559 2478; x_wconf 91' lang='lat' dir='ltr'><strong>a</strong></span> <span class='ocrx_word' id='word_1_139' title='bbox 1597 2406 1761 2478; x_wconf 90' lang='lat' dir='ltr'><strong>nonnullis</strong></span> 
     </span>
     <span class='ocr_line' id='line_1_17' title="bbox 399 2521 1760 2619; baseline -0.002 -23"><span class='ocrx_word' id='word_1_140' title='bbox 399 2533 539 2598; x_wconf 88' lang='lat' dir='ltr'><strong>vocatur</strong></span> <span class='ocrx_word' id='word_1_141' title='bbox 564 2525 598 2595; x_wconf 96' lang='lat' dir='ltr'><strong>in</strong></span> <span class='ocrx_word' id='word_1_142' title='bbox 625 2521 766 2609; x_wconf 86' lang='lat' dir='ltr'><strong>dubium,</strong></span> <span class='ocrx_word' id='word_1_143' title='bbox 793 2544 836 2593; x_wconf 90' lang='lat' dir='ltr'><strong>eo</strong></span> <span class='ocrx_word' id='word_1_144' title='bbox 863 2531 986 2594; x_wconf 93' lang='lat' dir='ltr'><strong>tantum</strong></span> <span class='ocrx_word' id='word_1_145' title='bbox 1013 2524 1205 2613; x_wconf 89' lang='lat' dir='ltr'><strong>conjectura</strong></span> <span class='ocrx_word' id='word_1_146' title='bbox 1231 2525 1400 2618; x_wconf 81' lang='lat' dir='ltr'><strong>pertingit,</strong></span> <span class='ocrx_word' id='word_1_147' title='bbox 1427 2533 1540 2596; x_wconf 92' lang='lat' dir='ltr'><strong>utnon</strong></span> <span class='ocrx_word' id='word_1_148' title='bbox 1568 2525 1760 2619; x_wconf 86' lang='lat' dir='ltr'><strong>antiquioris</strong></span> 
     </span>
     <span class='ocr_line' id='line_1_18' title="bbox 400 2637 1761 2736; baseline -0.004 -22"><span class='ocrx_word' id='word_1_149' title='bbox 400 2645 453 2736; x_wconf 92' lang='lat' dir='ltr'><strong>qui</strong></span> <span class='ocrx_word' id='word_1_150' title='bbox 478 2641 543 2713; x_wconf 93' lang='lat' dir='ltr'><strong>hoc</strong></span> <span class='ocrx_word' id='word_1_151' title='bbox 563 2641 697 2713; x_wconf 87' lang='lat' dir='ltr'><strong>nomine</strong></span> <span class='ocrx_word' id='word_1_152' title='bbox 722 2637 793 2729; x_wconf 87' lang='lat' dir='ltr'><strong>fuit,</strong></span> <span class='ocrx_word' id='word_1_153' title='bbox 820 2638 881 2710; x_wconf 92' lang='lat' dir='ltr'><strong>sed</strong></span> <span class='ocrx_word' id='word_1_154' title='bbox 908 2638 1044 2710; x_wconf 88' lang='lat' dir='ltr'><strong>alterius</strong></span> <span class='ocrx_word' id='word_1_155' title='bbox 1064 2641 1274 2730; x_wconf 61' lang='lat' dir='ltr'><strong>recentioris</strong></span> <span class='ocrx_word' id='word_1_156' title='bbox 1300 2662 1386 2736; x_wconf 89' lang='lat' dir='ltr'><strong>opus</strong></span> <span class='ocrx_word' id='word_1_157' title='bbox 1404 2638 1520 2712; x_wconf 86' lang='lat' dir='ltr'><strong>luerit:</strong></span> <span class='ocrx_word' id='word_1_158' title='bbox 1546 2661 1645 2712; x_wconf 91' lang='lat' dir='ltr'><strong>nemo</strong></span> <span class='ocrx_word' id='word_1_159' title='bbox 1674 2640 1761 2710; x_wconf 91' lang='lat' dir='ltr'><strong>enim</strong></span> 
     </span>
     <span class='ocr_line' id='line_1_19' title="bbox 399 2753 1762 2851; baseline -0.002 -23"><span class='ocrx_word' id='word_1_160' title='bbox 399 2756 476 2828; x_wconf 92' lang='lat' dir='ltr'><strong>illud</strong></span> <span class='ocrx_word' id='word_1_161' title='bbox 511 2767 665 2851; x_wconf 89' lang='lat' dir='ltr'><strong>tanquam</strong></span> <span class='ocrx_word' id='word_1_162' title='bbox 700 2756 907 2850; x_wconf 89' lang='lat' dir='ltr'><strong>suppositum</strong></span> <span class='ocrx_word' id='word_1_163' title='bbox 939 2757 1073 2846; x_wconf 90' lang='lat' dir='ltr'><strong>rejecit:</strong></span> <span class='ocrx_word' id='word_1_164' title='bbox 1103 2778 1167 2827; x_wconf 90' lang='lat' dir='ltr'><strong>nec</strong></span> <span class='ocrx_word' id='word_1_165' title='bbox 1198 2758 1304 2829; x_wconf 89' lang='lat' dir='ltr'><strong>minus</strong></span> <span class='ocrx_word' id='word_1_166' title='bbox 1337 2754 1431 2828; x_wconf 91' lang='lat' dir='ltr'><strong>valet</strong></span> <span class='ocrx_word' id='word_1_167' title='bbox 1457 2757 1642 2828; x_wconf 88' lang='lat' dir='ltr'><strong>autvalere</strong></span> <span class='ocrx_word' id='word_1_168' title='bbox 1661 2753 1762 2827; x_wconf 90' lang='lat' dir='ltr'><strong>debet</strong></span> 
     </span>
     <span class='ocr_line' id='line_1_20' title="bbox 397 2870 1761 2968; baseline -0.003 -22"><span class='ocrx_word' id='word_1_169' title='bbox 397 2873 479 2946; x_wconf 87' lang='lat' dir='ltr'><strong>illius</strong></span> <span class='ocrx_word' id='word_1_170' title='bbox 507 2875 679 2962; x_wconf 82' lang='lat' dir='ltr'><strong>autoritas,</strong></span> <span class='ocrx_word' id='word_1_171' title='bbox 707 2892 792 2965; x_wconf 90' lang='lat' dir='ltr'><strong>quae</strong></span> <span class='ocrx_word' id='word_1_172' title='bbox 819 2870 907 2965; x_wconf 88' lang='lat' dir='ltr'><strong>apud</strong></span> <span class='ocrx_word' id='word_1_173' title='bbox 934 2871 1085 2945; x_wconf 88' lang='lat' dir='ltr'><strong>Graecos</strong></span> <span class='ocrx_word' id='word_1_174' title='bbox 1111 2874 1290 2968; x_wconf 90' lang='lat' dir='ltr'><strong>praecipua</strong></span> <span class='ocrx_word' id='word_1_175' title='bbox 1317 2881 1384 2945; x_wconf 88' lang='lat' dir='ltr'><strong>est:</strong></span> <span class='ocrx_word' id='word_1_176' title='bbox 1412 2895 1486 2944; x_wconf 90' lang='lat' dir='ltr'><strong>cum</strong></span> <span class='ocrx_word' id='word_1_177' title='bbox 1512 2873 1681 2967; x_wconf 87' lang='lat' dir='ltr'><strong>plerisque</strong></span> <span class='ocrx_word' id='word_1_178' title='bbox 1694 2870 1761 2942; x_wconf 92' lang='lat' dir='ltr'><strong>Li-</strong></span> 
     </span>
     <span class='ocr_line' id='line_1_21' title="bbox 397 2985 1761 3084; baseline -0.001 -22"><span class='ocrx_word' id='word_1_179' title='bbox 397 2991 532 3082; x_wconf 79' lang='lat' dir='ltr'><strong>turgicis</strong></span> <span class='ocrx_word' id='word_1_180' title='bbox 559 2985 728 3061; x_wconf 88' lang='lat' dir='ltr'><strong>codicibus</strong></span> <span class='ocrx_word' id='word_1_181' title='bbox 756 2986 942 3078; x_wconf 87' lang='lat' dir='ltr'><strong>adjunctum</strong></span> <span class='ocrx_word' id='word_1_182' title='bbox 977 2991 1174 3083; x_wconf 84' lang='lat' dir='ltr'><strong>reperiatur,</strong></span> <span class='ocrx_word' id='word_1_183' title='bbox 1201 2987 1289 3084; x_wconf 92' lang='lat' dir='ltr'><strong>quod</strong></span> <span class='ocrx_word' id='word_1_184' title='bbox 1315 2991 1349 3060; x_wconf 91' lang='lat' dir='ltr'><strong>in</strong></span> <span class='ocrx_word' id='word_1_185' title='bbox 1375 2990 1606 3062; x_wconf 82' lang='lat' dir='ltr'><strong>vetustissimis</strong></span> <span class='ocrx_word' id='word_1_186' title='bbox 1633 2987 1761 3061; x_wconf 91' lang='lat' dir='ltr'><strong>editio-</strong></span> 
     </span>
     <span class='ocr_line' id='line_1_22' title="bbox 395 3087 1760 3196; baseline -0.003 -18"><span class='ocrx_word' id='word_1_187' title='bbox 395 3103 502 3196; x_wconf 88' lang='lat' dir='ltr'><strong>nibus,</strong></span> <span class='ocrx_word' id='word_1_188' title='bbox 537 3113 573 3176; x_wconf 94' lang='lat' dir='ltr'><strong>ut</strong></span> <span class='ocrx_word' id='word_1_189' title='bbox 604 3103 758 3176; x_wconf 87' lang='lat' dir='ltr'><strong>Romana</strong></span> <span class='ocrx_word' id='word_1_190' title='bbox 793 3101 953 3176; x_wconf 88' lang='lat' dir='ltr'><strong>Demetrii</strong></span> <span class='ocrx_word' id='word_1_191' title='bbox 986 3103 1103 3178; x_wconf 89' lang='lat' dir='ltr'><strong>Ducae</strong></span> <span class='ocrx_word' id='word_1_192' title='bbox 1140 3087 1331 3190; x_wconf 80' lang='lat' dir='ltr'><strong>Cretensis,</strong></span> <span class='ocrx_word' id='word_1_193' title='bbox 1363 3103 1486 3176; x_wconf 89' lang='lat' dir='ltr'><strong>iactum</strong></span> <span class='ocrx_word' id='word_1_194' title='bbox 1517 3113 1578 3178; x_wconf 87' lang='lat' dir='ltr'><strong>est.</strong></span> <span class='ocrx_word' id='word_1_195' title='bbox 1616 3103 1673 3176; x_wconf 86' lang='lat' dir='ltr'><strong>Ex</strong></span> <span class='ocrx_word' id='word_1_196' title='bbox 1702 3101 1760 3175; x_wconf 95' lang='lat' dir='ltr'><strong>illo</strong></span> 
     </span>
     <span class='ocr_line' id='line_1_23' title="bbox 397 3217 1760 3318; baseline -0.001 -24"><span class='ocrx_word' id='word_1_197' title='bbox 397 3237 511 3318; x_wconf 88' lang='lat' dir='ltr'><strong>opere,</strong></span> <span class='ocrx_word' id='word_1_198' title='bbox 539 3230 573 3292; x_wconf 93' lang='lat' dir='ltr'><strong>ut</strong></span> <span class='ocrx_word' id='word_1_199' title='bbox 599 3218 671 3291; x_wconf 87' lang='lat' dir='ltr'><strong>aliia</strong></span> <span class='ocrx_word' id='word_1_200' title='bbox 699 3217 872 3309; x_wconf 83' lang='lat' dir='ltr'><strong>similibus,</strong></span> <span class='ocrx_word' id='word_1_201' title='bbox 897 3221 979 3292; x_wconf 85' lang='lat' dir='ltr'><strong>ritrrs</strong></span> <span class='ocrx_word' id='word_1_202' title='bbox 1006 3219 1081 3294; x_wconf 87' lang='lat' dir='ltr'><strong>illos</strong></span> <span class='ocrx_word' id='word_1_203' title='bbox 1108 3223 1163 3314; x_wconf 92' lang='lat' dir='ltr'><strong>qui</strong></span> <span class='ocrx_word' id='word_1_204' title='bbox 1189 3222 1223 3292; x_wconf 94' lang='lat' dir='ltr'><strong>in</strong></span> <span class='ocrx_word' id='word_1_205' title='bbox 1250 3243 1348 3293; x_wconf 90' lang='lat' dir='ltr'><strong>sacro</strong></span> <span class='ocrx_word' id='word_1_206' title='bbox 1370 3222 1551 3294; x_wconf 87' lang='lat' dir='ltr'><strong>ministerio</strong></span> <span class='ocrx_word' id='word_1_207' title='bbox 1586 3242 1760 3315; x_wconf 85' lang='lat' dir='ltr'><strong>usurpan-</strong></span> 
     </span>
     <span class='ocr_line' id='line_1_24' title="bbox 397 3335 1759 3433; baseline -0.001 -24"><span class='ocrx_word' id='word_1_208' title='bbox 397 3347 466 3426; x_wconf 83' lang='lat' dir='ltr'><strong>trn,</strong></span> <span class='ocrx_word' id='word_1_209' title='bbox 501 3345 633 3410; x_wconf 88' lang='lat' dir='ltr'><strong>constat</strong></span> <span class='ocrx_word' id='word_1_210' title='bbox 671 3357 749 3408; x_wconf 88' lang='lat' dir='ltr'><strong>esse</strong></span> <span class='ocrx_word' id='word_1_211' title='bbox 782 3337 1040 3431; x_wconf 84' lang='lat' dir='ltr'><strong>antiquissimos,</strong></span> <span class='ocrx_word' id='word_1_212' title='bbox 1076 3344 1110 3407; x_wconf 95' lang='lat' dir='ltr'><strong>et</strong></span> <span class='ocrx_word' id='word_1_213' title='bbox 1136 3360 1178 3409; x_wconf 93' lang='lat' dir='ltr'><strong>ea</strong></span> <span class='ocrx_word' id='word_1_214' title='bbox 1204 3345 1372 3433; x_wconf 85' lang='lat' dir='ltr'><strong>tempora,</strong></span> <span class='ocrx_word' id='word_1_215' title='bbox 1401 3335 1518 3432; x_wconf 88' lang='lat' dir='ltr'><strong>quibus</strong></span> <span class='ocrx_word' id='word_1_216' title='bbox 1545 3340 1759 3410; x_wconf 84' lang='lat' dir='ltr'><strong>mutationem</strong></span> 
     </span>
     <span class='ocr_line' id='line_1_25' title="bbox 398 3450 1758 3548; baseline 0 -24"><span class='ocrx_word' id='word_1_217' title='bbox 398 3452 567 3526; x_wconf 91' lang='lat' dir='ltr'><strong>doctrinae</strong></span> <span class='ocrx_word' id='word_1_218' title='bbox 598 3451 762 3526; x_wconf 86' lang='lat' dir='ltr'><strong>inductam</strong></span> <span class='ocrx_word' id='word_1_219' title='bbox 794 3450 898 3524; x_wconf 79' lang='lat' dir='ltr'><strong>titisse</strong></span> <span class='ocrx_word' id='word_1_220' title='bbox 932 3452 1159 3525; x_wconf 86' lang='lat' dir='ltr'><strong>Protestantes</strong></span> <span class='ocrx_word' id='word_1_221' title='bbox 1191 3451 1404 3548; x_wconf 89' lang='lat' dir='ltr'><strong>pertendunt,</strong></span> <span class='ocrx_word' id='word_1_222' title='bbox 1436 3453 1541 3544; x_wconf 86' lang='lat' dir='ltr'><strong>longo</strong></span> <span class='ocrx_word' id='word_1_223' title='bbox 1581 3452 1758 3524; x_wconf 86' lang='lat' dir='ltr'><strong>intervallo</strong></span> 
     </span>
     <span class='ocr_line' id='line_1_26' title="bbox 398 3567 1759 3663; baseline -0.001 -21"><span class='ocrx_word' id='word_1_224' title='bbox 398 3591 568 3663; x_wconf 89' lang='lat' dir='ltr'><strong>superare.</strong></span> <span class='ocrx_word' id='word_1_225' title='bbox 602 3568 695 3642; x_wconf 92' lang='lat' dir='ltr'><strong>lllam</strong></span> <span class='ocrx_word' id='word_1_226' title='bbox 731 3590 816 3642; x_wconf 91' lang='lat' dir='ltr'><strong>vero</strong></span> <span class='ocrx_word' id='word_1_227' title='bbox 864 3567 1068 3662; x_wconf 87' lang='lat' dir='ltr'><strong>disciplinam</strong></span> <span class='ocrx_word' id='word_1_228' title='bbox 1114 3579 1170 3640; x_wconf 90' lang='lat' dir='ltr'><strong>aut</strong></span> <span class='ocrx_word' id='word_1_229' title='bbox 1212 3567 1408 3662; x_wconf 85' lang='lat' dir='ltr'><strong>abrogatam</strong></span> <span class='ocrx_word' id='word_1_230' title='bbox 1451 3567 1555 3642; x_wconf 79' lang='lat' dir='ltr'><strong>baisse</strong></span> <span class='ocrx_word' id='word_1_231' title='bbox 1595 3571 1759 3640; x_wconf 82' lang='lat' dir='ltr'><strong>commrmi</strong></span> 
     </span>
     <span class='ocr_line' id='line_1_27' title="bbox 396 3683 1758 3781; baseline 0 -25"><span class='ocrx_word' id='word_1_232' title='bbox 396 3683 637 3781; x_wconf 86' lang='lat' dir='ltr'><strong>Episcoporum</strong></span> <span class='ocrx_word' id='word_1_233' title='bbox 663 3685 815 3774; x_wconf 90' lang='lat' dir='ltr'><strong>consilio,</strong></span> <span class='ocrx_word' id='word_1_234' title='bbox 843 3695 898 3756; x_wconf 87' lang='lat' dir='ltr'><strong>ant</strong></span> <span class='ocrx_word' id='word_1_235' title='bbox 924 3683 1048 3756; x_wconf 89' lang='lat' dir='ltr'><strong>abiisse</strong></span> <span class='ocrx_word' id='word_1_236' title='bbox 1073 3686 1107 3755; x_wconf 94' lang='lat' dir='ltr'><strong>in</strong></span> <span class='ocrx_word' id='word_1_237' title='bbox 1134 3683 1394 3774; x_wconf 83' lang='lat' dir='ltr'><strong>desuetudinem,</strong></span> <span class='ocrx_word' id='word_1_238' title='bbox 1421 3706 1464 3756; x_wconf 93' lang='lat' dir='ltr'><strong>ne</strong></span> <span class='ocrx_word' id='word_1_239' title='bbox 1491 3687 1563 3779; x_wconf 92' lang='lat' dir='ltr'><strong>quis</strong></span> <span class='ocrx_word' id='word_1_240' title='bbox 1590 3705 1664 3756; x_wconf 92' lang='lat' dir='ltr'><strong>cum</strong></span> <span class='ocrx_word' id='word_1_241' title='bbox 1690 3685 1758 3756; x_wconf 92' lang='lat' dir='ltr'><strong>ullo</strong></span> 
     </span>
     <span class='ocr_line' id='line_1_28' title="bbox 396 3798 1759 3898; baseline 0.004 -28"><span class='ocrx_word' id='word_1_242' title='bbox 396 3801 510 3874; x_wconf 90' lang='lat' dir='ltr'><strong>colore</strong></span> <span class='ocrx_word' id='word_1_243' title='bbox 542 3804 740 3898; x_wconf 86' lang='lat' dir='ltr'><strong>suspicetur,</strong></span> <span class='ocrx_word' id='word_1_244' title='bbox 782 3800 863 3873; x_wconf 88' lang='lat' dir='ltr'><strong>facit</strong></span> <span class='ocrx_word' id='word_1_245' title='bbox 896 3803 1051 3893; x_wconf 85' lang='lat' dir='ltr'><strong>continua</strong></span> <span class='ocrx_word' id='word_1_246' title='bbox 1089 3799 1239 3890; x_wconf 86' lang='lat' dir='ltr'><strong>ejasdem</strong></span> <span class='ocrx_word' id='word_1_247' title='bbox 1283 3800 1370 3895; x_wconf 90' lang='lat' dir='ltr'><strong>apud</strong></span> <span class='ocrx_word' id='word_1_248' title='bbox 1403 3798 1552 3872; x_wconf 87' lang='lat' dir='ltr'><strong>Graecas</strong></span> <span class='ocrx_word' id='word_1_249' title='bbox 1586 3798 1759 3875; x_wconf 79' lang='lat' dir='ltr'><strong>Ecclesiae</strong></span> 
     </span>
     <span class='ocr_line' id='line_1_29' title="bbox 397 3914 1759 4012; baseline 0.001 -22"><span class='ocrx_word' id='word_1_250' title='bbox 397 3916 600 3992; x_wconf 90' lang='lat' dir='ltr'><strong>observatio.</strong></span> <span class='ocrx_word' id='word_1_251' title='bbox 655 3915 739 3990; x_wconf 83' lang='lat' dir='ltr'><strong>Cum</strong></span> <span class='ocrx_word' id='word_1_252' title='bbox 763 3919 864 4009; x_wconf 84' lang='lat' dir='ltr'><strong>igitur</strong></span> <span class='ocrx_word' id='word_1_253' title='bbox 890 3919 923 3986; x_wconf 97' lang='lat' dir='ltr'><strong>in</strong></span> <span class='ocrx_word' id='word_1_254' title='bbox 956 3914 1249 3988; x_wconf 89' lang='lat' dir='ltr'><strong>sacramentalibus</strong></span> <span class='ocrx_word' id='word_1_255' title='bbox 1281 3914 1373 3990; x_wconf 90' lang='lat' dir='ltr'><strong>libris</strong></span> <span class='ocrx_word' id='word_1_256' title='bbox 1405 3920 1589 4012; x_wconf 88' lang='lat' dir='ltr'><strong>reperimus</strong></span> <span class='ocrx_word' id='word_1_257' title='bbox 1621 3919 1759 3991; x_wconf 89' lang='lat' dir='ltr'><strong>eosdem</strong></span> 
     </span>
     <span class='ocr_line' id='line_1_30' title="bbox 395 4033 1758 4131; baseline 0 -25"><span class='ocrx_word' id='word_1_258' title='bbox 395 4037 485 4129; x_wconf 85' lang='lat' dir='ltr'><strong>ritus,</strong></span> <span class='ocrx_word' id='word_1_259' title='bbox 513 4057 598 4131; x_wconf 88' lang='lat' dir='ltr'><strong>quos</strong></span> <span class='ocrx_word' id='word_1_260' title='bbox 624 4045 760 4108; x_wconf 86' lang='lat' dir='ltr'><strong>veteres</strong></span> <span class='ocrx_word' id='word_1_261' title='bbox 789 4037 988 4128; x_wconf 89' lang='lat' dir='ltr'><strong>interpretes</strong></span> <span class='ocrx_word' id='word_1_262' title='bbox 1016 4043 1256 4127; x_wconf 85' lang='lat' dir='ltr'><strong>exposuerunt,</strong></span> <span class='ocrx_word' id='word_1_263' title='bbox 1281 4037 1522 4130; x_wconf 78' lang='lat' dir='ltr'><strong>mysticamque</strong></span> <span class='ocrx_word' id='word_1_264' title='bbox 1548 4033 1678 4106; x_wconf 91' lang='lat' dir='ltr'><strong>illorum</strong></span> <span class='ocrx_word' id='word_1_265' title='bbox 1704 4038 1758 4108; x_wconf 89' lang='lat' dir='ltr'><strong>si·-</strong></span> 
     </span>
     <span class='ocr_line' id='line_1_31' title="bbox 396 4146 1758 4246; baseline 0 -22"><span class='ocrx_word' id='word_1_266' title='bbox 396 4149 637 4242; x_wconf 77' lang='lat' dir='ltr'><strong>gnilicatione&#39;m</strong></span> <span class='ocrx_word' id='word_1_267' title='bbox 664 4149 930 4246; x_wconf 83' lang='lat' dir='ltr'><strong>explicaverunt,</strong></span> <span class='ocrx_word' id='word_1_268' title='bbox 956 4171 1016 4220; x_wconf 89' lang='lat' dir='ltr'><strong>cur</strong></span> <span class='ocrx_word' id='word_1_269' title='bbox 1043 4146 1085 4220; x_wconf 91' lang='lat' dir='ltr'><strong>de</strong></span> <span class='ocrx_word' id='word_1_270' title='bbox 1111 4169 1227 4221; x_wconf 92' lang='lat' dir='ltr'><strong>eorum</strong></span> <span class='ocrx_word' id='word_1_271' title='bbox 1248 4151 1436 4224; x_wconf 86' lang='lat' dir='ltr'><strong>sinceritate</strong></span> <span class='ocrx_word' id='word_1_272' title='bbox 1454 4147 1629 4236; x_wconf 88' lang='lat' dir='ltr'><strong>dubitetur,</strong></span> <span class='ocrx_word' id='word_1_273' title='bbox 1657 4172 1758 4224; x_wconf 88' lang='lat' dir='ltr'><strong>causa</strong></span> 
     </span>
     <span class='ocr_line' id='line_1_32' title="bbox 395 4265 570 4341; baseline 0.006 -3"><span class='ocrx_word' id='word_1_274' title='bbox 395 4265 482 4338; x_wconf 88' lang='lat' dir='ltr'><strong>nulla</strong></span> <span class='ocrx_word' id='word_1_275' title='bbox 509 4276 570 4341; x_wconf 87' lang='lat' dir='ltr'><strong>est</strong></span> 
     </span>
    </p>

    <p class='ocr_par' dir='ltr' id='par_1_4' title="bbox 394 4378 2012 5055">
     <span class='ocr_line' id='line_1_33' title="bbox 498 4378 2012 4478; baseline -0.003 -23"><span class='ocrx_word' id='word_1_276' title='bbox 498 4381 620 4457; x_wconf 86' lang='lat' dir='ltr'><strong>Similis</strong></span> <span class='ocrx_word' id='word_1_277' title='bbox 655 4404 793 4478; x_wconf 89' lang='lat' dir='ltr'><strong>prorsus</strong></span> <span class='ocrx_word' id='word_1_278' title='bbox 829 4393 882 4456; x_wconf 88' lang='lat' dir='ltr'><strong>est</strong></span> <span class='ocrx_word' id='word_1_279' title='bbox 914 4380 1092 4456; x_wconf 87' lang='lat' dir='ltr'><strong>Orientalis</strong></span> <span class='ocrx_word' id='word_1_280' title='bbox 1126 4379 1318 4477; x_wconf 88' lang='lat' dir='ltr'><strong>disciplinae</strong></span> <span class='ocrx_word' id='word_1_281' title='bbox 1350 4385 1446 4454; x_wconf 90' lang='lat' dir='ltr'><strong>ratio.</strong></span> <span class='ocrx_word' id='word_1_282' title='bbox 1506 4379 1650 4455; x_wconf 77' lang='lat' dir='ltr'><strong>(lodices</strong></span> <span class='ocrx_word' id='word_1_283' title='bbox 1682 4378 1758 4476; x_wconf 78' lang='lat' dir='ltr'><strong>Sy·</strong></span> <span class='ocrx_word' id='word_1_284' title='bbox 1771 4399 1848 4468; x_wconf 74' lang='lat' dir='ltr'><strong>apuu</strong></span> <span class='ocrx_word' id='word_1_285' title='bbox 1861 4397 2012 4452; x_wconf 69' lang='lat' dir='ltr'><strong>catenara.</strong></span> 
     </span>
     <span class='ocr_line' id='line_1_34' title="bbox 395 4496 1759 4595; baseline 0.001 -27"><span class='ocrx_word' id='word_1_286' title='bbox 395 4500 505 4572; x_wconf 90' lang='lat' dir='ltr'><strong>riacos</strong></span> <span class='ocrx_word' id='word_1_287' title='bbox 533 4508 589 4572; x_wconf 90' lang='lat' dir='ltr'><strong>aut</strong></span> <span class='ocrx_word' id='word_1_288' title='bbox 615 4498 775 4595; x_wconf 86' lang='lat' dir='ltr'><strong>Copticos</strong></span> <span class='ocrx_word' id='word_1_289' title='bbox 800 4518 868 4570; x_wconf 93' lang='lat' dir='ltr'><strong>non</strong></span> <span class='ocrx_word' id='word_1_290' title='bbox 893 4497 992 4570; x_wconf 82' lang='lat' dir='ltr'><strong>facile</strong></span> <span class='ocrx_word' id='word_1_291' title='bbox 1019 4499 1191 4593; x_wconf 85' lang='lat' dir='ltr'><strong>quisquam</strong></span> <span class='ocrx_word' id='word_1_292' title='bbox 1217 4501 1364 4594; x_wconf 89' lang='lat' dir='ltr'><strong>reperiat</strong></span> <span class='ocrx_word' id='word_1_293' title='bbox 1390 4520 1538 4572; x_wconf 89' lang='lat' dir='ltr'><strong>summae</strong></span> <span class='ocrx_word' id='word_1_294' title='bbox 1570 4496 1656 4570; x_wconf 90' lang='lat' dir='ltr'><strong>illius</strong></span> <span class='ocrx_word' id='word_1_295' title='bbox 1689 4519 1759 4570; x_wconf 91' lang='lat' dir='ltr'><strong>ve-</strong></span> 
     </span>
     <span class='ocr_line' id='line_1_35' title="bbox 395 4611 1758 4711; baseline 0.002 -26"><span class='ocrx_word' id='word_1_296' title='bbox 395 4617 544 4708; x_wconf 80' lang='lat' dir='ltr'><strong>tustatis,</strong></span> <span class='ocrx_word' id='word_1_297' title='bbox 571 4637 657 4711; x_wconf 91' lang='lat' dir='ltr'><strong>quae</strong></span> <span class='ocrx_word' id='word_1_298' title='bbox 684 4614 727 4688; x_wconf 89' lang='lat' dir='ltr'><strong>ad</strong></span> <span class='ocrx_word' id='word_1_299' title='bbox 753 4613 981 4704; x_wconf 88' lang='lat' dir='ltr'><strong>schismatum,</strong></span> <span class='ocrx_word' id='word_1_300' title='bbox 1014 4621 1070 4686; x_wconf 89' lang='lat' dir='ltr'><strong>aut</strong></span> <span class='ocrx_word' id='word_1_301' title='bbox 1103 4611 1145 4684; x_wconf 90' lang='lat' dir='ltr'><strong>ad</strong></span> <span class='ocrx_word' id='word_1_302' title='bbox 1178 4611 1492 4686; x_wconf 87' lang='lat' dir='ltr'><strong>blubamedananun</strong></span> <span class='ocrx_word' id='word_1_303' title='bbox 1524 4637 1637 4688; x_wconf 92' lang='lat' dir='ltr'><strong>rerum</strong></span> <span class='ocrx_word' id='word_1_304' title='bbox 1668 4616 1758 4688; x_wconf 82' lang='lat' dir='ltr'><strong>britia</strong></span> 
     </span>
     <span class='ocr_line' id='line_1_36' title="bbox 394 4727 1760 4827; baseline 0 -26"><span class='ocrx_word' id='word_1_305' title='bbox 394 4735 569 4825; x_wconf 82' lang='lat' dir='ltr'><strong>pertingat</strong></span> <span class='ocrx_word' id='word_1_306' title='bbox 629 4729 756 4804; x_wconf 88' lang='lat' dir='ltr'><strong>Verum</strong></span> <span class='ocrx_word' id='word_1_307' title='bbox 790 4734 1012 4804; x_wconf 87' lang='lat' dir='ltr'><strong>continuatam</strong></span> <span class='ocrx_word' id='word_1_308' title='bbox 1044 4727 1203 4802; x_wconf 83' lang='lat' dir='ltr'><strong>babemus</strong></span> <span class='ocrx_word' id='word_1_309' title='bbox 1236 4729 1523 4804; x_wconf 88' lang='lat' dir='ltr'><strong>sacramentalium</strong></span> <span class='ocrx_word' id='word_1_310' title='bbox 1555 4751 1691 4827; x_wconf 89' lang='lat' dir='ltr'><strong>precum</strong></span> <span class='ocrx_word' id='word_1_311' title='bbox 1725 4739 1760 4802; x_wconf 90' lang='lat' dir='ltr'><strong>et</strong></span> 
     </span>
     <span class='ocr_line' id='line_1_37' title="bbox 394 4844 1759 4942; baseline 0.001 -26"><span class='ocrx_word' id='word_1_312' title='bbox 394 4848 512 4920; x_wconf 78' lang='lat' dir='ltr'><strong>nurum</strong></span> <span class='ocrx_word' id='word_1_313' title='bbox 538 4851 850 4936; x_wconf 81' lang='lat' dir='ltr'><strong>conservationem,</strong></span> <span class='ocrx_word' id='word_1_314' title='bbox 877 4849 911 4920; x_wconf 93' lang='lat' dir='ltr'><strong>in</strong></span> <span class='ocrx_word' id='word_1_315' title='bbox 938 4844 1011 4918; x_wconf 88' lang='lat' dir='ltr'><strong>aliis</strong></span> <span class='ocrx_word' id='word_1_316' title='bbox 1039 4847 1094 4939; x_wconf 93' lang='lat' dir='ltr'><strong>qui</strong></span> <span class='ocrx_word' id='word_1_317' title='bbox 1120 4867 1166 4916; x_wconf 88' lang='lat' dir='ltr'><strong>ex</strong></span> <span class='ocrx_word' id='word_1_318' title='bbox 1191 4847 1372 4942; x_wconf 87' lang='lat' dir='ltr'><strong>primaevis</strong></span> <span class='ocrx_word' id='word_1_319' title='bbox 1399 4845 1462 4922; x_wconf 84' lang='lat' dir='ltr'><strong>illis</strong></span> <span class='ocrx_word' id='word_1_320' title='bbox 1490 4847 1646 4942; x_wconf 90' lang='lat' dir='ltr'><strong>descripti</strong></span> <span class='ocrx_word' id='word_1_321' title='bbox 1673 4856 1759 4939; x_wconf 89' lang='lat' dir='ltr'><strong>sunt,</strong></span> 
     </span>
     <span class='ocr_line' id='line_1_38' title="bbox 394 4958 1758 5055; baseline 0.002 -23"><span class='ocrx_word' id='word_1_322' title='bbox 394 4960 482 5034; x_wconf 90' lang='lat' dir='ltr'><strong>nulla</strong></span> <span class='ocrx_word' id='word_1_323' title='bbox 508 4966 629 5055; x_wconf 83' lang='lat' dir='ltr'><strong>insigni</strong></span> <span class='ocrx_word' id='word_1_324' title='bbox 653 4964 834 5038; x_wconf 88' lang='lat' dir='ltr'><strong>mutatione</strong></span> <span class='ocrx_word' id='word_1_325' title='bbox 860 4961 960 5036; x_wconf 85' lang='lat' dir='ltr'><strong>laeta.</strong></span> <span class='ocrx_word' id='word_1_326' title='bbox 1022 4958 1174 5034; x_wconf 76' lang='lat' dir='ltr'><strong>(litantur</strong></span> <span class='ocrx_word' id='word_1_327' title='bbox 1204 4985 1225 5033; x_wconf 91' lang='lat' dir='ltr'><strong>a</strong></span> <span class='ocrx_word' id='word_1_328' title='bbox 1259 4962 1462 5055; x_wconf 69' lang='lat' dir='ltr'><strong>theologis,</strong></span> <span class='ocrx_word' id='word_1_329' title='bbox 1495 4964 1537 5037; x_wconf 91' lang='lat' dir='ltr'><strong>ab</strong></span> <span class='ocrx_word' id='word_1_330' title='bbox 1572 4963 1758 5054; x_wconf 87' lang='lat' dir='ltr'><strong>Historicis,</strong></span> 
     </span>
    </p>

    <p class='ocr_par' dir='ltr' id='par_1_5' title="bbox 396 5073 1826 5268">
     <span class='ocr_line' id='line_1_39' title="bbox 396 5073 1826 5175; baseline -0.001 -25"><span class='ocrx_word' id='word_1_331' title='bbox 396 5099 416 5150; x_wconf 89' lang='lat' dir='ltr'><strong>a</strong></span> <span class='ocrx_word' id='word_1_332' title='bbox 444 5073 616 5153; x_wconf 85' lang='lat' dir='ltr'><strong>Cancrum</strong></span> <span class='ocrx_word' id='word_1_333' title='bbox 643 5076 903 5172; x_wconf 79' lang='lat' dir='ltr'><strong>Cobactoribus5</strong></span> <span class='ocrx_word' id='word_1_334' title='bbox 929 5077 1053 5154; x_wconf 89' lang='lat' dir='ltr'><strong>babent</strong></span> <span class='ocrx_word' id='word_1_335' title='bbox 1078 5099 1210 5173; x_wconf 90' lang='lat' dir='ltr'><strong>quoque</strong></span> <span class='ocrx_word' id='word_1_336' title='bbox 1236 5101 1316 5155; x_wconf 85' lang='lat' dir='ltr'><strong>euos</strong></span> <span class='ocrx_word' id='word_1_337' title='bbox 1342 5083 1549 5175; x_wconf 87' lang='lat' dir='ltr'><strong>interpretes.</strong></span> <span class='ocrx_word' id='word_1_338' title='bbox 1576 5081 1612 5154; x_wconf 93' lang='lat' dir='ltr'><strong>ln</strong></span> <span class='ocrx_word' id='word_1_339' title='bbox 1634 5080 1758 5175; x_wconf 85' lang='lat' dir='ltr'><strong>aliqui·</strong></span> <span class='ocrx_word' id='word_1_340' title='bbox 1823 5141 1826 5148; x_wconf 87' lang='grc'><strong><em>,</em></strong></span> 
     </span>
     <span class='ocr_line' id='line_1_40' title="bbox 1491 5197 1551 5268; baseline 0 -29"><span class='ocrx_word' id='word_1_341' title='bbox 1491 5197 1551 5268; x_wconf 62' lang='lat'><strong>9}</strong></span> 
     </span>
    </p>
   </div>
   <div class='ocr_carea' id='block_1_3' title="bbox 0 0 2384 6038">
    <p class='ocr_par' dir='ltr' id='par_1_6' title="bbox 0 0 2384 6038">
     <span class='ocr_line' id='line_1_41' title="bbox 0 0 2384 6038; baseline 0 1"><span class='ocrx_word' id='word_1_342' title='bbox 0 0 2384 6038; x_wconf 95' lang='lat' dir='ltr'><strong> </strong></span> 
     </span>
    </p>
   </div>
  </div>
 </body>
</html>
