4760 6038
759 567 854 642 CXX
1254 565 1630 646 DISSERTATIO

757 763 854 856 ipsa,
879 778 948 830 nou
973 760 1079 830 miuus
1103 776 1205 862 ¹quam
1230 753 1429 849 Aegyptus,
1455 761 1492 824 ut
1517 774 1617 847 supra
1644 755 1725 826 satis
1748 750 1924 850 probatum
1941 761 2001 826 est
2028 750 2127 825 Nulla

757 883 859 957 porro
894 860 1008 953 lingua
1040 861 1147 931 miuus
1182 857 1405 930 Arabicarum
1436 877 1558 929 vocum
1591 853 1717 946 habet,
1749 879 1859 952 neque
1884 854 1968 928 ullas
1995 877 2126 953 prope-

756 964 907 1038 modum:
942 972 1077 1058 praeter
1112 983 1209 1057 quam
1241 959 1329 1055 quod
1363 957 1544 1031 verbomm
1580 967 1614 1030 et
1645 961 1811 1032 nominum
1851 957 2047 1032 irrllexioues
2082 959 2124 1032 ab

756 1065 939 1142 Arabismo
976 1069 1118 1138 immane
1160 1073 1315 1159 quantum
1352 1060 1510 1134 differant.
1571 1061 1608 1133 ld
1644 1061 1743 1134 facile
1782 1075 1945 1157 agnoscet
1979 1066 2126 1159 quisquis

756 1174 863 1268 prima
909 1173 1080 1264 utriusque
1123 1167 1258 1259 linguae
1297 1164 1460 1236 elementa
1503 1168 1644 1238 noverit.
1721 1166 1760 1238 Su
1803 1189 1874 1260 qms
1913 1167 2126 1263 Hrspamcam

756 1275 933 1365 vulgarem
973 1271 1118 1364 linguam
1163 1293 1209 1341 ex
1245 1266 1393 1343 Arabica
1433 1266 1611 1341 conflatam
1652 1290 1730 1341 esse
1776 1268 1922 1360 diceret,
1971 1269 2126 1344 ridiculus

755 1377 863 1466 foret,
892 1379 1042 1468 quamvis
1068 1374 1230 1470 plurimae
1262 1393 1369 1444 voces
1395 1369 1563 1444 Arabicae
1596 1395 1643 1443 ex
1668 1371 1861 1445 blamomm
1893 1373 2126 1463 dominatione,

759 1488 816 1551 aut
841 1480 1033 1566 vicinitate,
1060 1480 1093 1548 in
1119 1476 1208 1548 illam
1234 1478 1471 1567 migraverint,
1503 1474 1591 1547 forte
1621 1497 1690 1547 non
1715 1479 1834 1548 minori
1859 1499 1997 1549 numero
2030 1499 2126 1571 quam

757 1586 792 1654 iu
828 1581 968 1676 Coptica
1013 1577 1166 1651 Graecae
1207 1581 1424 1674 reperiantur.
1493 1578 1608 1651 Facile
1650 1582 1770 1674 quippe
1810 1579 2127 1660 animadverteretur

757 1689 925 1757 nominum
959 1683 1206 1776 verbommque
1241 1679 1455 1754 nilamonem
1488 1681 1703 1777 Hispanicum
1752 1705 1826 1754 cum
1861 1683 2010 1766 Arabica
2038 1683 2127 1775 ,nibil

757 1789 884 1862 babere
912 1808 1095 1859 commune.
1148 1787 1197 1858 lta
1225 1807 1356 1879 quoque
1383 1784 1426 1856 de
1446 1784 1586 1858 Graecis
1607 1783 1763 1876 vocibus,
1790 1807 1876 1880 quae
1901 1789 1935 1856 iu
1955 1783 2126 1881 Copticam

759 1891 890 1964 infusae
924 1899 1018 1980 sunt,
1049 1887 1255 1962 statuendum
1288 1897 1350 1960 est.
1402 1887 1488 1961 Nam
1521 1911 1597 1960 cum
1628 1897 1764 1983 praeter
1789 1888 1983 1985 Scripturae
2010 1911 2127 1962 sacrae

757 1995 874 2082 libros,
902 2003 936 2064 et
961 1991 1273 2065 Ecclesiastieorum
1300 1990 1488 2064 Officiorum
1523 1992 1601 2094 nulli
1628 1996 1812 2087 supersint,
1839 2002 1995 2088 essetque
2021 2016 2127 2089 prae-

758 2101 870 2174 sertim
896 2102 930 2168 in
956 2098 1117 2192 Aegypto
1144 2094 1304 2185 inferiori,
1331 2099 1424 2167 utin
1451 2095 1553 2191 Syria
1580 2104 1614 2166 et
1640 2105 1712 2167 toto
1739 2097 1882 2192 Imperio
1908 2096 2126 2169 Macedonico

757 2201 907 2293 vulgaris
934 2199 1087 2272 Graecae
1112 2199 1246 2289 baguae
1281 2220 1380 2288 usuS,
1415 2197 1511 2293 plebs
1543 2197 1649 2271 ferme
1682 2197 1803 2294 ubique
1836 2199 1992 2292 bilinguis
2020 2211 2126 2272 esser:

757 2326 869 2378 voces·
891 2305 1028 2376 usitatas
1055 2311 1089 2373 et
1114 2312 1212 2373 notas
1239 2300 1390 2372 omnibus
1416 2303 1513 2396 primi
1538 2299 1697 2374 librorum
1725 2324 1896 2375 sacrorum
1929 2307 2127 2398 interpretes

758 2419 794 2479 ut
819 2406 994 2503 plurimum
1020 2408 1233 2476 i'etinuerrmt.
1284 2406 1332 2477 At
1357 2404 1446 2499 quod
1471 2403 1614 2478 Vossius
1642 2414 1676 2477 ct
1701 2404 1756 2477 alii
1782 2411 2034 2500 ignoraverunt,
2059 2429 2128 2478 non

759 2508 897 2584 carebat
929 2509 1042 2600 lingua
1078 2505 1220 2603 Coptica
1251 2506 1393 2581 vocibus
1431 2504 1686 2604 ἰσοδυνάμοις,
1721 2510 1874 2604 idemque
1909 2532 1950 2581 ac
1976 2508 2128 2582 Graecae

760 2610 1037 2706 significantibus,
1071 2611 1161 2706 quod
1196 2633 1241 2682 ex
1276 2613 1400 2706 optimo
1431 2620 1466 2683 et
1499 2616 1632 2708 antiqno
1659 2615 1833 2710 inprimis
1861 2611 2034 2687 Glossario
2061 2612 2129 2686 de-

758 2724 971 2806 monstratur,
997 2718 1031 2792 iu
1058 2737 1123 2810 quo
1142 2712 1294 2786 Graecae
1320 2737 1425 2786 voces
1452 2714 1516 2788 illis
1542 2715 1689 2790 inlibris
1714 2728 1894 2814 usurpatae
1919 2719 2129 2813 perAegy-

757 2825 885 2915 ptiaoas
913 2817 1130 2914 explicantur.
1184 2815 1221 2888 ld
1246 2817 1355 2891 mrdtis
1382 2820 1544 2913 exemplis
1572 2821 1768 2893 confirmare
1798 2821 1898 2894 facile
1923 2819 2033 2912 foret,
2065 2823 2129 2894 uisi

758 2926 847 3020 typis
882 2922 968 2994 illius
1007 2921 1142 3014 lingrrae
1178 2943 1378 2995 careremus.
1431 2922 1557 2994 Verum
1592 2925 1734 3016 vulgare
1771 2924 1836 2997 hoc
1876 2927 1989 2996 vitium
2019 2924 2128 2999 multis

757 3038 893 3099 nostrae
927 3027 1045 3097 aetatis
1079 3024 1215 3098 eruditis
1249 3024 1326 3114 fuit,
1362 3035 1398 3096 ut
1432 3048 1507 3097 cum
1541 3025 1686 3101 Codices
1719 3026 1879 3123 Copticos
1914 3030 2128 3124 inspicerent,

757 3134 1028 3224 incurrerentque
1054 3131 1164 3202 statim
1188 3131 1223 3200 in
1250 3128 1367 3200 oculos
1394 3151 1510 3201 eorum
1536 3130 1665 3222 figurae
1692 3131 1814 3204 Graeci
1839 3129 2031 3227 Alphabeti,
2057 3154 2128 3204 vo-

758 3254 882 3328 cesque
905 3231 1056 3304 Graecae
1077 3231 1213 3326 aliquot,
1241 3234 1349 3304 statIm
1367 3231 1526 3323 judicium
1547 3235 1715 3309 Vossiano
1734 3235 1839 3308 simile
1860 3237 2126 3330 pronunciarent.

459 3390 560 3445 autrum
574 3393 745 3445 extremarum
862 3349 1042 3420 Praeterea
1077 3351 1105 3420 si
1138 3371 1184 3419 ex
1216 3347 1455 3420 elementorum
1486 3348 1594 3441 ligura
1642 3351 1775 3446 aliquod
1818 3354 2018 3443 conjecturis
2059 3350 2125 3421 suis

437 3480 745 3547 arnarrruaanmrgumen-
758 3452 959 3549 praesidium
986 3454 1172 3547 comparari
1199 3454 1400 3542 existimant,
1427 3450 1739 3547 septentrionalium
1766 3456 1952 3548 linguarum
1970 3450 2123 3546 exemplo

436 3575 487 3617 ‘⁰¹¹¹
503 3566 627 3617 adversus
641 3566 745 3634 linguae
758 3558 858 3630 facile
883 3555 1086 3628 refelluntur.
1139 3556 1309 3628 saxonica
1335 3565 1432 3630 vetus
1460 3555 1523 3628 illis
1562 3556 1664 3630 literis
1691 3557 1844 3631 scribitm
1871 3580 1954 3652 quas
1981 3581 2028 3628 ex
2053 3555 2125 3626 La-

437 3653 614 3720 ¹¹¹¹lt¹¹¹²³²0¹¹¹
632 3652 835 3732 duci12⁰·tinis
860 3658 1020 3732 formatas
1057 3680 1246 3752 agnoscere
1277 3657 1377 3730 facile
1411 3669 1472 3731 est
1533 3660 1673 3734 Gotbica
1713 3661 1785 3736 aliis
1821 3664 1876 3756 qui
1910 3683 1956 3732 ex
1986 3659 2125 3732 Graecis

436 3747 503 3876 ἱῗζὲν
538 3825 626 3876 Ma
645 3825 739 3877 mm
758 3764 953 3861 plemmque
978 3763 1093 3854 liguris
1119 3762 1253 3834 formati
1278 3771 1362 3834 sunt.
1414 3761 1564 3837 Fictitios
1583 3787 1715 3862 quoque
1732 3765 1922 3840 saxonicos
1948 3764 2023 3836 illos
2042 3761 2126 3834 eba-

437 3843 595 3979 sepdffl
627 3863 633 3876 '
739 3863 908 3943 'racteres
931 3867 1112 3959 jndicavit,
1145 3889 1215 3938 non
1240 3869 1348 3937 minus
1375 3888 1473 3960 qnam
1500 3865 1677 3964 Copticos,
1703 3892 1787 3943 uuus
1815 3891 1862 3940 ex
1887 3867 1952 3942 illis
1980 3867 2126 3952 Critiois;

760 3983 906 4045 atvero
933 3995 953 4042 a
979 3968 1061 4041 Viro
1087 3969 1151 4042 hac
1177 3974 1210 4042 in
1235 3969 1405 4042 literatura
1431 3971 1622 4045 doctissimo
1649 3975 1737 4044 circa
1762 3971 1951 4044 saxonicas
1971 3967 2126 4042 conluta-

679 4146 690 4166 „
760 4088 812 4149 tus
839 4084 908 4164 est,
934 4078 978 4145 ita
1004 4096 1072 4146 non
1098 4078 1221 4146 rectius
1256 4072 1299 4145 de
1326 4071 1474 4169 Coptieis
1496 4075 1666 4168 judicasse
1694 4097 1779 4171 quae
1805 4075 1868 4146 huc
1894 4096 2000 4170 usque
2034 4071 2124 4143 dixi-

760 4203 844 4269 mus,
870 4178 980 4274 palam
1005 4176 1138 4249 iaciunt.
1190 4179 1237 4252 At
1262 4177 1473 4251 characteres
1498 4179 1599 4252 habet
1622 4176 1760 4274 Coptica
1786 4177 1910 4270 lingua,
1938 4179 1992 4272 qui
2016 4173 2126 4247 Grae-

760 4287 810 4356 cis
836 4303 975 4380 prorsus
1001 4285 1145 4354 inusitati
1178 4280 1328 4370 fuerumt,
1353 4281 1549 4373 nonnullos,
1590 4305 1673 4378 quos
1709 4283 1751 4354 ab
1778 4278 1947 4355 Arabibus
1975 4283 2135 4375 accipere¹

760 4411 829 4460 nou
854 4396 1007 4483 potuere,
1035 4408 1109 4456 eum
1135 4392 1308 4480 antequam
1335 4386 1389 4457 isti
1414 4389 1607 4482 Aegyptum
1640 4384 1852 4478 subegissent
1878 4384 1954 4457 illos
1980 4405 2126 4478 usurpa-

760 4500 852 4563 rent:
878 4501 914 4563 ιιι
941 4511 1020 4562 suos
1048 4489 1246 4582 singrdares,
1277 4486 1386 4581 Gothi,
1413 4491 1582 4580 Saxones,
1609 4498 1643 4562 et
1669 4490 1723 4561 alii
1747 4486 2034 4585 septentrionales
2059 4507 2127 4580 po-

760 4596 829 4692 puli
856 4593 995 4667 Graecis
1022 4604 1056 4665 et
1081 4593 1207 4665 Latinis
1235 4593 1443 4690 adjecerunt,
1471 4616 1610 4690 quorum
1636 4596 1733 4686 origo
1759 4615 1827 4665 non
1855 4591 2007 4683 aliunde,
2034 4609 2128 4684 quam

763 4699 804 4770 ab
830 4701 912 4794 ipsis
937 4697 1101 4790 indigenis
1127 4696 1270 4792 peteuda
1296 4707 1358 4770 est.

476 4860 713 4931 Nequeeffimm
724 4872 750 4916 e,
864 4813 1009 4887 Vossius
1036 4812 1166 4910 quidem
1193 4836 1239 4885 ex
1264 4814 1432 4887 Arabicae
1460 4822 1494 4884 et
1520 4810 1671 4884 Graecae
1697 4811 1830 4905 linguae
1856 4815 1994 4885 mistura
2009 4805 2128 4902 Copti-

441 4940 836 5013 q„„„‚,„21{,1,„50,cam
862 4917 1007 5009 linguam
1041 4915 1217 4989 conflatam
1249 4940 1327 4992 esse
1357 4918 1478 4992 voluit:
1512 4915 1596 4988 alter
1630 4938 1677 4988 ex
1706 4915 1890 5006 Hebraiea,
1924 4936 1994 4987 uon
2023 4914 2128 5003 magis

442 5035 551 5088 connata
583 5036 670 5104 lingua
695 5036 749 5089 co·
762 5043 856 5094 vere.
909 5018 1028 5116 Neque
1055 5023 1143 5092 enim
1163 5042 1270 5093 voces
1287 5020 1370 5093 alias
1385 5019 1569 5093 Hebraicas
1590 5017 1713 5092 habent
1739 5023 1774 5091 in
1800 5041 1860 5093 sua
1875 5019 1988 5112 lingua
2007 5016 2127 5112 Copti-

438 5125 515 5190 paca
763 5136 830 5217 tae,
857 5147 956 5220 quam
982 5145 1042 5198 eas
1069 5123 1187 5221 quibus
1208 5123 1468 5198 Christiauomm
1487 5123 1563 5200 libri
1585 5145 1702 5198 omnes
1718 5123 1834 5196 referti
1854 5133 1942 5216 sunt,
1969 5143 2015 5194 ex
2032 5129 2127 5192 uuo-
