<?xml version="1.0" encoding="UTF-8"?>
<!DOCTYPE html PUBLIC "-//W3C//DTD XHTML 1.0 Transitional//EN"
    "http://www.w3.org/TR/xhtml1/DTD/xhtml1-transitional.dtd">
<html xmlns="http://www.w3.org/1999/xhtml" xml:lang="en" lang="en">
 <head>
  <title>
</title>
<meta http-equiv="Content-Type" content="text/html;charset=utf-8" />
  <meta name='ocr-system' content='tesseract 3.04.00' />
  <meta name='ocr-capabilities' content='ocr_page ocr_carea ocr_par ocr_line ocrx_word'/>
</head>
<body>
  <div class='ocr_page' id='page_1' title='image "./liturgiarumorie03renagoog_0459.png"; bbox 0 0 4670 6046; ppageno 0'>
   <div class='ocr_carea' id='block_1_1' title="bbox 1230 775 1461 854">
    <p class='ocr_par' dir='ltr' id='par_1_1' title="bbox 1230 775 1461 854">
     <span class='ocr_line' id='line_1_1' title="bbox 1230 775 1461 854; baseline 0.013 -3"><span class='ocrx_word' id='word_1_1' title='bbox 1230 775 1461 854; x_wconf 83' lang='lat' dir='ltr'><strong>NOTAE</strong></span> 
     </span>
    </p>
   </div>
   <div class='ocr_carea' id='block_1_2' title="bbox 1094 1047 1634 1143">
    <p class='ocr_par' dir='ltr' id='par_1_2' title="bbox 1094 1047 1634 1143">
     <span class='ocr_line' id='line_1_2' title="bbox 1094 1047 1634 1143; baseline 0.006 -26"><span class='ocrx_word' id='word_1_2' title='bbox 1094 1047 1216 1118; x_wconf 83' lang='lat' dir='ltr'><strong>Oratio</strong></span> <span class='ocrx_word' id='word_1_3' title='bbox 1239 1052 1341 1141; x_wconf 82' lang='lat' dir='ltr'><strong>pacis</strong></span> <span class='ocrx_word' id='word_1_4' title='bbox 1365 1053 1478 1120; x_wconf 82' lang='lat' dir='ltr'><strong>sancti</strong></span> <span class='ocrx_word' id='word_1_5' title='bbox 1506 1049 1634 1143; x_wconf 79' lang='lat' dir='ltr'><strong>Cyrilli.</strong></span> 
     </span>
    </p>
   </div>
   <div class='ocr_carea' id='block_1_3' title="bbox 671 1251 2050 2831">
    <p class='ocr_par' dir='ltr' id='par_1_3' title="bbox 671 1251 2050 2831">
     <span class='ocr_line' id='line_1_3' title="bbox 774 1251 2046 1357; baseline 0.008 -28"><span class='ocrx_word' id='word_1_6' title='bbox 774 1251 909 1330; x_wconf 76' lang='lat' dir='ltr'><strong>Turonos</strong></span> <span class='ocrx_word' id='word_1_7' title='bbox 931 1265 983 1328; x_wconf 89' lang='lat' dir='ltr'><strong>ille</strong></span> <span class='ocrx_word' id='word_1_8' title='bbox 997 1265 1153 1329; x_wconf 88' lang='lat' dir='ltr'><strong>videretur</strong></span> <span class='ocrx_word' id='word_1_9' title='bbox 1175 1267 1299 1346; x_wconf 90' lang='lat' dir='ltr'><strong>inutilis,</strong></span> <span class='ocrx_word' id='word_1_10' title='bbox 1323 1287 1390 1331; x_wconf 87' lang='lat' dir='ltr'><strong>cum</strong></span> <span class='ocrx_word' id='word_1_11' title='bbox 1403 1277 1464 1331; x_wconf 91' lang='lat' dir='ltr'><strong>tota</strong></span> <span class='ocrx_word' id='word_1_12' title='bbox 1478 1269 1616 1351; x_wconf 81' lang='lat' dir='ltr'><strong>Liturgia</strong></span> <span class='ocrx_word' id='word_1_13' title='bbox 1639 1278 1775 1335; x_wconf 89' lang='lat' dir='ltr'><strong>autorem</strong></span> <span class='ocrx_word' id='word_1_14' title='bbox 1799 1271 2046 1357; x_wconf 80' lang='lat' dir='ltr'><strong>Cyrillumprae-</strong></span> 
     </span>
     <span class='ocr_line' id='line_1_4' title="bbox 672 1367 2046 1458; baseline 0.009 -29"><span class='ocrx_word' id='word_1_15' title='bbox 672 1367 767 1430; x_wconf 82' lang='lat' dir='ltr'><strong>ferat:</strong></span> <span class='ocrx_word' id='word_1_16' title='bbox 790 1385 891 1449; x_wconf 88' lang='lat' dir='ltr'><strong>neque</strong></span> <span class='ocrx_word' id='word_1_17' title='bbox 913 1368 1112 1451; x_wconf 83' lang='lat' dir='ltr'><strong>argutandum</strong></span> <span class='ocrx_word' id='word_1_18' title='bbox 1135 1369 1205 1432; x_wconf 92' lang='lat' dir='ltr'><strong>inde</strong></span> <span class='ocrx_word' id='word_1_19' title='bbox 1228 1371 1313 1450; x_wconf 83' lang='lat' dir='ltr'><strong>quasi</strong></span> <span class='ocrx_word' id='word_1_20' title='bbox 1335 1370 1411 1432; x_wconf 86' lang='lat' dir='ltr'><strong>baec</strong></span> <span class='ocrx_word' id='word_1_21' title='bbox 1434 1371 1472 1434; x_wconf 90' lang='lat' dir='ltr'><strong>sit</strong></span> <span class='ocrx_word' id='word_1_22' title='bbox 1494 1373 1710 1454; x_wconf 80' lang='lat' dir='ltr'><strong>suppositionis</strong></span> <span class='ocrx_word' id='word_1_23' title='bbox 1734 1383 1823 1453; x_wconf 89' lang='lat' dir='ltr'><strong>nota,</strong></span> <span class='ocrx_word' id='word_1_24' title='bbox 1857 1384 1891 1439; x_wconf 93' lang='lat' dir='ltr'><strong>ut</strong></span> <span class='ocrx_word' id='word_1_25' title='bbox 1913 1379 1993 1458; x_wconf 90' lang='lat' dir='ltr'><strong>quod</strong></span> <span class='ocrx_word' id='word_1_26' title='bbox 2016 1380 2046 1442; x_wconf 90' lang='lat' dir='ltr'><strong>in</strong></span> 
     </span>
     <span class='ocr_line' id='line_1_5' title="bbox 672 1466 2048 1556; baseline 0.007 -28"><span class='ocrx_word' id='word_1_27' title='bbox 672 1466 829 1549; x_wconf 83' lang='lat' dir='ltr'><strong>Diptychis</strong></span> <span class='ocrx_word' id='word_1_28' title='bbox 851 1467 970 1528; x_wconf 90' lang='lat' dir='ltr'><strong>nomina</strong></span> <span class='ocrx_word' id='word_1_29' title='bbox 992 1485 1097 1529; x_wconf 91' lang='lat' dir='ltr'><strong>eorum</strong></span> <span class='ocrx_word' id='word_1_30' title='bbox 1120 1475 1292 1531; x_wconf 86' lang='lat' dir='ltr'><strong>sanctorum</strong></span> <span class='ocrx_word' id='word_1_31' title='bbox 1315 1466 1423 1548; x_wconf 86' lang='lat' dir='ltr'><strong>quibus</strong></span> <span class='ocrx_word' id='word_1_32' title='bbox 1446 1470 1664 1549; x_wconf 90' lang='lat' dir='ltr'><strong>attribuuntur,</strong></span> <span class='ocrx_word' id='word_1_33' title='bbox 1697 1481 1861 1536; x_wconf 87' lang='lat' dir='ltr'><strong>occurrant</strong></span> <span class='ocrx_word' id='word_1_34' title='bbox 1891 1482 1924 1536; x_wconf 93' lang='lat' dir='ltr'><strong>ut</strong></span> <span class='ocrx_word' id='word_1_35' title='bbox 1952 1476 2048 1556; x_wconf 91' lang='lat' dir='ltr'><strong>pluri-</strong></span> 
     </span>
     <span class='ocr_line' id='line_1_6' title="bbox 673 1565 2047 1657; baseline 0.007 -31"><span class='ocrx_word' id='word_1_36' title='bbox 673 1585 762 1629; x_wconf 90' lang='lat' dir='ltr'><strong>mum.</strong></span> <span class='ocrx_word' id='word_1_37' title='bbox 808 1565 944 1628; x_wconf 80' lang='lat' dir='ltr'><strong>Diximus</strong></span> <span class='ocrx_word' id='word_1_38' title='bbox 966 1583 1028 1628; x_wconf 91' lang='lat' dir='ltr'><strong>non</strong></span> <span class='ocrx_word' id='word_1_39' title='bbox 1050 1583 1138 1626; x_wconf 89' lang='lat' dir='ltr'><strong>unam</strong></span> <span class='ocrx_word' id='word_1_40' title='bbox 1161 1585 1254 1648; x_wconf 84' lang='lat' dir='ltr'><strong>saepe</strong></span> <span class='ocrx_word' id='word_1_41' title='bbox 1278 1566 1316 1629; x_wconf 86' lang='lat' dir='ltr'><strong>ed</strong></span> <span class='ocrx_word' id='word_1_42' title='bbox 1338 1574 1563 1649; x_wconf 87' lang='lat' dir='ltr'><strong>certaspartes</strong></span> <span class='ocrx_word' id='word_1_43' title='bbox 1586 1568 1674 1631; x_wconf 87' lang='lat' dir='ltr'><strong>cilicii</strong></span> <span class='ocrx_word' id='word_1_44' title='bbox 1698 1571 1865 1634; x_wconf 84' lang='lat' dir='ltr'><strong>orationem</strong></span> <span class='ocrx_word' id='word_1_45' title='bbox 1889 1573 2047 1657; x_wconf 83' lang='lat' dir='ltr'><strong>assignari,</strong></span> 
     </span>
     <span class='ocr_line' id='line_1_7' title="bbox 674 1663 2050 1751; baseline 0.003 -23"><span class='ocrx_word' id='word_1_46' title='bbox 674 1665 728 1728; x_wconf 91' lang='lat' dir='ltr'><strong>sed</strong></span> <span class='ocrx_word' id='word_1_47' title='bbox 753 1664 827 1727; x_wconf 90' lang='lat' dir='ltr'><strong>duas</strong></span> <span class='ocrx_word' id='word_1_48' title='bbox 849 1672 901 1727; x_wconf 91' lang='lat' dir='ltr'><strong>aut</strong></span> <span class='ocrx_word' id='word_1_49' title='bbox 923 1672 1003 1727; x_wconf 89' lang='lat' dir='ltr'><strong>tres:</strong></span> <span class='ocrx_word' id='word_1_50' title='bbox 1026 1663 1130 1745; x_wconf 89' lang='lat' dir='ltr'><strong>plures</strong></span> <span class='ocrx_word' id='word_1_51' title='bbox 1153 1683 1374 1748; x_wconf 80' lang='lat' dir='ltr'><strong>nonnunquam,</strong></span> <span class='ocrx_word' id='word_1_52' title='bbox 1397 1674 1431 1729; x_wconf 91' lang='lat' dir='ltr'><strong>ut</strong></span> <span class='ocrx_word' id='word_1_53' title='bbox 1453 1666 1491 1729; x_wconf 93' lang='lat' dir='ltr'><strong>ad</strong></span> <span class='ocrx_word' id='word_1_54' title='bbox 1512 1669 1676 1749; x_wconf 87' lang='lat' dir='ltr'><strong>gratiarum</strong></span> <span class='ocrx_word' id='word_1_55' title='bbox 1700 1669 1849 1732; x_wconf 87' lang='lat' dir='ltr'><strong>actionem</strong></span> <span class='ocrx_word' id='word_1_56' title='bbox 1873 1679 1943 1751; x_wconf 91' lang='lat' dir='ltr'><strong>post</strong></span> <span class='ocrx_word' id='word_1_57' title='bbox 1966 1691 2050 1736; x_wconf 88' lang='lat' dir='ltr'><strong>com-</strong></span> 
     </span>
     <span class='ocr_line' id='line_1_8' title="bbox 673 1762 2049 1848; baseline 0.008 -24"><span class='ocrx_word' id='word_1_58' title='bbox 673 1765 863 1839; x_wconf 89' lang='lat' dir='ltr'><strong>munionem,</strong></span> <span class='ocrx_word' id='word_1_59' title='bbox 893 1771 924 1824; x_wconf 91' lang='lat' dir='ltr'><strong>et</strong></span> <span class='ocrx_word' id='word_1_60' title='bbox 952 1762 989 1824; x_wconf 94' lang='lat' dir='ltr'><strong>ad</strong></span> <span class='ocrx_word' id='word_1_61' title='bbox 1020 1762 1137 1825; x_wconf 88' lang='lat' dir='ltr'><strong>ultimas</strong></span> <span class='ocrx_word' id='word_1_62' title='bbox 1160 1763 1406 1843; x_wconf 91' lang='lat' dir='ltr'><strong>benedictiones,</strong></span> <span class='ocrx_word' id='word_1_63' title='bbox 1435 1773 1505 1846; x_wconf 92' lang='lat' dir='ltr'><strong>post</strong></span> <span class='ocrx_word' id='word_1_64' title='bbox 1537 1783 1611 1847; x_wconf 87' lang='lat' dir='ltr'><strong>quas</strong></span> <span class='ocrx_word' id='word_1_65' title='bbox 1642 1767 1772 1848; x_wconf 90' lang='lat' dir='ltr'><strong>populus</strong></span> <span class='ocrx_word' id='word_1_66' title='bbox 1796 1768 1972 1846; x_wconf 73' lang='lat' dir='ltr'><strong>dimittitur,</strong></span> <span class='ocrx_word' id='word_1_67' title='bbox 1996 1772 2049 1835; x_wconf 88' lang='lat' dir='ltr'><strong>sed</strong></span> 
     </span>
     <span class='ocr_line' id='line_1_9' title="bbox 674 1861 2049 1950; baseline 0.007 -27"><span class='ocrx_word' id='word_1_68' title='bbox 674 1863 804 1924; x_wconf 87' lang='lat' dir='ltr'><strong>varietas</strong></span> <span class='ocrx_word' id='word_1_69' title='bbox 836 1863 1003 1943; x_wconf 87' lang='lat' dir='ltr'><strong>praecipue</strong></span> <span class='ocrx_word' id='word_1_70' title='bbox 1033 1861 1278 1924; x_wconf 87' lang='lat' dir='ltr'><strong>animadvertitur</strong></span> <span class='ocrx_word' id='word_1_71' title='bbox 1307 1863 1339 1924; x_wconf 91' lang='lat' dir='ltr'><strong>in</strong></span> <span class='ocrx_word' id='word_1_72' title='bbox 1368 1863 1555 1926; x_wconf 87' lang='lat' dir='ltr'><strong>orationibus</strong></span> <span class='ocrx_word' id='word_1_73' title='bbox 1585 1867 1839 1948; x_wconf 76' lang='lat' dir='ltr'><strong>praeparatoriis,</strong></span> <span class='ocrx_word' id='word_1_74' title='bbox 1867 1868 1948 1931; x_wconf 91' lang='lat' dir='ltr'><strong>inter</strong></span> <span class='ocrx_word' id='word_1_75' title='bbox 1976 1888 2049 1950; x_wconf 87' lang='lat' dir='ltr'><strong>quas</strong></span> 
     </span>
     <span class='ocr_line' id='line_1_10' title="bbox 672 1949 2049 2052; baseline 0.008 -31"><span class='ocrx_word' id='word_1_76' title='bbox 672 1967 877 2038; x_wconf 85' lang='lat' dir='ltr'><strong>numerantur,</strong></span> <span class='ocrx_word' id='word_1_77' title='bbox 901 1978 978 2040; x_wconf 87' lang='lat' dir='ltr'><strong>quae</strong></span> <span class='ocrx_word' id='word_1_78' title='bbox 1001 1960 1189 2041; x_wconf 87' lang='lat' dir='ltr'><strong>praecedunt</strong></span> <span class='ocrx_word' id='word_1_79' title='bbox 1211 1949 1399 2038; x_wconf 78' lang='grc' dir='ltr'><strong><em>Ἀσπασμόν</em></strong></span> <span class='ocrx_word' id='word_1_80' title='bbox 1420 1980 1476 2024; x_wconf 90' lang='lat' dir='ltr'><strong>seu</strong></span> <span class='ocrx_word' id='word_1_81' title='bbox 1500 1961 1643 2025; x_wconf 84' lang='lat' dir='ltr'><strong>Osculum</strong></span> <span class='ocrx_word' id='word_1_82' title='bbox 1666 1965 1762 2044; x_wconf 91' lang='lat' dir='ltr'><strong>pacis.</strong></span> <span class='ocrx_word' id='word_1_83' title='bbox 1786 1966 1838 2029; x_wconf 92' lang='lat' dir='ltr'><strong>lsti</strong></span> <span class='ocrx_word' id='word_1_84' title='bbox 1860 1984 1969 2031; x_wconf 89' lang='lat' dir='ltr'><strong>nomen</strong></span> <span class='ocrx_word' id='word_1_85' title='bbox 1985 1967 2049 2052; x_wconf 78' lang='lat' dir='ltr'><strong>Cy-</strong></span> 
     </span>
     <span class='ocr_line' id='line_1_11' title="bbox 671 2057 2047 2146; baseline 0.007 -26"><span class='ocrx_word' id='word_1_86' title='bbox 671 2060 731 2121; x_wconf 89' lang='lat' dir='ltr'><strong>rilli</strong></span> <span class='ocrx_word' id='word_1_87' title='bbox 755 2059 924 2140; x_wconf 90' lang='lat' dir='ltr'><strong>adjunctum</strong></span> <span class='ocrx_word' id='word_1_88' title='bbox 948 2066 1011 2137; x_wconf 86' lang='lat' dir='ltr'><strong>est,</strong></span> <span class='ocrx_word' id='word_1_89' title='bbox 1041 2059 1110 2140; x_wconf 89' lang='lat' dir='ltr'><strong>quia</strong></span> <span class='ocrx_word' id='word_1_90' title='bbox 1141 2067 1173 2122; x_wconf 92' lang='lat' dir='ltr'><strong>ut</strong></span> <span class='ocrx_word' id='word_1_91' title='bbox 1203 2067 1287 2141; x_wconf 89' lang='lat' dir='ltr'><strong>patet</strong></span> <span class='ocrx_word' id='word_1_92' title='bbox 1315 2079 1356 2122; x_wconf 88' lang='lat' dir='ltr'><strong>ex</strong></span> <span class='ocrx_word' id='word_1_93' title='bbox 1378 2057 1496 2122; x_wconf 85' lang='lat' dir='ltr'><strong>Graeca</strong></span> <span class='ocrx_word' id='word_1_94' title='bbox 1523 2061 1616 2124; x_wconf 87' lang='lat' dir='ltr'><strong>blarci</strong></span> <span class='ocrx_word' id='word_1_95' title='bbox 1638 2060 1793 2146; x_wconf 84' lang='lat' dir='ltr'><strong>Liturgia,</strong></span> <span class='ocrx_word' id='word_1_96' title='bbox 1823 2083 1933 2130; x_wconf 88' lang='lat' dir='ltr'><strong>nomen</strong></span> <span class='ocrx_word' id='word_1_97' title='bbox 1963 2069 2047 2130; x_wconf 83' lang='lat' dir='ltr'><strong>istius</strong></span> 
     </span>
     <span class='ocr_line' id='line_1_12' title="bbox 673 2157 2045 2244; baseline 0.004 -23"><span class='ocrx_word' id='word_1_98' title='bbox 673 2158 770 2221; x_wconf 87' lang='lat' dir='ltr'><strong>eidem</strong></span> <span class='ocrx_word' id='word_1_99' title='bbox 793 2159 958 2238; x_wconf 83' lang='lat' dir='ltr'><strong>praefixum</strong></span> <span class='ocrx_word' id='word_1_100' title='bbox 980 2164 1057 2235; x_wconf 90' lang='lat' dir='ltr'><strong>erat,</strong></span> <span class='ocrx_word' id='word_1_101' title='bbox 1080 2176 1140 2220; x_wconf 92' lang='lat' dir='ltr'><strong>non</strong></span> <span class='ocrx_word' id='word_1_102' title='bbox 1163 2157 1276 2240; x_wconf 79' lang='lat' dir='ltr'><strong>Cyrilli.</strong></span> <span class='ocrx_word' id='word_1_103' title='bbox 1300 2159 1407 2238; x_wconf 90' lang='lat' dir='ltr'><strong>Neque</strong></span> <span class='ocrx_word' id='word_1_104' title='bbox 1430 2159 1531 2221; x_wconf 91' lang='lat' dir='ltr'><strong>titulus</strong></span> <span class='ocrx_word' id='word_1_105' title='bbox 1554 2159 1708 2240; x_wconf 82' lang='lat' dir='ltr'><strong>generalis</strong></span> <span class='ocrx_word' id='word_1_106' title='bbox 1731 2162 1855 2227; x_wconf 88' lang='lat' dir='ltr'><strong>obstare</strong></span> <span class='ocrx_word' id='word_1_107' title='bbox 1878 2165 2045 2244; x_wconf 90' lang='lat' dir='ltr'><strong>videbatur,</strong></span> 
     </span>
     <span class='ocr_line' id='line_1_13' title="bbox 673 2256 2046 2341; baseline 0.004 -22"><span class='ocrx_word' id='word_1_108' title='bbox 673 2276 712 2319; x_wconf 91' lang='lat' dir='ltr'><strong>ne</strong></span> <span class='ocrx_word' id='word_1_109' title='bbox 736 2256 862 2320; x_wconf 89' lang='lat' dir='ltr'><strong>aliorum</strong></span> <span class='ocrx_word' id='word_1_110' title='bbox 884 2264 1057 2319; x_wconf 88' lang='lat' dir='ltr'><strong>sanctorum</strong></span> <span class='ocrx_word' id='word_1_111' title='bbox 1080 2259 1231 2319; x_wconf 88' lang='lat' dir='ltr'><strong>orationes</strong></span> <span class='ocrx_word' id='word_1_112' title='bbox 1255 2257 1313 2319; x_wconf 89' lang='lat' dir='ltr'><strong>illis</strong></span> <span class='ocrx_word' id='word_1_113' title='bbox 1337 2256 1588 2341; x_wconf 83' lang='lat' dir='ltr'><strong>adjungerentur,</strong></span> <span class='ocrx_word' id='word_1_114' title='bbox 1612 2266 1644 2320; x_wconf 91' lang='lat' dir='ltr'><strong>ut</strong></span> <span class='ocrx_word' id='word_1_115' title='bbox 1667 2259 1848 2324; x_wconf 85' lang='lat' dir='ltr'><strong>observatur</strong></span> <span class='ocrx_word' id='word_1_116' title='bbox 1877 2263 1908 2325; x_wconf 93' lang='lat' dir='ltr'><strong>in</strong></span> <span class='ocrx_word' id='word_1_117' title='bbox 1932 2263 2046 2326; x_wconf 88' lang='lat' dir='ltr'><strong>duabus</strong></span> 
     </span>
     <span class='ocr_line' id='line_1_14' title="bbox 673 2355 2048 2436; baseline 0.004 -18"><span class='ocrx_word' id='word_1_118' title='bbox 673 2355 739 2418; x_wconf 90' lang='lat' dir='ltr'><strong>aliis</strong></span> <span class='ocrx_word' id='word_1_119' title='bbox 762 2355 905 2436; x_wconf 83' lang='lat' dir='ltr'><strong>Liturgiis</strong></span> <span class='ocrx_word' id='word_1_120' title='bbox 929 2355 1072 2435; x_wconf 80' lang='lat' dir='ltr'><strong>Copticis</strong></span> <span class='ocrx_word' id='word_1_121' title='bbox 1118 2356 1230 2418; x_wconf 87' lang='lat' dir='ltr'><strong>Verum</strong></span> <span class='ocrx_word' id='word_1_122' title='bbox 1262 2373 1367 2419; x_wconf 91' lang='lat' dir='ltr'><strong>omnes</strong></span> <span class='ocrx_word' id='word_1_123' title='bbox 1397 2356 1466 2418; x_wconf 88' lang='lat' dir='ltr'><strong>illae</strong></span> <span class='ocrx_word' id='word_1_124' title='bbox 1496 2375 1537 2419; x_wconf 89' lang='lat' dir='ltr'><strong>ex</strong></span> <span class='ocrx_word' id='word_1_125' title='bbox 1565 2359 1713 2420; x_wconf 89' lang='lat' dir='ltr'><strong>communi</strong></span> <span class='ocrx_word' id='word_1_126' title='bbox 1742 2359 1949 2423; x_wconf 86' lang='lat' dir='ltr'><strong>Ecclesiarum</strong></span> <span class='ocrx_word' id='word_1_127' title='bbox 1979 2363 2048 2424; x_wconf 89' lang='lat' dir='ltr'><strong>the-</strong></span> 
     </span>
     <span class='ocr_line' id='line_1_15' title="bbox 672 2453 2047 2542; baseline 0.003 -26"><span class='ocrx_word' id='word_1_128' title='bbox 672 2471 763 2516; x_wconf 90' lang='lat' dir='ltr'><strong>sauro</strong></span> <span class='ocrx_word' id='word_1_129' title='bbox 780 2453 989 2534; x_wconf 87' lang='lat' dir='ltr'><strong>depromptae,</strong></span> <span class='ocrx_word' id='word_1_130' title='bbox 1012 2453 1147 2516; x_wconf 86' lang='lat' dir='ltr'><strong>eamdem</strong></span> <span class='ocrx_word' id='word_1_131' title='bbox 1166 2455 1357 2517; x_wconf 88' lang='lat' dir='ltr'><strong>autoritatem</strong></span> <span class='ocrx_word' id='word_1_132' title='bbox 1372 2454 1523 2518; x_wconf 84' lang='lat' dir='ltr'><strong>habebant</strong></span> <span class='ocrx_word' id='word_1_133' title='bbox 1545 2474 1584 2517; x_wconf 91' lang='lat' dir='ltr'><strong>ex</strong></span> <span class='ocrx_word' id='word_1_134' title='bbox 1606 2473 1663 2518; x_wconf 92' lang='lat' dir='ltr'><strong>usu</strong></span> <span class='ocrx_word' id='word_1_135' title='bbox 1676 2455 1893 2538; x_wconf 90' lang='lat' dir='ltr'><strong>Ecclesiarum,</strong></span> <span class='ocrx_word' id='word_1_136' title='bbox 1916 2460 1967 2542; x_wconf 85' lang='lat' dir='ltr'><strong>qui</strong></span> <span class='ocrx_word' id='word_1_137' title='bbox 1986 2468 2047 2526; x_wconf 81' lang='lat' dir='ltr'><strong>tam</strong></span> 
     </span>
     <span class='ocr_line' id='line_1_16' title="bbox 673 2551 2047 2639; baseline 0.004 -27"><span class='ocrx_word' id='word_1_138' title='bbox 673 2559 774 2614; x_wconf 89' lang='lat' dir='ltr'><strong>certus</strong></span> <span class='ocrx_word' id='word_1_139' title='bbox 797 2559 855 2627; x_wconf 90' lang='lat' dir='ltr'><strong>est,</strong></span> <span class='ocrx_word' id='word_1_140' title='bbox 880 2569 968 2631; x_wconf 88' lang='lat' dir='ltr'><strong>quam</strong></span> <span class='ocrx_word' id='word_1_141' title='bbox 990 2553 1097 2614; x_wconf 85' lang='lat' dir='ltr'><strong>incerti</strong></span> <span class='ocrx_word' id='word_1_142' title='bbox 1120 2552 1296 2615; x_wconf 89' lang='lat' dir='ltr'><strong>Orationum</strong></span> <span class='ocrx_word' id='word_1_143' title='bbox 1319 2554 1404 2616; x_wconf 89' lang='lat' dir='ltr'><strong>tituli.</strong></span> <span class='ocrx_word' id='word_1_144' title='bbox 1449 2552 1567 2615; x_wconf 86' lang='lat' dir='ltr'><strong>Habent</strong></span> <span class='ocrx_word' id='word_1_145' title='bbox 1590 2552 1659 2634; x_wconf 76' lang='lat' dir='ltr'><strong>Syri</strong></span> <span class='ocrx_word' id='word_1_146' title='bbox 1681 2551 1838 2619; x_wconf 87' lang='lat' dir='ltr'><strong>lacobitae</strong></span> <span class='ocrx_word' id='word_1_147' title='bbox 1861 2556 1977 2639; x_wconf 84' lang='lat' dir='ltr'><strong>Cyrillo</strong></span> <span class='ocrx_word' id='word_1_148' title='bbox 1992 2557 2047 2618; x_wconf 92' lang='lat' dir='ltr'><strong>ad-</strong></span> 
     </span>
     <span class='ocr_line' id='line_1_17' title="bbox 672 2649 2046 2734; baseline 0.002 -20"><span class='ocrx_word' id='word_1_149' title='bbox 672 2651 817 2731; x_wconf 88' lang='lat' dir='ltr'><strong>scriptam</strong></span> <span class='ocrx_word' id='word_1_150' title='bbox 840 2649 1016 2732; x_wconf 81' lang='lat' dir='ltr'><strong>Liturgiam,</strong></span> <span class='ocrx_word' id='word_1_151' title='bbox 1039 2669 1117 2730; x_wconf 88' lang='lat' dir='ltr'><strong>quae</strong></span> <span class='ocrx_word' id='word_1_152' title='bbox 1140 2658 1224 2712; x_wconf 89' lang='lat' dir='ltr'><strong>extat</strong></span> <span class='ocrx_word' id='word_1_153' title='bbox 1246 2652 1277 2713; x_wconf 93' lang='lat' dir='ltr'><strong>in</strong></span> <span class='ocrx_word' id='word_1_154' title='bbox 1290 2650 1422 2714; x_wconf 89' lang='lat' dir='ltr'><strong>Romana</strong></span> <span class='ocrx_word' id='word_1_155' title='bbox 1440 2653 1584 2732; x_wconf 87' lang='lat' dir='ltr'><strong>editione,</strong></span> <span class='ocrx_word' id='word_1_156' title='bbox 1607 2651 1662 2715; x_wconf 92' lang='lat' dir='ltr'><strong>sed</strong></span> <span class='ocrx_word' id='word_1_157' title='bbox 1685 2670 1763 2734; x_wconf 83' lang='lat' dir='ltr'><strong>quae</strong></span> <span class='ocrx_word' id='word_1_158' title='bbox 1787 2653 1823 2716; x_wconf 91' lang='lat' dir='ltr'><strong>ab</strong></span> <span class='ocrx_word' id='word_1_159' title='bbox 1847 2656 1904 2718; x_wconf 89' lang='lat' dir='ltr'><strong>ista</strong></span> <span class='ocrx_word' id='word_1_160' title='bbox 1927 2657 2046 2720; x_wconf 90' lang='lat' dir='ltr'><strong>diversa</strong></span> 
     </span>
     <span class='ocr_line' id='line_1_18' title="bbox 672 2747 1057 2831; baseline 0 -21"><span class='ocrx_word' id='word_1_161' title='bbox 672 2755 731 2826; x_wconf 89' lang='lat' dir='ltr'><strong>est,</strong></span> <span class='ocrx_word' id='word_1_162' title='bbox 754 2754 785 2810; x_wconf 94' lang='lat' dir='ltr'><strong>et</strong></span> <span class='ocrx_word' id='word_1_163' title='bbox 809 2747 901 2831; x_wconf 83' lang='lat' dir='ltr'><strong>longe</strong></span> <span class='ocrx_word' id='word_1_164' title='bbox 925 2750 1057 2812; x_wconf 84' lang='lat' dir='ltr'><strong>breuior.</strong></span> 
     </span>
    </p>
   </div>
   <div class='ocr_carea' id='block_1_4' title="bbox 1012 3008 1716 3103">
    <p class='ocr_par' dir='ltr' id='par_1_4' title="bbox 1012 3008 1716 3103">
     <span class='ocr_line' id='line_1_19' title="bbox 1012 3008 1716 3103; baseline 0.003 -25"><span class='ocrx_word' id='word_1_165' title='bbox 1012 3009 1201 3103; x_wconf 79' lang='lat' dir='ltr'><strong>Offeramus</strong></span> <span class='ocrx_word' id='word_1_166' title='bbox 1226 3008 1290 3079; x_wconf 83' lang='lat' dir='ltr'><strong>tibi</strong></span> <span class='ocrx_word' id='word_1_167' title='bbox 1315 3011 1523 3102; x_wconf 75' lang='lat' dir='ltr'><strong>sacrificium</strong></span> <span class='ocrx_word' id='word_1_168' title='bbox 1548 3009 1624 3096; x_wconf 87' lang='lat' dir='ltr'><strong>boc,</strong></span> <span class='ocrx_word' id='word_1_169' title='bbox 1653 3015 1716 3080; x_wconf 85' lang='lat' dir='ltr'><strong>etc.</strong></span> 
     </span>
    </p>
   </div>
   <div class='ocr_carea' id='block_1_5' title="bbox 665 3217 2047 5180">
    <p class='ocr_par' dir='ltr' id='par_1_5' title="bbox 665 3217 2047 5180">
     <span class='ocr_line' id='line_1_20' title="bbox 749 3217 2046 3314; baseline 0.001 -20"><span class='ocrx_word' id='word_1_170' title='bbox 749 3217 785 3296; x_wconf 87' lang='lat' dir='ltr'><strong>In</strong></span> <span class='ocrx_word' id='word_1_171' title='bbox 808 3230 883 3308; x_wconf 89' lang='lat' dir='ltr'><strong>hac,</strong></span> <span class='ocrx_word' id='word_1_172' title='bbox 912 3229 997 3291; x_wconf 91' lang='lat' dir='ltr'><strong>utin</strong></span> <span class='ocrx_word' id='word_1_173' title='bbox 1020 3227 1084 3290; x_wconf 91' lang='lat' dir='ltr'><strong>aliis</strong></span> <span class='ocrx_word' id='word_1_174' title='bbox 1108 3227 1245 3290; x_wconf 91' lang='lat' dir='ltr'><strong>omnibus</strong></span> <span class='ocrx_word' id='word_1_175' title='bbox 1274 3225 1477 3292; x_wconf 90' lang='lat' dir='ltr'><strong>Orientalibus</strong></span> <span class='ocrx_word' id='word_1_176' title='bbox 1506 3225 1650 3311; x_wconf 82' lang='lat' dir='ltr'><strong>Liturgiis</strong></span> <span class='ocrx_word' id='word_1_177' title='bbox 1678 3230 1873 3314; x_wconf 81' lang='lat' dir='ltr'><strong>agnoscitur,</strong></span> <span class='ocrx_word' id='word_1_178' title='bbox 1901 3231 2046 3294; x_wconf 88' lang='lat' dir='ltr'><strong>creditum</strong></span> 
     </span>
     <span class='ocr_line' id='line_1_21' title="bbox 674 3326 2047 3422; baseline 0.004 -29"><span class='ocrx_word' id='word_1_179' title='bbox 674 3333 844 3396; x_wconf 91' lang='lat' dir='ltr'><strong>interillos</strong></span> <span class='ocrx_word' id='word_1_180' title='bbox 868 3333 1056 3396; x_wconf 87' lang='lat' dir='ltr'><strong>Cluistiancs</strong></span> <span class='ocrx_word' id='word_1_181' title='bbox 1080 3330 1241 3411; x_wconf 89' lang='lat' dir='ltr'><strong>antiquitus</strong></span> <span class='ocrx_word' id='word_1_182' title='bbox 1265 3326 1360 3415; x_wconf 83' lang='lat' dir='ltr'><strong>luisse</strong></span> <span class='ocrx_word' id='word_1_183' title='bbox 1383 3329 1591 3393; x_wconf 81' lang='lat' dir='ltr'><strong>Eucharistiae</strong></span> <span class='ocrx_word' id='word_1_184' title='bbox 1605 3330 1840 3397; x_wconf 85' lang='lat' dir='ltr'><strong>celebrationem</strong></span> <span class='ocrx_word' id='word_1_185' title='bbox 1859 3353 1964 3422; x_wconf 74' lang='lat' dir='ltr'><strong>verum</strong></span> <span class='ocrx_word' id='word_1_186' title='bbox 1979 3353 2047 3398; x_wconf 92' lang='lat' dir='ltr'><strong>esse</strong></span> 
     </span>
     <span class='ocr_line' id='line_1_22' title="bbox 671 3419 2044 3514; baseline 0.001 -20"><span class='ocrx_word' id='word_1_187' title='bbox 671 3433 867 3511; x_wconf 86' lang='lat' dir='ltr'><strong>sacrificium,</strong></span> <span class='ocrx_word' id='word_1_188' title='bbox 902 3430 1036 3511; x_wconf 88' lang='lat' dir='ltr'><strong>illudque</strong></span> <span class='ocrx_word' id='word_1_189' title='bbox 1068 3419 1210 3510; x_wconf 78' lang='lat' dir='ltr'><strong>toytadr,</strong></span> <span class='ocrx_word' id='word_1_190' title='bbox 1233 3446 1289 3490; x_wconf 90' lang='lat' dir='ltr'><strong>seu</strong></span> <span class='ocrx_word' id='word_1_191' title='bbox 1319 3429 1477 3507; x_wconf 76' lang='lat' dir='ltr'><strong>spirihtole</strong></span> <span class='ocrx_word' id='word_1_192' title='bbox 1504 3436 1534 3491; x_wconf 90' lang='lat' dir='ltr'><strong>et</strong></span> <span class='ocrx_word' id='word_1_193' title='bbox 1561 3431 1726 3508; x_wconf 70' lang='lat' dir='ltr'><strong>rationale,</strong></span> <span class='ocrx_word' id='word_1_194' title='bbox 1765 3432 1847 3514; x_wconf 85' lang='lat' dir='ltr'><strong>quod</strong></span> <span class='ocrx_word' id='word_1_195' title='bbox 1876 3432 1907 3492; x_wconf 89' lang='lat' dir='ltr'><strong>in</strong></span> <span class='ocrx_word' id='word_1_196' title='bbox 1938 3450 2044 3495; x_wconf 86' lang='lat' dir='ltr'><strong>sacrae</strong></span> 
     </span>
     <span class='ocr_line' id='line_1_23' title="bbox 671 3527 2041 3613; baseline 0 -20"><span class='ocrx_word' id='word_1_197' title='bbox 671 3530 846 3611; x_wconf 88' lang='lat' dir='ltr'><strong>Scripturae</strong></span> <span class='ocrx_word' id='word_1_198' title='bbox 868 3530 937 3593; x_wconf 92' lang='lat' dir='ltr'><strong>stilo</strong></span> <span class='ocrx_word' id='word_1_199' title='bbox 960 3530 1038 3592; x_wconf 90' lang='lat' dir='ltr'><strong>idem</strong></span> <span class='ocrx_word' id='word_1_200' title='bbox 1061 3535 1116 3591; x_wconf 90' lang='lat' dir='ltr'><strong>est.</strong></span> <span class='ocrx_word' id='word_1_201' title='bbox 1140 3528 1246 3608; x_wconf 86' lang='lat' dir='ltr'><strong>anue</strong></span> <span class='ocrx_word' id='word_1_202' title='bbox 1267 3543 1330 3588; x_wconf 83' lang='lat' dir='ltr'><strong>vox</strong></span> <span class='ocrx_word' id='word_1_203' title='bbox 1352 3527 1417 3587; x_wconf 91' lang='lat' dir='ltr'><strong>sola</strong></span> <span class='ocrx_word' id='word_1_204' title='bbox 1448 3529 1581 3590; x_wconf 87' lang='lat' dir='ltr'><strong>occurrit</strong></span> <span class='ocrx_word' id='word_1_205' title='bbox 1608 3528 1638 3589; x_wconf 92' lang='lat' dir='ltr'><strong>in</strong></span> <span class='ocrx_word' id='word_1_206' title='bbox 1668 3535 1754 3591; x_wconf 90' lang='lat' dir='ltr'><strong>textu</strong></span> <span class='ocrx_word' id='word_1_207' title='bbox 1777 3527 1923 3612; x_wconf 90' lang='lat' dir='ltr'><strong>Coptico,</strong></span> <span class='ocrx_word' id='word_1_208' title='bbox 1955 3549 2041 3613; x_wconf 89' lang='lat' dir='ltr'><strong>quam</strong></span> 
     </span>
     <span class='ocr_line' id='line_1_24' title="bbox 670 3625 2042 3715; baseline 0.001 -24"><span class='ocrx_word' id='word_1_209' title='bbox 670 3630 772 3691; x_wconf 90' lang='lat' dir='ltr'><strong>versio</strong></span> <span class='ocrx_word' id='word_1_210' title='bbox 796 3628 926 3692; x_wconf 74' lang='lat' dir='ltr'><strong>Arflbica</strong></span> <span class='ocrx_word' id='word_1_211' title='bbox 950 3627 1090 3710; x_wconf 86' lang='lat' dir='ltr'><strong>exprimit</strong></span> <span class='ocrx_word' id='word_1_212' title='bbox 1111 3643 1169 3707; x_wconf 89' lang='lat' dir='ltr'><strong>per</strong></span> <span class='ocrx_word' id='word_1_213' title='bbox 1196 3643 1320 3699; x_wconf 86' lang='lat' dir='ltr'><strong>vocem,</strong></span> <span class='ocrx_word' id='word_1_214' title='bbox 1348 3632 1461 3715; x_wconf 62' lang='lat' dir='ltr'><strong>uptote]</strong></span> <span class='ocrx_word' id='word_1_215' title='bbox 1491 3645 1568 3707; x_wconf 87' lang='lat' dir='ltr'><strong>quae</strong></span> <span class='ocrx_word' id='word_1_216' title='bbox 1597 3627 1677 3708; x_wconf 87' lang='lat' dir='ltr'><strong>apud</strong></span> <span class='ocrx_word' id='word_1_217' title='bbox 1707 3625 1827 3692; x_wconf 79' lang='lat' dir='ltr'><strong>Arabes</strong></span> <span class='ocrx_word' id='word_1_218' title='bbox 1857 3627 2042 3693; x_wconf 89' lang='lat' dir='ltr'><strong>Christianos</strong></span> 
     </span>
     <span class='ocr_line' id='line_1_25' title="bbox 671 3724 2042 3814; baseline -0.001 -23"><span class='ocrx_word' id='word_1_219' title='bbox 671 3729 806 3792; x_wconf 88' lang='lat' dir='ltr'><strong>eamdem</strong></span> <span class='ocrx_word' id='word_1_220' title='bbox 828 3728 919 3791; x_wconf 88' lang='lat' dir='ltr'><strong>habet</strong></span> <span class='ocrx_word' id='word_1_221' title='bbox 942 3729 1020 3804; x_wconf 85' lang='lat' dir='ltr'><strong>rim,</strong></span> <span class='ocrx_word' id='word_1_222' title='bbox 1044 3746 1084 3789; x_wconf 88' lang='lat' dir='ltr'><strong>ex</strong></span> <span class='ocrx_word' id='word_1_223' title='bbox 1106 3743 1163 3788; x_wconf 91' lang='lat' dir='ltr'><strong>usu</strong></span> <span class='ocrx_word' id='word_1_224' title='bbox 1185 3724 1400 3814; x_wconf 85' lang='lat' dir='ltr'><strong>Ecclesiastico</strong></span> <span class='ocrx_word' id='word_1_225' title='bbox 1424 3726 1547 3805; x_wconf 87' lang='lat' dir='ltr'><strong>potius,</strong></span> <span class='ocrx_word' id='word_1_226' title='bbox 1576 3743 1665 3807; x_wconf 88' lang='lat' dir='ltr'><strong>quam</strong></span> <span class='ocrx_word' id='word_1_227' title='bbox 1688 3745 1729 3788; x_wconf 88' lang='lat' dir='ltr'><strong>ex</strong></span> <span class='ocrx_word' id='word_1_228' title='bbox 1750 3745 1824 3790; x_wconf 88' lang='lat' dir='ltr'><strong>vera</strong></span> <span class='ocrx_word' id='word_1_229' title='bbox 1847 3730 2042 3812; x_wconf 81' lang='lat' dir='ltr'><strong>etymologia,</strong></span> 
     </span>
     <span class='ocr_line' id='line_1_26' title="bbox 669 3807 2042 3910; baseline -0.001 -20"><span class='ocrx_word' id='word_1_230' title='bbox 669 3835 703 3890; x_wconf 90' lang='grc' dir='ltr'><strong>ιιι</strong></span> <span class='ocrx_word' id='word_1_231' title='bbox 733 3828 810 3909; x_wconf 85' lang='lat' dir='ltr'><strong>apud</strong></span> <span class='ocrx_word' id='word_1_232' title='bbox 842 3828 935 3910; x_wconf 79' lang='lat' dir='ltr'><strong>Syros</strong></span> <span class='ocrx_word' id='word_1_233' title='bbox 965 3807 1102 3896; x_wconf 63' lang='lat' dir='ltr'><strong>trtOOn.</strong></span> <span class='ocrx_word' id='word_1_234' title='bbox 1148 3824 1181 3886; x_wconf 94' lang='lat' dir='ltr'><strong>ln</strong></span> <span class='ocrx_word' id='word_1_235' title='bbox 1205 3824 1318 3887; x_wconf 88' lang='lat' dir='ltr'><strong>Codice</strong></span> <span class='ocrx_word' id='word_1_236' title='bbox 1341 3822 1488 3904; x_wconf 80' lang='lat' dir='ltr'><strong>scaligeri</strong></span> <span class='ocrx_word' id='word_1_237' title='bbox 1518 3831 1548 3886; x_wconf 88' lang='lat' dir='ltr'><strong>et</strong></span> <span class='ocrx_word' id='word_1_238' title='bbox 1578 3824 1609 3886; x_wconf 91' lang='lat' dir='ltr'><strong>in</strong></span> <span class='ocrx_word' id='word_1_239' title='bbox 1637 3822 1754 3887; x_wconf 89' lang='lat' dir='ltr'><strong>duobus</strong></span> <span class='ocrx_word' id='word_1_240' title='bbox 1776 3824 1880 3908; x_wconf 79' lang='lat' dir='ltr'><strong>Regiis</strong></span> <span class='ocrx_word' id='word_1_241' title='bbox 1903 3828 2042 3910; x_wconf 86' lang='lat' dir='ltr'><strong>adjicitur</strong></span> 
     </span>
     <span class='ocr_line' id='line_1_27' title="bbox 670 3922 2044 4008; baseline -0.001 -20"><span class='ocrx_word' id='word_1_242' title='bbox 670 3928 880 4008; x_wconf 87' lang='lat' dir='ltr'><strong>explicationis</strong></span> <span class='ocrx_word' id='word_1_243' title='bbox 904 3945 995 3990; x_wconf 87' lang='lat' dir='ltr'><strong>causa</strong></span> <span class='ocrx_word' id='word_1_244' title='bbox 1017 3944 1080 3989; x_wconf 89' lang='lat' dir='ltr'><strong>vox</strong></span> <span class='ocrx_word' id='word_1_245' title='bbox 1102 3934 1237 3994; x_wconf 67' lang='lat' dir='ltr'><strong>nummu</strong></span> <span class='ocrx_word' id='word_1_246' title='bbox 1261 3941 1340 4005; x_wconf 86' lang='lat' dir='ltr'><strong>quae</strong></span> <span class='ocrx_word' id='word_1_247' title='bbox 1361 3923 1486 4005; x_wconf 91' lang='lat' dir='ltr'><strong>proprie</strong></span> <span class='ocrx_word' id='word_1_248' title='bbox 1508 3922 1603 4005; x_wconf 82' lang='lat' dir='ltr'><strong>magis</strong></span> <span class='ocrx_word' id='word_1_249' title='bbox 1634 3923 1784 4006; x_wconf 80' lang='lat' dir='ltr'><strong>significat</strong></span> <span class='ocrx_word' id='word_1_250' title='bbox 1811 3927 1987 4006; x_wconf 65' lang='grc' dir='ltr'>ιῃίνίιιιαιει</span> <span class='ocrx_word' id='word_1_251' title='bbox 2015 3931 2044 3988; x_wconf 90' lang='lat' dir='ltr'><strong>nt</strong></span> 
     </span>
     <span class='ocr_line' id='line_1_28' title="bbox 670 4021 2043 4104; baseline 0 -16"><span class='ocrx_word' id='word_1_252' title='bbox 670 4027 700 4088; x_wconf 92' lang='lat' dir='ltr'><strong>in</strong></span> <span class='ocrx_word' id='word_1_253' title='bbox 722 4035 838 4104; x_wconf 90' lang='lat' dir='ltr'><strong>nostro,</strong></span> <span class='ocrx_word' id='word_1_254' title='bbox 861 4027 933 4089; x_wconf 91' lang='lat' dir='ltr'><strong>satis</strong></span> <span class='ocrx_word' id='word_1_255' title='bbox 957 4031 1079 4089; x_wconf 88' lang='lat' dir='ltr'><strong>vetusto</strong></span> <span class='ocrx_word' id='word_1_256' title='bbox 1104 4031 1135 4086; x_wconf 96' lang='lat' dir='ltr'><strong>et</strong></span> <span class='ocrx_word' id='word_1_257' title='bbox 1158 4023 1287 4104; x_wconf 85' lang='lat' dir='ltr'><strong>optimae</strong></span> <span class='ocrx_word' id='word_1_258' title='bbox 1311 4029 1410 4096; x_wconf 88' lang='lat' dir='ltr'><strong>notae,</strong></span> <span class='ocrx_word' id='word_1_259' title='bbox 1435 4021 1633 4086; x_wconf 88' lang='lat' dir='ltr'><strong>desideratur.</strong></span> <span class='ocrx_word' id='word_1_260' title='bbox 1657 4023 1764 4086; x_wconf 85' lang='lat' dir='ltr'><strong>blirurn</strong></span> <span class='ocrx_word' id='word_1_261' title='bbox 1786 4042 1872 4104; x_wconf 91' lang='lat' dir='ltr'><strong>sane,</strong></span> <span class='ocrx_word' id='word_1_262' title='bbox 1898 4044 1955 4088; x_wconf 91' lang='lat' dir='ltr'><strong>cnr</strong></span> <span class='ocrx_word' id='word_1_263' title='bbox 1976 4025 2043 4088; x_wconf 86' lang='lat' dir='ltr'><strong>bla-</strong></span> 
     </span>
     <span class='ocr_line' id='line_1_29' title="bbox 668 4119 2043 4206; baseline -0.001 -19"><span class='ocrx_word' id='word_1_264' title='bbox 668 4127 767 4188; x_wconf 86' lang='lat' dir='ltr'><strong>ronitn</strong></span> <span class='ocrx_word' id='word_1_265' title='bbox 797 4124 985 4187; x_wconf 73' lang='lat' dir='ltr'><strong>Oblotmnem</strong></span> <span class='ocrx_word' id='word_1_266' title='bbox 1011 4125 1229 4204; x_wconf 84' lang='lat' dir='ltr'><strong>interpretatus</strong></span> <span class='ocrx_word' id='word_1_267' title='bbox 1253 4123 1292 4185; x_wconf 88' lang='lat' dir='ltr'><strong>sit</strong></span> <span class='ocrx_word' id='word_1_268' title='bbox 1313 4119 1474 4183; x_wconf 79' lang='lat' dir='ltr'><strong>Arabicam</strong></span> <span class='ocrx_word' id='word_1_269' title='bbox 1496 4140 1613 4200; x_wconf 84' lang='lat' dir='ltr'><strong>vocem,</strong></span> <span class='ocrx_word' id='word_1_270' title='bbox 1637 4141 1713 4202; x_wconf 91' lang='lat' dir='ltr'><strong>quae</strong></span> <span class='ocrx_word' id='word_1_271' title='bbox 1737 4125 1923 4204; x_wconf 75' lang='lat' dir='ltr'><strong>sacrificinm</strong></span> <span class='ocrx_word' id='word_1_272' title='bbox 1945 4124 2043 4206; x_wconf 84' lang='lat' dir='ltr'><strong>signi-</strong></span> 
     </span>
     <span class='ocr_line' id='line_1_30' title="bbox 668 4219 2042 4306; baseline 0 -20"><span class='ocrx_word' id='word_1_273' title='bbox 668 4225 752 4302; x_wconf 88' lang='lat' dir='ltr'><strong>ticat,</strong></span> <span class='ocrx_word' id='word_1_274' title='bbox 776 4233 808 4287; x_wconf 94' lang='lat' dir='ltr'><strong>ut</strong></span> <span class='ocrx_word' id='word_1_275' title='bbox 830 4225 896 4306; x_wconf 91' lang='lat' dir='ltr'><strong>ipsa</strong></span> <span class='ocrx_word' id='word_1_276' title='bbox 918 4242 980 4287; x_wconf 90' lang='lat' dir='ltr'><strong>vox</strong></span> <span class='ocrx_word' id='word_1_277' title='bbox 1002 4223 1202 4305; x_wconf 79' lang='lat' dir='ltr'><strong>Aegyptiace.</strong></span> <span class='ocrx_word' id='word_1_278' title='bbox 1227 4220 1302 4284; x_wconf 91' lang='lat' dir='ltr'><strong>Cum</strong></span> <span class='ocrx_word' id='word_1_279' title='bbox 1323 4238 1399 4282; x_wconf 89' lang='lat' dir='ltr'><strong>vero</strong></span> <span class='ocrx_word' id='word_1_280' title='bbox 1422 4220 1564 4300; x_wconf 87' lang='lat' dir='ltr'><strong>adjiciunt</strong></span> <span class='ocrx_word' id='word_1_281' title='bbox 1587 4219 1724 4303; x_wconf 88' lang='lat' dir='ltr'><strong>Coptitae</strong></span> <span class='ocrx_word' id='word_1_282' title='bbox 1747 4221 1819 4285; x_wconf 93' lang='lat' dir='ltr'><strong>illud</strong></span> <span class='ocrx_word' id='word_1_283' title='bbox 1842 4241 1913 4286; x_wconf 90' lang='lat' dir='ltr'><strong>esse</strong></span> <span class='ocrx_word' id='word_1_284' title='bbox 1935 4225 2042 4285; x_wconf 73' lang='lat' dir='ltr'><strong>mou-</strong></span> 
     </span>
     <span class='ocr_line' id='line_1_31' title="bbox 669 4319 2041 4404; baseline -0.004 -17"><span class='ocrx_word' id='word_1_285' title='bbox 669 4333 785 4400; x_wconf 84' lang='lat' dir='ltr'><strong>entom‚</strong></span> <span class='ocrx_word' id='word_1_286' title='bbox 816 4330 957 4386; x_wconf 89' lang='lat' dir='ltr'><strong>evertunt</strong></span> <span class='ocrx_word' id='word_1_287' title='bbox 989 4340 1095 4386; x_wconf 89' lang='lat' dir='ltr'><strong>omnes</strong></span> <span class='ocrx_word' id='word_1_288' title='bbox 1130 4320 1380 4398; x_wconf 76' lang='lat' dir='ltr'><strong>calvinistarum,</strong></span> <span class='ocrx_word' id='word_1_289' title='bbox 1413 4321 1608 4400; x_wconf 87' lang='lat' dir='ltr'><strong>ipsorumque</strong></span> <span class='ocrx_word' id='word_1_290' title='bbox 1638 4319 1776 4404; x_wconf 82' lang='lat' dir='ltr'><strong>Magistri</strong></span> <span class='ocrx_word' id='word_1_291' title='bbox 1806 4322 1959 4401; x_wconf 77' lang='lat' dir='ltr'><strong>argutias,</strong></span> <span class='ocrx_word' id='word_1_292' title='bbox 1990 4319 2041 4401; x_wconf 89' lang='lat' dir='ltr'><strong>qui</strong></span> 
     </span>
     <span class='ocr_line' id='line_1_32' title="bbox 669 4417 2039 4502; baseline -0.004 -16"><span class='ocrx_word' id='word_1_293' title='bbox 669 4429 790 4486; x_wconf 88' lang='lat' dir='ltr'><strong>sanctos</strong></span> <span class='ocrx_word' id='word_1_294' title='bbox 813 4423 918 4484; x_wconf 86' lang='lat' dir='ltr'><strong>Patres</strong></span> <span class='ocrx_word' id='word_1_295' title='bbox 941 4423 1067 4485; x_wconf 91' lang='lat' dir='ltr'><strong>vocibus</strong></span> <span class='ocrx_word' id='word_1_296' title='bbox 1089 4422 1148 4484; x_wconf 89' lang='lat' dir='ltr'><strong>illis</strong></span> <span class='ocrx_word' id='word_1_297' title='bbox 1171 4439 1249 4502; x_wconf 86' lang='lat' dir='ltr'><strong>quae</strong></span> <span class='ocrx_word' id='word_1_298' title='bbox 1272 4417 1420 4484; x_wconf 86' lang='lat' dir='ltr'><strong>sacrificio</strong></span> <span class='ocrx_word' id='word_1_299' title='bbox 1443 4417 1640 4501; x_wconf 86' lang='lat' dir='ltr'><strong>significando</strong></span> <span class='ocrx_word' id='word_1_300' title='bbox 1663 4421 1805 4501; x_wconf 88' lang='lat' dir='ltr'><strong>propriae</strong></span> <span class='ocrx_word' id='word_1_301' title='bbox 1825 4427 1906 4497; x_wconf 87' lang='lat' dir='ltr'><strong>sunt,</strong></span> <span class='ocrx_word' id='word_1_302' title='bbox 1930 4420 2039 4482; x_wconf 89' lang='lat' dir='ltr'><strong>abusos</strong></span> 
     </span>
     <span class='ocr_line' id='line_1_33' title="bbox 669 4516 2039 4599; baseline -0.004 -14"><span class='ocrx_word' id='word_1_303' title='bbox 669 4523 790 4585; x_wconf 91' lang='lat' dir='ltr'><strong>nimium</strong></span> <span class='ocrx_word' id='word_1_304' title='bbox 812 4539 883 4584; x_wconf 86' lang='lat' dir='ltr'><strong>esse</strong></span> <span class='ocrx_word' id='word_1_305' title='bbox 906 4520 991 4598; x_wconf 92' lang='lat' dir='ltr'><strong>dicit,</strong></span> <span class='ocrx_word' id='word_1_306' title='bbox 1015 4521 1085 4584; x_wconf 92' lang='lat' dir='ltr'><strong>dum</strong></span> <span class='ocrx_word' id='word_1_307' title='bbox 1106 4520 1337 4583; x_wconf 88' lang='lat' dir='ltr'><strong>rhetoricantur.</strong></span> <span class='ocrx_word' id='word_1_308' title='bbox 1382 4517 1453 4580; x_wconf 90' lang='lat' dir='ltr'><strong>lllos</strong></span> <span class='ocrx_word' id='word_1_309' title='bbox 1477 4519 1588 4599; x_wconf 90' lang='lat' dir='ltr'><strong>quippe</strong></span> <span class='ocrx_word' id='word_1_310' title='bbox 1610 4517 1766 4581; x_wconf 84' lang='lat' dir='ltr'><strong>Ecclesiae</strong></span> <span class='ocrx_word' id='word_1_311' title='bbox 1796 4519 1910 4582; x_wconf 87' lang='lat' dir='ltr'><strong>veteris</strong></span> <span class='ocrx_word' id='word_1_312' title='bbox 1942 4516 2039 4598; x_wconf 79' lang='lat' dir='ltr'><strong>magi-</strong></span> 
     </span>
     <span class='ocr_line' id='line_1_34' title="bbox 669 4617 2040 4699; baseline -0.004 -15"><span class='ocrx_word' id='word_1_313' title='bbox 669 4630 750 4684; x_wconf 88' lang='lat' dir='ltr'><strong>stros</strong></span> <span class='ocrx_word' id='word_1_314' title='bbox 775 4623 872 4699; x_wconf 85' lang='lat' dir='ltr'><strong>serio,</strong></span> <span class='ocrx_word' id='word_1_315' title='bbox 896 4639 953 4684; x_wconf 89' lang='lat' dir='ltr'><strong>nec</strong></span> <span class='ocrx_word' id='word_1_316' title='bbox 976 4622 1108 4684; x_wconf 89' lang='lat' dir='ltr'><strong>oratorie</strong></span> <span class='ocrx_word' id='word_1_317' title='bbox 1131 4620 1249 4683; x_wconf 92' lang='lat' dir='ltr'><strong>locutos</strong></span> <span class='ocrx_word' id='word_1_318' title='bbox 1272 4617 1379 4696; x_wconf 86' lang='lat' dir='ltr'><strong>luisse,</strong></span> <span class='ocrx_word' id='word_1_319' title='bbox 1400 4637 1462 4682; x_wconf 92' lang='lat' dir='ltr'><strong>non</strong></span> <span class='ocrx_word' id='word_1_320' title='bbox 1484 4617 1543 4682; x_wconf 88' lang='lat' dir='ltr'><strong>soli</strong></span> <span class='ocrx_word' id='word_1_321' title='bbox 1565 4619 1765 4683; x_wconf 89' lang='lat' dir='ltr'><strong>intelleximus</strong></span> <span class='ocrx_word' id='word_1_322' title='bbox 1789 4618 1954 4692; x_wconf 83' lang='lat' dir='ltr'><strong>Catholici,</strong></span> <span class='ocrx_word' id='word_1_323' title='bbox 1982 4636 2040 4680; x_wconf 90' lang='lat' dir='ltr'><strong>ve-</strong></span> 
     </span>
     <span class='ocr_line' id='line_1_35' title="bbox 667 4716 2040 4799; baseline -0.004 -17"><span class='ocrx_word' id='word_1_324' title='bbox 667 4738 733 4784; x_wconf 91' lang='lat' dir='ltr'><strong>rum</strong></span> <span class='ocrx_word' id='word_1_325' title='bbox 764 4720 926 4783; x_wconf 86' lang='lat' dir='ltr'><strong>Christiani</strong></span> <span class='ocrx_word' id='word_1_326' title='bbox 954 4727 1018 4784; x_wconf 91' lang='lat' dir='ltr'><strong>toto</strong></span> <span class='ocrx_word' id='word_1_327' title='bbox 1047 4719 1171 4782; x_wconf 88' lang='lat' dir='ltr'><strong>Oriente</strong></span> <span class='ocrx_word' id='word_1_328' title='bbox 1202 4718 1349 4799; x_wconf 90' lang='lat' dir='ltr'><strong>dispersi,</strong></span> <span class='ocrx_word' id='word_1_329' title='bbox 1383 4719 1434 4798; x_wconf 91' lang='lat' dir='ltr'><strong>qui</strong></span> <span class='ocrx_word' id='word_1_330' title='bbox 1468 4717 1633 4781; x_wconf 88' lang='lat' dir='ltr'><strong>doctrinam</strong></span> <span class='ocrx_word' id='word_1_331' title='bbox 1667 4717 1705 4779; x_wconf 92' lang='lat' dir='ltr'><strong>de</strong></span> <span class='ocrx_word' id='word_1_332' title='bbox 1734 4721 1862 4781; x_wconf 87' lang='lat' dir='ltr'><strong>veritate</strong></span> <span class='ocrx_word' id='word_1_333' title='bbox 1892 4716 2040 4780; x_wconf 89' lang='lat' dir='ltr'><strong>incruenti</strong></span> 
     </span>
     <span class='ocr_line' id='line_1_36' title="bbox 668 4815 2040 4900; baseline -0.002 -20"><span class='ocrx_word' id='word_1_334' title='bbox 668 4819 824 4897; x_wconf 84' lang='lat' dir='ltr'><strong>sacrificii,</strong></span> <span class='ocrx_word' id='word_1_335' title='bbox 848 4837 910 4884; x_wconf 90' lang='lat' dir='ltr'><strong>non</strong></span> <span class='ocrx_word' id='word_1_336' title='bbox 932 4820 1022 4881; x_wconf 89' lang='lat' dir='ltr'><strong>ruodo</strong></span> <span class='ocrx_word' id='word_1_337' title='bbox 1044 4821 1074 4880; x_wconf 95' lang='lat' dir='ltr'><strong>in</strong></span> <span class='ocrx_word' id='word_1_338' title='bbox 1098 4820 1219 4898; x_wconf 92' lang='lat' dir='ltr'><strong>scriptis</strong></span> <span class='ocrx_word' id='word_1_339' title='bbox 1243 4818 1305 4880; x_wconf 87' lang='lat' dir='ltr'><strong>suis</strong></span> <span class='ocrx_word' id='word_1_340' title='bbox 1330 4817 1522 4899; x_wconf 72' lang='lat' dir='ltr'><strong>theologicis</strong></span> <span class='ocrx_word' id='word_1_341' title='bbox 1546 4825 1834 4900; x_wconf 77' lang='lat' dir='ltr'><strong>propugnaverunt,</strong></span> <span class='ocrx_word' id='word_1_342' title='bbox 1862 4815 1918 4878; x_wconf 90' lang='lat' dir='ltr'><strong>sed</strong></span> <span class='ocrx_word' id='word_1_343' title='bbox 1940 4815 2040 4898; x_wconf 94' lang='lat' dir='ltr'><strong>publi-</strong></span> 
     </span>
     <span class='ocr_line' id='line_1_37' title="bbox 667 4914 2040 4999; baseline -0.004 -20"><span class='ocrx_word' id='word_1_344' title='bbox 667 4918 712 4980; x_wconf 91' lang='lat' dir='ltr'><strong>cis</strong></span> <span class='ocrx_word' id='word_1_345' title='bbox 741 4918 844 4980; x_wconf 90' lang='lat' dir='ltr'><strong>otliciis</strong></span> <span class='ocrx_word' id='word_1_346' title='bbox 876 4919 1086 4996; x_wconf 85' lang='lat' dir='ltr'><strong>inseruerunt,</strong></span> <span class='ocrx_word' id='word_1_347' title='bbox 1118 4916 1200 4999; x_wconf 89' lang='lat' dir='ltr'><strong>plebi</strong></span> <span class='ocrx_word' id='word_1_348' title='bbox 1227 4917 1386 4980; x_wconf 89' lang='lat' dir='ltr'><strong>illiteratae</strong></span> <span class='ocrx_word' id='word_1_349' title='bbox 1418 4917 1641 4993; x_wconf 86' lang='lat' dir='ltr'><strong>inculcandam,</strong></span> <span class='ocrx_word' id='word_1_350' title='bbox 1672 4933 1749 4997; x_wconf 88' lang='lat' dir='ltr'><strong>quae</strong></span> <span class='ocrx_word' id='word_1_351' title='bbox 1779 4914 1971 4979; x_wconf 90' lang='lat' dir='ltr'><strong>subtilitatem</strong></span> <span class='ocrx_word' id='word_1_352' title='bbox 1998 4920 2040 4976; x_wconf 91' lang='lat' dir='ltr'><strong>tot</strong></span> 
     </span>
     <span class='ocr_line' id='line_1_38' title="bbox 667 5014 2039 5100; baseline -0.002 -22"><span class='ocrx_word' id='word_1_353' title='bbox 667 5016 882 5097; x_wconf 90' lang='lat' dir='ltr'><strong>sophismatum</strong></span> <span class='ocrx_word' id='word_1_354' title='bbox 901 5016 1021 5097; x_wconf 87' lang='lat' dir='ltr'><strong>assequi</strong></span> <span class='ocrx_word' id='word_1_355' title='bbox 1041 5035 1190 5099; x_wconf 91' lang='lat' dir='ltr'><strong>nunquam</strong></span> <span class='ocrx_word' id='word_1_356' title='bbox 1210 5019 1319 5097; x_wconf 91' lang='lat' dir='ltr'><strong>potuit:</strong></span> <span class='ocrx_word' id='word_1_357' title='bbox 1344 5017 1504 5098; x_wconf 87' lang='lat' dir='ltr'><strong>siquando</strong></span> <span class='ocrx_word' id='word_1_358' title='bbox 1522 5017 1677 5100; x_wconf 82' lang='lat' dir='ltr'><strong>cognovit,</strong></span> <span class='ocrx_word' id='word_1_359' title='bbox 1701 5034 1769 5079; x_wconf 89' lang='lat' dir='ltr'><strong>cum</strong></span> <span class='ocrx_word' id='word_1_360' title='bbox 1785 5014 1915 5078; x_wconf 88' lang='lat' dir='ltr'><strong>horrore</strong></span> <span class='ocrx_word' id='word_1_361' title='bbox 1931 5032 2039 5095; x_wconf 89' lang='lat' dir='ltr'><strong>asper-</strong></span> 
     </span>
     <span class='ocr_line' id='line_1_39' title="bbox 665 5122 815 5180; baseline 0.013 -3"><span class='ocrx_word' id='word_1_362' title='bbox 665 5123 737 5177; x_wconf 89' lang='lat' dir='ltr'><strong>nata</strong></span> <span class='ocrx_word' id='word_1_363' title='bbox 759 5122 815 5180; x_wconf 90' lang='lat' dir='ltr'><strong>est.</strong></span> 
     </span>
    </p>
   </div>
   <div class='ocr_carea' id='block_1_6' title="bbox 0 0 2340 6039">
    <p class='ocr_par' dir='ltr' id='par_1_6' title="bbox 0 0 2340 6039">
     <span class='ocr_line' id='line_1_40' title="bbox 0 0 2340 6039; baseline 0 0"><span class='ocrx_word' id='word_1_364' title='bbox 0 0 2340 6039; x_wconf 95' lang='lat' dir='ltr'><strong> </strong></span> 
     </span>
    </p>
   </div>
  </div>
 </body>
</html>
