4684 6042
665 558 707 634 IN
731 555 938 634 LITURGIAM
962 552 1081 631 ursel
1108 549 1297 630 GRAECAM
1592 548 1665 622 119

287 747 367 818 truie
394 750 617 838 conjecturae
644 743 735 838 quoi
758 764 828 814 aaa
859 742 958 812 modo
992 721 1234 833 circuirem,
1260 737 1322 809 sei
1346 735 1458 806 multis
1490 741 1525 808 et
1551 757 1667 830 proe-

154 927 155 930 ,
289 865 399 954 cipuis
426 863 525 932 istim
549 858 666 929 Marci
692 857 874 953 Liturpiae
906 856 1004 944 tacis,
1035 859 1138 926 initia
1170 861 1300 926 tautum
1330 853 1543 925 diuersorum
1577 874 1667 924 oro-

289 980 416 1048 tiooum
443 979 643 1060 occurrunt,
671 975 858 1044 certissimo
886 971 1033 1058 iudicio,
1061 971 1151 1064 quod
1176 969 1312 1040 otiante
1344 967 1516 1060 peteudae
1538 972 1668 1061 foreat,

289 1097 392 1184 atque
419 1088 508 1161 adeo
537 1111 583 1160 ea
605 1090 723 1181 priori
749 1087 883 1180 atiquo,
917 1091 952 1156 ei
986 1107 1075 1179 quoe
1110 1084 1257 1155 otiorum
1284 1087 1432 1176 formum
1458 1082 1667 1176 complecte-

290 1213 398 1292 retur,
425 1204 595 1298 Liturpia.

394 1321 518 1392 Dooec
545 1321 651 1411 ipitur
678 1316 824 1389 Codices
850 1317 1057 1410 intepriores
1082 1317 1314 1409 reperiantur,
1340 1312 1427 1384 osia
1446 1319 1593 1407 propius
1619 1321 1670 1387 est

291 1459 392 1530 quam
432 1440 470 1505 ut
509 1438 609 1504 istam
651 1432 696 1503 D.
729 1432 845 1503 Marci
877 1431 1027 1501 eamdem
1063 1453 1137 1501 esse
1150 1482 1152 1488 s
1162 1430 1356 1521 judicemus
1395 1453 1468 1500 oum
1510 1451 1669 1523 eaquae

292 1551 420 1644 Cpriito
448 1572 471 1619 o
498 1548 645 1641 Coptitis
672 1545 844 1635 tribuitur,
871 1551 908 1616 ut
933 1546 1081 1616 madere
1103 1550 1220 1639 potest
1241 1549 1426 1616 certiorum
1452 1549 1668 1618 testimouiu-

290 1689 364 1736 rum
390 1666 544 1757 defectu,
577 1686 646 1734 ooo
680 1665 794 1754 mapui
826 1661 957 1754 alioqui
991 1661 1206 1731 aestimando
1232 1663 1269 1731 ia
1293 1665 1527 1734 remotissimis
1553 1665 1668 1754 oripi-

290 1779 390 1851 aibus
405 1779 665 1851 Ecclesiastiois
681 1776 903 1848 Abulbircati
919 1779 1100 1846 autoritas.
1127 1776 1249 1869 Neque
1269 1800 1353 1849 saue
1367 1777 1495 1871 ubsque
1514 1777 1669 1870 exemplo

291 1901 354 1983 est,
376 1895 497 1987 piures
519 1897 628 1987 fuisse
655 1897 691 1963 ia
718 1893 837 1964 eudem
861 1891 1024 1963 Ecclesia
1055 1889 1250 1983 Liturpios:
1290 1916 1364 1992 eum
1395 1891 1490 1963 auito
1520 1897 1567 1963 sit
1590 1893 1670 1963 Ee-

271 1999 402 2080 'ciesia
427 2014 663 2102 cujuscumque
689 2009 836 2101 liupuue,
864 2029 952 2102 quae
977 2010 1113 2076 mairam
1144 2005 1297 2079 iubeat:
1324 2009 1464 2082 Graeca
1481 2011 1569 2078 enim
1596 2009 1670 2080 Or-

291 2124 447 2195 tiodoua
472 2124 601 2195 Basilii
628 2130 663 2195 et
689 2123 919 2216 Cirpsostomi
946 2120 1114 2214 Liturpiis
1139 2126 1266 2211 utitur,
1293 2129 1332 2194 ut
1365 2126 1551 2217 antiquitus
1576 2122 1668 2194 Hie-

290 2240 548 2332 rosoipmituoa,
576 2261 720 2333 eaquae
737 2237 864 2309 iacobi
885 2259 1005 2308 romeu
1021 2241 1198 2330 praefert:
1223 2237 1306 2330 Syri
1321 2239 1515 2311 Ortiodoui
1525 2244 1672 2331 praeter

287 2358 502 2449 primariam,
529 2353 657 2425 Jocobi
669 2364 815 2448 'quoque
842 2353 1073 2441 dictamnum
1099 2377 1236 2447 paucas
1271 2353 1361 2424 otios
1393 2360 1573 2448 usurparet:
1599 2355 1670 2425 Ju-

293 2469 432 2542 cobitoe
459 2468 558 2562 ioupe
579 2469 721 2563 plures:
750 2469 954 2541 Nestorioui
981 2473 1068 2539 tres:
1093 2468 1285 2562 Aethiopes
1311 2468 1498 2542 duodecim.

402 2585 598 2658 Versiooem
624 2585 770 2656 Joaouis
796 2608 820 2654 a
845 2583 883 2654 S.
908 2583 1056 2656 Audreo
1081 2587 1281 2655 retinuimus
1308 2591 1467 2678 quamtum
1495 2589 1576 2680 fieri
1596 2611 1671 2680 po-

293 2702 367 2790 tuit,
396 2724 470 2771 eam
496 2706 608 2772 tameo
631 2699 787 2793 pluribus
813 2699 900 2770 loeis
927 2699 1183 2788 emendarimus,
1210 2699 1271 2770 ubi
1291 2701 1398 2794 ptume
1423 2726 1562 2776 neeesse
1585 2708 1673 2798 suit:

293 2822 361 2887 ium
387 2820 423 2887 io
450 2822 548 2887 teuta
576 2817 712 2887 Graeco
740 2815 901 2886 nonnulla
928 2819 1150 2886 correximus.
1208 2815 1253 2886 Ut
1285 2821 1388 2889 otiam
1421 2841 1562 2913 quorum
1587 2843 1673 2891 eura

294 2939 328 3004 et
354 2931 476 3003 labore
503 2931 591 3003 iaec
616 2932 779 3024 Liturpia
802 2934 946 3024 primum
970 2933 1007 3000 im
1040 2930 1147 3004 lucem
1172 2933 1358 3025 prodierit,
1381 2942 1566 3006 remoretur
1595 2959 1673 3008 om-

292 3052 423 3136 moria,
458 3047 656 3120 Gordiouiir
685 3047 809 3138 Sirteti
840 3047 886 3118 aa
922 3045 1090 3118 Jooooem
1123 3069 1146 3116 o
1180 3043 1218 3118 S.
1245 3049 1406 3137 Audreo,
1443 3056 1478 3120 et
1503 3054 1602 3122 istius
1628 3055 1676 3124 au

293 3165 386 3236 illurn
412 3164 594 3258 Epistulas
620 3164 668 3234 od
690 3165 793 3257 fioem
820 3162 1037 3254 uitp‘ioieadas
1063 3166 1263 3235 curarimus.
1741 3157 1744 3162 ’
