4760 6038
611 415 712 539 'rc
1174 461 1536 540 rrrunorn

764 651 939 723 Sacerdos
965 649 1106 722 calicem
1132 654 1186 721 ter
1202 671 1305 720 cruce
1330 647 1480 744 ciquuhit
1505 654 1541 721 et
1566 651 1667 724 dicet.
1718 650 1763 723 Et
1787 651 1873 723 hunc
1887 653 2038 744 calicem,

658 771 856 859 sanguinem
892 769 1074 863 pretiosum
1101 767 1183 837 novi
1210 763 1414 837 Testamenti
1440 769 1505 857 tui,
1537 767 1629 839 Tunc
1655 789 1780 862 corpas
1793 776 1829 840 et
1840 773 2038 864 sanquinem

654 885 844 978 pretiorum
878 881 1084 976 clesipoobit,
1119 884 1223 975 ipsius
1258 878 1392 952 Domini
1424 883 1488 953 Dei
1523 893 1558 955 et
1589 881 1778 956 Salvatoris
1813 886 1919 957 nostri
1958 885 2040 960 Jesu

662 997 806 1088 Christi,
833 1001 888 1094 qui
915 996 1071 1069 daturin
1097 998 1330 1068 remissionem
1356 1006 1569 1093 peccatorum
1596 1007 1630 1071 et
1655 1001 1760 1072 vitam
1778 1010 1950 1072 aeternam
1975 999 2039 1074 uns

609 1115 614 1142 ¹
659 1115 717 1209 qui
742 1112 833 1185 illum
859 1117 1054 1210 percipient.

764 1230 926 1322 Populus.
979 1230 1101 1302 Amen.

764 1345 949 1418 Sacerdos.
990 1343 1080 1437 Fac,
1106 1342 1269 1438 Domine,
1302 1353 1338 1416 ut
1371 1345 1462 1437 digni
1489 1347 1592 1420 simus
1619 1345 1882 1419 communicandi
1913 1349 2037 1420 sanctis

659 1463 743 1552 tuis,
770 1460 813 1531 ad
840 1461 1136 1534 sanctificationem
1163 1482 1361 1556 corporum,
1395 1463 1593 1551 animarum,
1629 1464 1867 1558 spirituumque
1898 1473 2039 1535 nostro-

659 1600 753 1669 rum,
778 1588 814 1649 ut
840 1581 943 1651 simus
971 1599 1094 1672 corpus
1121 1599 1240 1666 unum,
1268 1578 1468 1671 spiritusque
1494 1598 1599 1668 nnus,
1625 1586 1818 1673 sortemque
1851 1586 1885 1650 et
1910 1587 2037 1673 partem

661 1716 908 1790 consequamur
933 1716 1008 1764 cum
1036 1690 1188 1765 omnihus
1216 1695 1341 1765 sanctis
1366 1695 1431 1792 tuis
1460 1695 1514 1790 qni
1542 1691 1583 1765 ab
1612 1695 1705 1767 initio
1741 1692 1800 1764 tihi
1832 1690 2037 1788 placuerunt.

662 1809 853 1897 Memento,
879 1807 1042 1896 Domine,
1068 1811 1162 1903 pacis
1190 1809 1309 1880 unicae
1335 1817 1433 1899 tuae,
1459 1811 1740 1900 uniuscunque,
1776 1805 1972 1882 Catholicae
2003 1818 2037 1881 et
2107 1795 2113 1804 ’

661 1925 883 2021 Apostolioae
908 1923 1084 1996 Ecclesiae
1110 1933 1198 1996 tuae.

765 2042 953 2113 Diaconos.
1008 2039 1111 2112 Orate
1137 2062 1219 2135 pro,
1247 2048 1310 2111 etc.

765 2155 949 2229 Sacerdos.
1004 2154 1111 2242 Quom
1139 2157 1344 2250 acquisivisti
1370 2156 1430 2228 tihi
1456 2159 1619 2250 sanguine
1644 2157 1796 2253 pretioso
1828 2154 1951 2230 Christi
1981 2158 2039 2247 tui,

660 2293 830 2345 conserva
866 2295 941 2344 eam
975 2273 1010 2343 in
1036 2295 1122 2368 pace
1150 2281 1184 2343 ct
1211 2293 1326 2344 omncs
1357 2269 1548 2368 Episcopos
1583 2271 1809 2364 orthodoxos,
1843 2275 1899 2368 qui
1930 2275 1966 2343 in
1996 2295 2037 2344 ea

662 2398 746 2462 sunt.
799 2387 943 2460 Primum
972 2387 1104 2481 quidem
1131 2396 1318 2477 memento,
1344 2388 1506 2478 Domine,
1542 2387 1632 2460 heati
1658 2388 1767 2461 Patris
1793 2392 1899 2462 nostri
1925 2412 2038 2462 vene-

660 2505 822 2599 randique
848 2502 1103 2599 Archiepiscopi
1130 2502 1245 2599 Papae
1271 2502 1371 2575 Anha
1397 2502 1439 2574 N.

765 2622 953 2693 Diaconos.
1007 2618 1110 2692 Orate
1136 2642 1220 2716 pro,
1247 2630 1310 2691 etc.

767 2736 951 2808 Sacerdos.
1005 2735 1049 2806 Et
1075 2739 1130 2830 qui
1158 2758 1232 2808 cum
1259 2739 1308 2808 eis
1335 2735 1477 2807 verbum
1504 2737 1655 2808 veritatis
1689 2747 1784 2809 recte
1810 2735 2039 2832 dispensave-

662 2861 757 2941 runt,
784 2852 933 2924 concede
959 2854 1034 2925 illos
1060 2851 1237 2924 Ecclesiae
1264 2861 1342 2924 tuae
1368 2860 1526 2940 sanctae,
1553 2861 1589 2922 ut
1615 2863 1756 2947 pascant
1781 2874 1923 2945 gregem
1949 2863 2039 2926 tuum

662 2970 697 3039 in
722 2991 818 3064 pace.
871 2969 1060 3061 Memento,
1086 2968 1248 3059 Domine,
1280 2967 1570 3061 Hegumenorum‚
1603 2967 1884 3065 Presbyterorum
1911 2967 2039 3042 Ortho-

662 3084 846 3174 doxorum‚
874 3097 908 3157 et
933 3083 1169 3157 Diaconorum,

766 3202 954 3273 Diacoouc.
1008 3200 1112 3273 Orate
1137 3223 1220 3295 pro,
1248 3210 1312 3271 etc.

766 3318 951 3390 Sacerdos.
1005 3316 1225 3412 Omniumque
1251 3317 1473 3389 ministrorum
1509 3324 1543 3387 ct
1578 3326 1772 3388 cunctorum
1808 3319 1863 3411 qni
1893 3320 2039 3411 virgini-

661 3441 764 3504 tatem
790 3441 823 3504 et
848 3435 1025 3528 puritatem
1051 3432 1163 3506 colunt
1189 3435 1363 3526 omnisque
1389 3431 1502 3528 populi
1529 3434 1574 3502 tui
1600 3431 1715 3506 tidelis.
1767 3431 1935 3504 Memento
1961 3431 2040 3505 Do-

662 3551 771 3640 mine,
797 3559 833 3620 ut
858 3552 1049 3622 miserearis
1077 3551 1223 3621 omnium
1249 3557 1410 3620 nostrum.

764 3645 953 3737 Diaconos.
1006 3665 1173 3737 Miserere
1199 3665 1305 3737 nostri
1331 3662 1423 3736 Deus
1450 3661 1551 3734 Pater
1579 3664 1799 3757 omnipotens.

764 3782 925 3876 Populus.
978 3781 1084 3877 llyrie
1111 3782 1239 3854 eleison
1266 3786 1329 3850 ter.

764 3897 949 3969 Sacerdos.
1002 3896 1171 3968 Memento
1198 3895 1343 3968 Domine
1369 3892 1484 3968 salutis
1503 3891 1599 3985 hujus
1614 3889 1681 3966 loci
1701 3896 1747 3964 tui
1763 3893 1881 3984 sancti,
1909 3893 2039 3966 omnis-

660 4035 726 4107 que
751 4011 818 4085 loci
846 4023 879 4085 et
905 4015 1098 4084 monasterii
1124 4021 1253 4108 patrum
1279 4020 1470 4085 nostrorum
1497 4009 1770 4084 orthodoxorum.

763 4130 952 4200 Diaconum.
1006 4127 1110 4198 Orate
1138 4150 1219 4223 pro,
1246 4137 1310 4200 etc.

764 4245 949 4318 Sacerdos.
1002 4242 1046 4314 Et
1071 4243 1285 4316 habitantium
1311 4246 1345 4318 in
1372 4265 1415 4316 eo
1442 4267 1516 4316 cum
1539 4242 1616 4332 ,fite
1646 4241 1722 4315 Del.
1774 4240 1925 4336 Dignare
1958 4239 2037 4314 Do-

660 4363 747 4434 mine
774 4364 845 4433 aeri
872 4359 979 4450 coeli,
1005 4369 1040 4432 et
1065 4358 1225 4436 fructibus
1252 4371 1364 4434 terrae
1391 4359 1602 4433 henedicere.

744 4479 871 4578 'Dicet
895 4480 932 4548 io
958 4483 1109 4570 tempore
1136 4477 1378 4550 emundationis
1403 4477 1478 4550 Nili
1496 4477 1736 4548 nonodecimo
1761 4475 1870 4547 Boioi
1896 4474 1944 4545 orl
1967 4494 2037 4544 oo-

658 4618 737 4666 mum
763 4594 911 4688 Paoplti.

764 4710 915 4804 Dignare
941 4708 1085 4784 Domine
1112 4711 1251 4808 implere
1279 4733 1383 4808 aquas
1409 4707 1576 4783 fluminum
1603 4708 1668 4782 hoc
1697 4729 1798 4800 anno,
1825 4717 1860 4779 et
1884 4705 1948 4781 illis
1970 4705 2038 4780 he-

660 4825 827 4899 nedicerc.

770 4943 935 5034 Tempore
958 4946 1133 5036 cementis,
1160 4965 1318 5037 ocmpec
1341 4944 1473 5016 decimo
1496 4941 1635 5038 Puoplti
1655 4943 1702 5014 cri
1724 4943 1918 5036 oipceimcm
1947 4933 2040 5030 Tytt.
