4760 6038
575 591 624 667 DE
643 588 885 666 corruantur
899 587 1243 666 ALEXANDRINORUM
1258 588 1452 666 sumtus.
1621 585 1697 658 Clll

330 803 376 852 ca
402 780 520 850 moino
544 777 704 872 Liturpa'o
728 775 854 849 lucebi
880 774 1039 869 Apostoli
1061 779 1185 869 scotris
1203 777 1342 848 Domini
1349 806 1362 850 .·
1392 775 1455 849 alia
1472 800 1547 848 cum
1562 778 1695 848 nomine

328 889 377 968 1).’
398 894 535 986 Basilii,
562 893 681 990 quibus
707 893 828 984 titulis,
856 913 914 964 eas
942 914 989 963 ex
1016 889 1153 965 aliarum
1179 889 1405 966 Ecclesibmm
1439 891 1608 966 codicibus
1628 893 1696 964 de·
1817 979 1822 988 Ι

330 1021 480 1108 sumptas
514 1033 591 1084 esse
625 1009 833 1083 manifestum
865 1017 933 1098 est,
973 1007 1062 1103 quod
1096 1011 1258 1101 originem
1293 1013 1459 1105 antiquam
1490 1009 1697 1082 diversarum

328 1128 575 1220 biturgiamm,
603 1126 708 1221 qualis
735 1126 886 1220 superius
914 1126 1068 1218 exposita
1096 1133 1165 1214 est,
1192 1124 1365 1198 manileste
1392 1126 1554 1219 designat.
1590 1123 1697 1199 Scili-

329 1252 385 1316 cet
412 1266 488 1316 cum
512 1245 693 1337 primarum
719 1241 847 1314 sedium
873 1238 1031 1334 Episcopi
1057 1262 1176 1336 preces
1202 1239 1352 1336 publicas
1380 1241 1590 1332 ordinarent,
1617 1249 1651 1313 et
1664 1243 1698 1311 in

329 1364 466 1457 scriptis
482 1358 653 1432 codicibus
673 1357 715 1431 ad
733 1366 858 1428 certam
877 1354 1019 1428 formam
1037 1355 1231 1447 redigerent
1251 1357 1369 1452 (idque
1391 1368 1507 1453 quarto
1528 1368 1561 1430 et
1584 1361 1695 1452 quinto
1830 1389 1834 1400 ·

331 1475 469 1550 saeculo
496 1473 618 1547 factum
644 1473 777 1546 videtur
788 1473 817 1562 ,)
845 1492 904 1544 eas
933 1474 1101 1546 crationes
1129 1473 1337 1565 selegemnt‚
1365 1497 1452 1582 quae
1476 1475 1548 1548 aliis
1569 1477 1601 1545 in
1619 1472 1695 1545 Ec-

331 1591 464 1682 clesiis,
492 1615 567 1663 cum
594 1589 711 1685 quibus
738 1599 810 1661 erat
834 1586 984 1685 perlecta
1010 1611 1182 1663 sacrorum
1209 1600 1242 1662 et
1256 1589 1333 1662 fidei
1350 1595 1557 1682 communio,
1584 1614 1698 1663 ama-

327 1707 460 1801 joribus
489 1715 667 1802 acceptae,
694 1716 728 1778 et
753 1705 943 1801 quotidiano
969 1727 1033 1776 usu
1060 1718 1278 1778 consecratae
1306 1707 1534 1780 servabantur.
1587 1707 1699 1803 Atque

332 1849 380 1897 ex
407 1825 573 1895 communi
599 1821 740 1918 quodam
767 1821 823 1894 illc
850 1819 1024 1894 Ecclesiae
1051 1820 1229 1894 Orientalis
1256 1823 1411 1898 thesauro
1453 1824 1592 1896 eductae
1625 1835 1700 1899 sunt

331 1961 454 2036 preces
480 1939 720 2034 propemodum
749 1959 886 2028 omnes,
922 1959 1007 2032 quae
1033 1940 1067 2007 in
1092 1936 1250 2032 biturgiis
1285 1939 1455 2035 Copticis,
1489 1939 1639 2035 Syriacis
1666 1951 1701 2014 et
1834 1931 1838 1947 '

333 2057 473 2128 aliamm
500 2057 646 2127 omnium
671 2055 855 2147 linguarum
882 2052 1054 2144 leguntur,
1074 2052 1173 2126 'adeo
1198 2063 1235 2125 ut
1259 2077 1387 2151 paucae
1414 2058 1547 2128 ommno
1573 2079 1700 2129 recen-

334 2174 438 2244 tiores
471 2181 606 2244 autcres
642 2180 844 2264 agnoscant,
879 2173 944 2240 nisi
977 2169 1065 2264 quod
1099 2190 1220 2266 saepe,
1251 2175 1447 2266 praesertim
1479 2175 1513 2242 in
1539 2171 1700 2268 Syriacis,

334 2285 558 2383 paraphrases
586 2287 745 2381 quasdam
771 2285 946 2358 liberiores
973 2290 1007 2356 in
1034 2283 1151 2380 quibus
1177 2286 1310 2380 linguae
1337 2310 1418 2362 suae
1444 2287 1575 2360 divitias
1609 2287 1700 2360 ube-

334 2407 404 2476 rius
435 2401 656 2497 profundunt,
690 2405 884 2498 reperimus.
944 2401 988 2473 Ut
1026 2401 1158 2475 tandem
1196 2407 1307 2477 omnia
1347 2428 1433 2500 quae
1474 2404 1516 2477 ad
1552 2403 1700 2478 Graecas

336 2518 584 2592 Alexandrinas
615 2519 784 2612 Liturgias
821 2527 972 2616 spectant
1004 2518 1288 2614 complectamur,
1325 2523 1359 2594 in
1392 2525 1498 2617 prima
1533 2543 1618 2620 quae
1650 2531 1703 2594 est

336 2634 471 2726 Basibi,
510 2645 685 2708 armctatur
719 2639 826 2708 oratic
853 2645 930 2731 post
954 2635 1065 2706 Pater
1090 2644 1221 2725 noster,
1262 2662 1348 2733 quae
1381 2639 1505 2712 Basilio
1540 2638 1701 2710 tribuitur.

328 2744 439 2828 ’Άλλο
466 2749 557 2844 μετὰ
577 2749 641 2842 τό,
668 2748 788 2850 Πάτερ
814 2751 918 2847 ἡμῶν
945 2752 990 2834 εἰς
1015 2749 1081 2827 τὸν
1106 2754 1312 2850 βασίλειον,
1338 2753 1403 2828 boc
1430 2765 1499 2846 est,
1525 2759 1701 2830 alversio

332 2866 486 2942 Arabica
517 2874 686 2966 exprimit,
721 2875 832 2943 coacti
864 2869 999 2942 Basilii.
1056 2871 1245 2970 Sequuntur
1276 2871 1474 2962 Orationes,
1505 2875 1702 2966 fractionis,

336 2985 499 3057 dicendae
526 2987 673 3079 scilicet,
708 2995 884 3060 comante
916 2990 1178 3060 communionem
1216 2988 1378 3081 frangitur
1408 2993 1503 3086 panis
1535 2988 1700 3063 Euchari-

336 3107 450 3175 sticus.
503 3103 573 3176 Eas
599 3105 769 3200 praecedit
794 3104 1000 3194 benedictio,
1028 3127 1113 3199 quae
1140 3128 1214 3177 cum
1241 3129 1260 3176 a
1285 3107 1470 3180 Sacerdote
1495 3110 1700 3203 pronuncie-

335 3229 409 3314 tur,
437 3247 538 3322 super
565 3220 699 3294 Clemm
726 3228 760 3292 et
784 3219 959 3316 populum,
987 3224 1041 3315 qui
1068 3229 1103 3292 ut
1129 3244 1203 3292 eam
1230 3225 1409 3319 suscipiant
1433 3247 1542 3316 genua
1568 3223 1702 3297 flectunt

336 3351 375 3412 et
399 3353 499 3439 caput
525 3337 700 3427 inclinant,
733 3337 850 3408 dicitur
881 3333 983 3432 Εὐχή
1008 3343 1069 3432 τῆς
1094 3340 1379 3437 κεφαλοκλισίαςε
1423 3341 1543 3412 Oratio
1580 3345 1703 3434 cepitis

334 3458 579 3531 inclinationis.
606 3453 785 3545 Subjicitur
811 3452 875 3525 alia
901 3452 966 3526 boc
991 3455 1093 3526 titulo.
1137 3454 1246 3531 ’Άλλο
1272 3453 1356 3555 παρ’
1390 3457 1601 3557 Αἰγυπτίοις
1630 3453 1701 3530 obad

203 3641 211 3655 ,
335 3581 414 3649 τῶν
439 3574 739 3674 npoqycaopa'awv
764 3575 830 3644 cccl
855 3565 1059 3643 ἀποστόλου
1085 3568 1256 3670 Μάρκου.
1286 3572 1406 3644 Mirum
1423 3573 1529 3670 'plane
1555 3577 1588 3644 in
1615 3572 1701 3646 0111-

336 3694 410 3780 cio,
439 3691 527 3787 quod
554 3712 600 3760 ex
626 3688 818 3760 certissimis
844 3685 972 3759 indiciis
998 3688 1246 3784 Aegyptiacum
1278 3711 1356 3762 esse
1389 3699 1538 3780 constat,
1572 3689 1701 3784 Aegy·
1794 3727 1800 3746 .

334 3810 522 3900 ptiaccmm
539 3811 657 3878 ritumn
674 3814 829 3898 tanquam
846 3801 1054 3875 diversorum
1066 3814 1184 3875 extare
1196 3805 1399 3876 memoriam.
1434 3805 1498 3890 Qui
1524 3807 1565 3877 sit
1591 3816 1701 3880 certus

336 3923 520 3996 uerborum
554 3922 685 3995 iEorum
705 3943 838 3998 ,sensus
873 3941 940 3991 non
972 3917 1070 3990 facile
1105 3923 1301 4015 percipitur:
1343 3943 1429 4015 quae
1467 3921 1699 3994 verisimiliora

338 4040 558 4132 conjectando
586 4039 651 4110 dici
676 4045 832 4132 possunt,
859 4057 1077 4130 exponemus.

442 4156 576 4228 XLVII.
612 4154 687 4226 Duc
722 4154 830 4224 statim
857 4172 976 4224 sensus
1003 4161 1196 4224 occurrunt:
1229 4156 1354 4248 primus
1382 4164 1415 4227 et
1441 4154 1700 4250 simplicissimus
1764 4195 1803 4248 1„
1830 4195 1942 4265 qim„
1968 4170 2044 4244 ὠ

338 4270 440 4361 foret,
468 4272 556 4367 quod
582 4269 829 4360 baecLiturgia
856 4289 923 4339 non
941 4266 984 4339 ad
1000 4289 1095 4340 usum
1106 4265 1282 4342 Ecclesiae
1300 4269 1559 4360 Alexandrinae,
1581 4293 1701 4366 quam-
1714 4285 1925 4350 προηγουμένων
1954 4283 2022 4334 san-

341 4392 394 4460 uis
422 4391 494 4480 ejus
529 4390 626 4459 ritum
661 4387 842 4480 exprimat,
876 4383 937 4456 sed
970 4383 1011 4455 ad
1037 4383 1171 4460 alterius
1198 4386 1369 4477 cujusdam
1403 4385 1567 4482 descripta
1593 4385 1701 4460 luerit.
1715 4367 1845 4421 ammi·

340 4502 539 4600 Exemplum
565 4501 726 4574 familiare
753 4499 927 4592 subjiciunt
952 4499 1088 4574 rituales
1114 4500 1190 4574 libri
1215 4503 1332 4590 nostri,
1357 4505 1391 4573 in
1418 4501 1535 4597 quibus
1551 4505 1701 4579 videmus

345 4624 445 4692 certis
474 4617 680 4692 orationibus
706 4625 819 4688 notam
845 4616 1043 4708 adjunctam,
1071 4617 1159 4712 quod
1185 4617 1385 4691 inRomana
1403 4616 1556 4693 Ecclesia
1584 4620 1704 4694 dican-

348 4745 417 4823 tur;
451 4735 540 4830 quod
575 4738 609 4806 in
643 4732 910 4829 Metropolitana,
945 4735 1006 4804 etsi
1033 4735 1094 4807 sub
1130 4733 1317 4807 earumdem
1345 4739 1520 4808 autoritate
1547 4738 1705 4832 spirituali

348 4854 410 4924 siut
434 4850 623 4943 Ecclesiae,
650 4849 767 4945 quibus
794 4849 978 4941 singulares
1011 4845 1058 4922 illi
1082 4849 1157 4924 libri
1183 4850 1395 4925 destinantur.
1447 4852 1566 4947 Neque
1596 4856 1702 4926 inanis

347 4989 484 5062 prorsus
519 4966 603 5040 haec
642 4969 834 5058 conjectma
870 4976 939 5054 cst,
979 4970 1104 5038 certior
1135 4966 1261 5059 fubrra,
1292 4971 1320 5042 si
1351 4967 1464 5064 plures
1496 4969 1702 5067 Coptitarum

347 5081 448 5158 libros
475 5084 690 5158 haberemus:
718 5081 859 5177 aliquos,
885 5086 1083 5178 praesertim
1107 5105 1236 5177 eorum,
1262 5089 1317 5180 qui
1343 5089 1377 5157 in
1402 5086 1627 5180 blcnasteriis,
1646 5085 1703 5160 nbi
