4680 6044
642 630 694 706 Ab
716 628 922 708 LITURGIAM
940 625 1132 706 cottistis
1150 629 1181 706 S.
1201 629 1346 706 BbSILII.
1459 744 1461 750 ,
1600 626 1676 698 219

311 815 461 879 λοπὲιιωιι
482 813 572 890 bone,
602 816 685 876 mitte
707 833 748 876 επ
769 815 890 876 excelso
919 821 1024 878 sancto
1052 820 1117 890 tao,
1147 833 1187 874 ea
1210 819 1401 894 praeparato
1422 813 1594 876 babilamtlo
1617 819 1678 888 tuo,

312 934 351 976 ec
371 915 632 994 incircumscripto
653 915 722 976 sinu
747 919 815 988 tao,
843 915 941 993 ἑριιιυι
964 912 1149 992 paraclitum
1175 911 1318 992 δρῦίλιιπ
1347 914 1500 992 nemmem,
1531 919 1677 989 satanan,

311 1013 480 1102 Dominam,
503 1014 726 1092 vivificantem,
754 1013 858 1092 quiin
879 1013 960 1092 iope,
982 1011 1142 1091 Prophetis
1163 1019 1194 1073 et
1212 1009 1367 1091 Apostolus
1388 1011 1505 1074 tamna
1532 1019 1594 1087 est,
1627 1011 1680 1091 qai

312 1111 419 1192 ubique
436 1131 585 1192 praecem
606 1119 667 1188 est,
698 1117 728 1172 et
753 1112 854 1173 onmia
876 1111 984 1191 replet,
1012 1119 1212 1194 operaturque
1233 1111 1326 1174 libere
1346 1131 1407 1174 non
1428 1112 1677 1186 ministerialiter,

311 1211 343 1273 in
364 1227 441 1292 ptos
460 1211 532 1290 onslt,
555 1212 822 1291 sanmtificationem
840 1229 898 1290 per
918 1210 1133 1290 beneplacitam
1155 1218 1255 1285 taam;
1278 1211 1442 1291 simplicem
1462 1218 1589 1288 naimo,
1608 1211 1678 1291 ple-

312 1329 381 1372 nnm
403 1312 595 1390 operatione,
617 1311 790 1374 divinorum
823 1310 1041 1372 clerimoniam
1065 1310 1196 1390 sontem:
1225 1309 1281 1372 tibi
1307 1309 1601 1386 cmmtbstontialem,
1621 1307 1681 1394 [qui

313 1429 353 1472 ear
367 1417 396 1471 te
407 1410 555 1488 procedit,
577 1411 733 1491 oequdem
748 1409 805 1472 tibi
816 1410 849 1471 in
865 1409 952 1490 τερον·
972 1409 1060 1486 solio,
1083 1415 1113 1470 ct
1132 1411 1284 1490 unipenito
1307 1415 1357 1470 tuo
1377 1409 1450 1487 filio,
1471 1408 1600 1471 Domino
1612 1408 1678 1470 Deo

313 1515 343 1570 et
362 1507 519 1570 Saloatmi
544 1517 648 1572 nmstro
670 1507 745 1571 ,λεια
768 1507 905 1571 Obristo:
935 1510 1032 1583 mitte,
1060 1509 1197 1589 amcam,
1227 1527 1318 1588 asper
1343 1526 1400 1570 nos
1427 1513 1458 1568 et
1484 1525 1575 1586 asper
1603 1509 1680 1570 istos

311 1627 422 1688 pones,
451 1613 482 1670 et
501 1627 592 1688 asper
613 1608 669 1670 bos
690 1609 803 1671 calices
823 1607 969 1688 Spiritmn
990 1615 1071 1670 mam
1093 1615 1243 1683 sanctam,
1272 1613 1306 1670 at
1333 1625 1371 1668 eo
1397 1607 1565 1686 sanctificet
1591 1612 1680 1686 atque

308 1709 459 1787 perficiat,
482 1713 623 1790 tanquam
645 1709 831 1786 omnipotens
851 1705 943 1771 Deus.
973 1705 1107 1768 Ebntn
1129 1725 1211 1769 ooce.
1238 1706 1279 1768 m
1299 1705 1414 1788 efficiat
1430 1723 1541 1785 panem
1562 1705 1680 1785 quidem

315 1825 443 1886 corpus&
480 1806 605 1868 calicem
633 1813 748 1881 autem,
777 1807 951 1887 sanquinem
982 1807 1055 1868 noni
1083 1804 1262 1868 Testamenti
1293 1807 1389 1886 ipsias
1415 1804 1537 1866 Domini
1565 1803 1624 1865 Dei
1651 1810 1681 1866 et

313 1903 484 1966 Saloatoms
503 1906 603 1966 nostri
622 1902 698 1966 lesu
719 1903 834 1966 Christi
854 1906 984 1967 onmium
1005 1906 1086 1984 repis
1109 1953 1116 1968 .
1140 1950 1148 1965 .
1172 1954 1179 1969 .
1202 1911 1236 1966 nt
1261 1906 1338 1984 fiant
1363 1903 1500 1965 omnibus
1520 1902 1609 1965 nobis
1629 1903 1681 1983 qai

312 2023 414 2066 eoram
432 2004 601 2084 participes
621 2005 733 2066 erinnis
754 2005 797 2066 otl
815 2004 916 2084 βόεια,
938 2004 1142 2082 sobrietatem,
1164 2004 1327 2078 medelam,
1348 2003 1583 2082 temperantiam,
1602 2019 1680 2063 san-

311 2103 529 2182 ctificationem,
552 2109 607 2165 ete.
653 2100 736 2164 lllam
764 2119 858 2184 porro
886 2102 1048 2165 verborum
1078 2101 1202 2166 fonnem
1224 2101 1362 2165 fortassis
1384 2101 1586 2163 recentiorem
1610 2119 1679 2163 esse

314 2218 359 2280 ea,
382 2218 470 2281 ρσωο
481 2199 664 2283 Aegyptiaci
686 2201 756 2263 libri
777 2208 910 2279 servant,
933 2208 963 2263 et
985 2199 1118 2265 brevitas
1141 2208 1173 2265 et
1194 2201 1367 2282 simplicitas
1390 2200 1531 2263 videntur
1552 2199 1680 2263 demon·

316 2307 428 2375 sirare3
451 2306 482 2362 et
503 2302 561 2362 ista
583 2302 680 2382 magis
703 2301 819 2364 accedit
842 2300 879 2364 ad
902 2319 967 2363 eam
991 2319 1068 2383 qaae
1091 2303 1121 2364 in
1145 2301 1332 2364 Clementiae
1354 2307 1506 2363 servatur:
1530 2293 1600 2361 Καί
1621 2319 1679 2360 κα-

313 2418 379 2461 ταπ
379 2393 491 2509 ἐμψγς
511 2387 550 2461 ni
573 2385 667 2482 ῦγιόν
688 2414 749 2462 σου
771 2395 900 2478 πνεῦμα
921 2393 977 2461 ἐπὶ
998 2389 1058 2485 τήν
1078 2395 1202 2464 θυσίαν
1223 2391 1352 2484 ταύτην,
1373 2387 1429 2462 τόν
1449 2417 1602 2484 μοιρτυρα
1614 2418 1680 2461 των

312 2482 519 2581 παθημάτων
540 2497 601 2561 τοῦ
621 2486 755 2584 κυρίου’
749 2489 886 2610 Ιρροῦ’
874 2487 964 2608 ὁπως
987 2486 1138 2586 ἇποφρνρ
1159 2489 1216 2564 τόν
1238 2488 1336 2586 ῦρτον
1358 2495 1485 2572 τοῦτον,
1505 2493 1602 2576 σῶμα
1616 2493 1678 2560 τοῦ

313 2594 462 2682 Χριστοῦ
483 2613 553 2672 σου,
576 2591 633 2660 καὶ
653 2586 692 2661 τό
713 2583 870 2683 ποτήριον
889 2593 1002 2710 τοῦτρ,
1030 2587 1114 2677 αἷμα
1134 2596 1195 2662 τοῦ
1217 2593 1367 2684 Χριστοῦ
1388 2614 1459 2660 aaa.
1481 2589 1536 2658 ἰ’να
1558 2589 1591 2660 οἱ
1611 2615 1681 2674 με-

314 2685 510 2808 τορλαβόντες
538 2683 643 2760 αῦτοῦ
670 2693 888 2779 βεβαιωθιῦσι
916 2686 1001 2781 πρὸς
1034 2685 1092 2761 εῦσ
1093 2692 1219 2779 ἐβειαν,
1256 2686 1406 2784 α’φὲσεως
1435 2682 1679 2809 ῦμαρτρματων

313 2783 444 2874 τῦχωσι.
470 2791 534 2858 τοῦ
560 2781 720 2877 διαβόλου
746 2791 802 2858 καὶ
830 2792 889 2880 τῆς
915 2783 1041 2881 πλάνης
1062 2786 1166 2861 αῦτου
1151 2793 1337 2884 ρυθῶσι,
1365 2782 1553 2872 πνεύματος
1583 2783 1678 2878 αγίου

313 2891 549 2980 πληρωθῶσιν,
571 2883 659 2973 ῦξιοι
680 2892 742 2959 τοῦ
763 2893 913 2980 Χριστοῦ
934 2910 995 2958 σου
1015 2889 1178 2980 γίνωνται,
1199 2891 1284 2974 ζωὶς
1306 2887 1441 2958 αἰωνίου
1464 2880 1598 2973 τῦχωσι,
1620 2901 1678 2958 ela

312 2993 353 3056 Et
379 2996 482 3057 mnas
508 3001 644 3058 sassctmn
670 3002 752 3058 mum
776 2995 920 3076 spiritam
949 3015 1040 3077 saper
1066 2998 1250 3077 sacrificinm
1277 2997 1350 3071 λου,
1380 3001 1483 3057 testem
1501 2995 1679 3074 passionum

312 3093 434 3158 Domini
459 3091 549 3172 λεια,
576 3101 611 3156 at
638 3093 753 3176 efficiat
774 3113 885 3176 porsena
911 3095 1006 3170 banc,
1037 3114 1147 3176 corpus
1169 3093 1284 3158 Obristi
1304 3097 1365 3157 tui:
1393 3101 1424 3155 et
1443 3095 1569 3156 calicem
1588 3093 1678 3166 naec,

313 3195 487 3274 sanquinem
509 3191 624 3256 Obristi
644 3195 697 3269 lai,
719 3197 825 3276 alosti
846 3195 1096 3275 ejnmparticipes
1114 3194 1307 3274 sanctisunt,
1330 3191 1679 3273 confirmentaradpie-

314 3299 421 3367 tatem;
454 3293 660 3356 rmaissionem
684 3301 879 3372 peccatoram
906 3301 1147 3374 consscqaantur,·
1176 3312 1197 3354 ο
1219 3292 1341 3354 diabolo
1370 3298 1400 3354 et
1420 3294 1484 3372 ιγἰιι
1505 3292 1679 3354 seductione

314 3391 492 3454 liberentur:
504 3391 739 3472 Spiritusancto
752 3393 945 3472 repleantur:
967 3389 1179 3473 dipniCbristo
1196 3398 1247 3453 tao
1263 3388 1444 3472 efficiantur,
1465 3392 1559 3453 citam
1575 3396 1679 3451 σελευ-

313 3508 384 3551 nam
411 3489 580 3568 claimant,
609 3496 665 3554 etc.
710 3489 744 3552 ln
765 3489 867 3553 Basilii
897 3489 1030 3567 Graeca,
1060 3490 1235 3569 Δεομεθα,
1262 3482 1318 3552 καί
1349 3505 1387 3552 σε
1406 3485 1679 3599 παρακαλοῦμεν,

314 3575 386 3670 ἅγιε
408 3576 516 3672 elytos,
539 3536 671 3672 εῦῦοκίρ
692 3585 750 3674 τῆς
772 3584 831 3674 σῆς
853 3576 1069 3673 ῦγαθῦτιγτος,
1091 3585 1204 3652 ἐλθεῖν
1223 3578 1262 3652 τό
1284 3573 1414 3665 πνεῦμα
1435 3604 1495 3651 σου
1517 3575 1556 3650 τὸ
1579 3575 1679 3698 ᾅγιον,

314 3675 366 3798 ἐφ’
393 3676 481 3771 ἡμᾶς
507 3683 563 3750 καί
592 3683 651 3750 ε’πλ
675 3676 717 3751 τοί
745 3681 944 3775 προκείμενα
973 3685 1064 3802 δοῦρα
1093 3687 1200 3752 ταῦτα
1226 3684 1282 3751 καλ
1309 3677 1483 3772 εῦλογῆσαι
1506 3671 1602 3762 αῦτα,
1624 3681 1680 3748 καί

314 3773 459 3900 ἁγιάσαι,
481 3782 537 3850 καὶ
559 3774 792 3866 αναδεῖξαι..
816 3776 903 3850 .τόν
923 3777 1028 3866 μέν’
1006 3807 1104 3875 αρτον
1124 3785 1255 3867 τοῦτον,
1277 3781 1428 3872 (ποίησον
1450 3773 1548 3864 αῦτό)
1569 3806 1609 3850 το
1598 3774 1680 3848 τί·

313 3905 389 3964 μιον
409 3884 507 3964 σῶμα
535 3885 596 3950 τοῦ
623 3881 754 4001 κυρίου,
784 3882 839 3949 καί
860 3883 956 3966 θεοῦ,
978 3883 1034 3950 καί
1055 3887 1200 3974 σωτῆρος
1222 3876 1313 3972 ἡμῶν
1332 3873 1441 3971 Ἰρσοῦ
1461 3883 1620 3970 Χριστοῦ,
1641 3874 1681 3948 τὰ

314 3979 350 4048 δὲ
371 3972 525 4072 ποτήριον
545 3981 652 4062 τοῦτο,
675 3973 756 4049 αῦτό
776 3974 815 4048 τὸ
837 3975 1007 4064 τίμιον
968 4006 1051 4065 αιμα
1064 4007 1123 4052 του
1109 3981 1249 4072 κυρίου
1262 3981 1318 4048 καί
1329 3981 1425 4062 θεοῦ
1446 3993 1503 4048 etc.
1526 3985 1681 4064 liopamns

314 4091 342 4146 te
359 4093 390 4147 et
404 4085 610 4163 obsecramus,
635 4094 740 4150 sancte
756 4093 945 4162 sanctorm,
968 4095 1004 4149 nt
1022 4087 1207 4167 beneplacita
1230 4085 1373 4148 bonitatis
1393 4093 1462 4148 taoc
1481 4087 1585 4148 veniat
1606 4084 1681 4164 Spi-

313 4183 390 4245 ritus
416 4191 485 4246 tmss
512 4192 636 4248 ennean
667 4204 759 4266 super
784 4204 842 4248 nos
864 4192 894 4248 et
913 4204 1006 4266 super
1021 4188 1183 4267 proposita
1204 4185 1286 4247 dona
1308 4187 1386 4260 ista,
1415 4191 1445 4246 et
1465 4203 1503 4246 eo
1525 4184 1684 4248 omanem

313 4281 554 4366 mnclifscetqae,
577 4290 609 4345 ct
628 4285 782 4360 ostensslat,
809 4287 882 4361 (seu
911 4284 1019 4348 alliciat
1032 4330 1040 4347 .
1054 4291 1077 4359 .)
1103 4305 1215 4366 ροιιειιι
1242 4285 1361 4366 quidem
1389 4285 1478 4346 istam
1501 4284 1557 4364 soc
1584 4285 1682 4364 ipsam

309 4381 475 4458 pretiosam
501 4400 613 4462 corpus
633 4382 758 4444 Domini
776 4383 837 4445 Dei
863 4391 892 4445 et
918 4382 1091 4448 Salootoris
1116 4385 1216 4447 nostri
1236 4383 1311 4445 lesu
1339 4382 1469 4456 Cirris&
1498 4389 1528 4444 et
1556 4382 1682 4444 οσίίοειιι

313 4477 391 4541 burm
416 4481 515 4560 ipmm
533 4482 699 4560 pretiomm
721 4485 896 4563 sonpainem
917 4483 1041 4546 Domini
1059 4484 1135 4559 Dei,
1164 4490 1221 4548 etc.
1244 4482 1321 4546 illud
1350 4497 1425 4545 vera
1452 4474 1589 4563 ποίησον
1615 4481 1680 4561 foe,

314 4595 373 4657 quo
395 4596 503 4643 sensus
527 4580 700 4644 conturbari
724 4581 943 4662 quodammodo
966 4583 1102 4660 videtur,
1125 4599 1186 4644 non
1208 4582 1298 4646 babes
1320 4583 1419 4645 codex
1449 4582 1588 4662 antiquus
1617 4581 1680 4662 Py-

313 4678 419 4740 romsii
441 4697 530 4761 quem
552 4680 626 4744 vidit
646 4679 778 4744 lacobus
802 4681 947 4760 (locrius,
969 4692 1003 4745 ut
1025 4685 1092 4764 ipse
1122 4683 1266 4746 observat
1296 4681 1332 4745 ad
1355 4682 1520 4764 Liturgiam
1543 4680 1682 4765 Chryso-

315 4779 421 4857 stomi,
445 4780 476 4841 in
498 4797 556 4862 qua
579 4799 616 4844 ea
638 4799 700 4843 vox
722 4783 875 4844 occurrit:
903 4783 958 4845 sed
988 4785 1082 4864 prima
1116 4781 1261 4846 orationis
1292 4781 1404 4861 verba,
1434 4783 1517 4844 mitte
1544 4781 1683 4861 spiritum

315 4883 452 4940 marten
473 4885 555 4941 mom
575 4880 607 4941 in
634 4898 692 4942 nos
720 4887 750 4942 et
776 4883 809 4942 in
837 4879 913 4942 lsaec
941 4881 1023 4943 ionia
1047 4883 1223 4962 proposita,
1252 4881 1363 4943 babent
1390 4880 1545 4962 adjunctas
1572 4896 1682 4961 preces

317 4975 429 5058 aliquot
450 4977 561 5041 breves
591 4986 651 5042 ium
681 4979 870 5059 Sacerdotis,
904 4986 967 5042 tum
994 4980 1138 5059 Duceni,
1168 4997 1244 5061 quas
1274 4981 1411 5062 sequitur
1439 4978 1518 5042 istud
1545 4974 1683 5063 ποίησον

299 5063 369 5142 ’νῦν
388 5071 449 5154 μὲν
477 5065 573 5165 ε’ίρτον
593 5075 726 5157 τοῦτον,
752 5071 861 5157 τίμιον
890 5077 988 5158 σῶμα
1014 5077 1073 5145 τοῦ
1100 5076 1252 5164 Χριστοῦ
1274 5095 1377 5145 σου...
1401 5079 1464 5142 Fae
1481 5098 1592 5160 panem
1612 5079 1684 5160 psi-

353 5215 466 5258 τοιιπιι
1426 5196 1478 5271 44
