4670 6046
586 665 638 740 Ab
661 663 869 741 iuuabunt
892 660 1086 739 001³qu
1103 663 1133 740 S.
1151 663 1296 740 BASILII.
1557 663 1634 739 233

261 850 380 915 landum
401 850 433 912 in
454 863 562 930 panem
585 853 616 909 et
638 847 754 926 sinum,
778 847 915 928 illapsum
938 844 1067 926 Spiritus
1090 845 1198 922 sancti,
1220 853 1254 908 ut
1276 862 1313 908 ea
1335 843 1446 909 efficiat
1469 863 1580 928 corpus
1603 855 1636 911 ει

262 949 439 1031 sanguinem
469 943 581 1010 (lbrisli
614 945 742 1009 Domini.
793 943 935 1008 Attamen
964 943 1063 1007 nudus
1091 961 1221 1024 unquam
1251 943 1331 1025 apud
1361 959 1416 1007 eos
1450 943 1635 1028 Theologus,

263 1056 313 1110 aut
333 1047 454 1110 ilituum
475 1045 648 1126 interpres,
677 1045 870 1106 mutationem
894 1051 954 1106 tum
982 1041 1048 1105 lieri
1078 1043 1278 1122 existimavit,
1310 1049 1361 1104 aut
1386 1043 1529 1106 inutiliter
1558 1062 1636 1125 pro·

262 1145 398 1209 nunciari
421 1143 512 1208 talem
535 1144 721 1220 orationem,
750 1159 858 1222 nempe
888 1143 958 1222 quia
986 1139 1081 1204 verba
1110 1139 1221 1204 Christi
1250 1141 1381 1204 nondum
1409 1140 1526 1223 prolata
1556 1150 1635 1206 sunt.

262 1245 375 1308 Eadem
404 1243 497 1326 igitur
526 1243 624 1306 oratio
658 1243 805 1324 repetita,
839 1245 999 1322 postquam
1026 1257 1113 1302 sacra
1144 1241 1238 1302 verba
1267 1242 1393 1303 recitata
1421 1248 1508 1320 sunt,
1538 1241 1636 1304 detri-

262 1344 353 1405 menti
382 1341 454 1405 uibil
487 1340 546 1403 illis
576 1339 704 1418 alierre,
727 1339 782 1403 scd
806 1357 842 1402 ea
872 1339 972 1419 potius
999 1339 1030 1400 in
1059 1339 1313 1402 circumstantium
1341 1339 1513 1402 memoriam
1542 1357 1638 1402 revo-

264 1459 335 1503 care
365 1440 403 1502 ad
433 1437 620 1502 excitandam
650 1454 754 1501 eorum
781 1437 886 1515 tidem,
925 1444 1067 1500 constans
1099 1445 1131 1500 et
1158 1444 1307 1519 perpetua
1336 1435 1533 1500 Orientalium
1560 1455 1636 1500 sen-

264 1540 357 1604 tentia
379 1546 436 1602 est.

484 1797 652 1868 Memento
679 1795 825 1866 Domine
849 1797 951 1888 pacis
976 1796 1100 1866 unicae
1126 1793 1319 1881 Ecclesiae,
1347 1801 1410 1865 etc.

359 2005 434 2084 Hoc
457 2016 526 2078 loco
549 2014 692 2094 incipiunt
714 2013 881 2095 Diptycba,
911 2028 999 2094 quam
1032 2030 1138 2076 vocem
1162 2013 1301 2096 Coptitas
1330 2014 1535 2079 retinuerunt:
1562 2017 1640 2080 banc

267 2122 344 2186 enim
367 2130 398 2184 et
420 2125 585 2200 sequentes
607 2117 761 2180 orationes
785 2117 938 2198 appellant
960 2105 1201 2181 flerocmmxo‘a:
1225 2125 1256 2180 et
1278 2136 1344 2181 eam
1368 2118 1452 2200 Syri,
1476 2126 1509 2181 ut
1531 2121 1639 2185 multas

267 2221 340 2283 alias
364 2220 498 2282 Graecas
520 2218 727 2294 retinuerunt,
756 2223 789 2278 ut
815 2221 900 2296 patet
929 2234 970 2278 ex
993 2214 1213 2280 Commentario
1236 2216 1382 2280 Barsalibi
1412 2215 1451 2280 ad
1472 2217 1640 2300 Liturgium

266 2318 361 2384 sancti
390 2315 506 2380 lacobi.
571 2316 616 2378 Ea
646 2331 706 2378 vox
737 2315 868 2395 pessime
899 2314 1068 2395 explicatur
1103 2316 1134 2377 in
1164 2314 1398 2380 Nomenclatore
1431 2317 1641 2398 llircheriano,

267 2437 306 2481 ex
332 2417 441 2480 vitiosa
470 2417 555 2478 vocis
584 2412 735 2477 Arabicae
756 2413 987 2492 punctuatione;
1021 2419 1112 2494 atque
1134 2413 1271 2506 redditur
1293 2415 1516 2496 interpretatio.
1552 2416 1642 2502 Legit

267 2519 344 2582 enim
372 2517 523 2594 interpres
557 2523 668 2580 Βιιιιί,
691 2529 758 2574 cum
789 2511 950 2593 legendum
977 2511 1016 2574 sit
1046 2523 1164 2580 ntt'tttt·
1191 2511 1235 2576 Ea
1264 2531 1326 2576 vox
1354 2514 1455 2577 ultima
1483 2514 1643 2596 Diptycbis

269 2614 360 2677 indita
387 2621 450 2692 est,
473 2614 542 2694 quia
566 2611 635 2674 dum
657 2611 812 2674 orationes
834 2612 1000 2674 recitantur
1022 2630 1039 2672 a
1062 2609 1245 2691 Sacerdote,
1268 2612 1399 2698 populus
1417 2631 1512 2694 saepe
1533 2615 1645 2696 repetit

268 2711 627 2780 consumationem
648 2711 804 2785 miserere,
828 2716 878 2772 aut
900 2709 981 2790 quod
1003 2709 1083 2773 idem
1105 2718 1166 2790 est,
1190 2711 1284 2794 Kyrie
1305 2712 1425 2774 cleison.
1455 2711 1500 2774 Ea
1522 2712 1642 2778 illorum

268 2820 314 2876 est
339 2812 419 2894 apud
442 2809 578 2892 Coptitas
601 2809 768 2890 dispositio.
798 2806 949 2874 Sacerdos
967 2808 1054 2871 dicit:
1076 2809 1223 2874 lientento
1243 2810 1381 2887 Dmnirae,
1398 2819 1454 2874 etc.
1485 2810 1644 2874 Εοειεειαε

268 2919 354 2986 tuce,
377 2919 432 2973 etc.
456 2927 527 2972 mox
549 2909 700 2971 Diaconus
722 2908 830 2971 clamat
852 2907 889 2970 ad
911 2908 1072 2990 populum,
1101 2907 1196 2970 Orate
1222 2927 1283 2990 pro
1312 2909 1463 2973 Ecclesia.
1508 2909 1642 2992 l'opulus

268 3009 355 3088 dicit,
378 3008 473 3091 Kpm‘e
495 3008 617 3083 eleison,
639 3007 705 3069 sive
727 3006 855 3070 Domine
876 3008 1031 3084 miserere,
1054 3005 1184 3088 pluries:
1208 3014 1240 3070 et
1261 3014 1293 3071 ut
1316 3016 1400 3072 notat
1422 3007 1580 3084 Barsalibi,
1603 3026 1642 3072 eo

269 3107 337 3170 loco
360 3125 422 3170 non
444 3104 535 3169 debet
557 3105 687 3188 populus
710 3104 790 3168 aliud
812 3123 901 3186 qnam
922 3105 1017 3187 ls'ym'e
1038 3106 1168 3184 eleisum
1198 3106 1236 3169 ad
1259 3106 1395 3190 singulas
1417 3108 1569 3170 orationes
1593 3107 1644 3170 di-

269 3223 349 3270 cere.
396 3204 556 3287 Singulare
589 3212 636 3268 est
663 3201 743 3285 apud
771 3202 865 3285 Syros
895 3202 1049 3266 Jacobitas
1080 3204 1261 3283 institutum,
1293 3215 1326 3268 ut
1349 3205 1387 3268 ad
1409 3204 1644 3287 unumquodque

269 3303 488 3388 Diptychorum
511 3312 615 3386 caput,
646 3301 797 3366 Sacerdos
827 3301 987 3366 celebrans
1018 3301 1093 3364 duas
1124 3304 1279 3368 orationes
1310 3306 1437 3385 recitet,
1468 3324 1555 3368 unam
1584 3305 1644 3368 alta

269 3423 364 3483 voce,
386 3419 476 3466 unam
497 3409 629 3467 secreto.
652 3401 764 3464 Orator
786 3419 862 3464 vero
886 3399 965 3481 apud
984 3398 1121 3482 Coptitas
1144 3403 1175 3463 in
1196 3401 1275 3466 hunc
1297 3404 1434 3467 modum:
1456 3423 1514 3486 pro
1533 3403 1646 3466 Eccle-

270 3504 332 3583 sia,
361 3519 419 3583 pro
447 3501 609 3581 Episcopis
642 3500 821 3574 universim,
857 3507 889 3562 et
917 3499 1112 3582 singulariter
1149 3518 1206 3581 pro
1236 3502 1407 3568 Patriarcba
1437 3503 1645 3566 Alexandrino

270 3601 354 3680 solo,
378 3602 405 3664 si
427 3599 632 3664 Alexandriae
663 3598 800 3682 Liturgia
829 3597 1018 3673 celebratur,
1055 3598 1126 3662 alibi
1156 3616 1213 3680 pro
1243 3600 1396 3684 Episcopo
1424 3610 1545 3681 oratur,
1576 3608 1648 3684 post

271 3701 443 3764 memoriam
466 3696 671 3762 Patriarchae:
695 3714 752 3779 pro
774 3695 928 3760 ordinibus
951 3697 1189 3762 Ecclesiasticis:
1213 3715 1268 3780 pro
1296 3701 1386 3762 urbe:
1418 3719 1474 3782 pro
1496 3701 1646 3779 Ecclesia,

275 3801 305 3863 in
328 3817 387 3880 qua
409 3796 546 3881 Liturgia
569 3797 741 3878 peragitur,
764 3803 795 3859 et
817 3797 1021 3859 monasteriis:
1044 3795 1270 3878 protractibus
1293 3805 1395 3862 terrae
1418 3808 1449 3862 et
1470 3801 1557 3882 aquis
1576 3797 1646 3865 Nili.

275 3899 417 3979 Sequitur
454 3896 549 3960 altera
590 3913 661 3977 pars
694 3912 773 3975 quae
806 3894 843 3957 ad
874 3897 1040 3975 praeterita
1078 3901 1210 3977 spectat:
1247 3913 1356 3977 nempe
1401 3897 1645 3962 commemoratio

1686 1806 1716 1858 Ρ.
1736 1805 1780 1858 16.
1799 1807 1815 1860 l.
1836 1807 1880 1862 ii.

1685 2027 1820 2098 lliptycha.

272 4005 447 4062 sanctorum
468 3995 725 4071 l’atriarcbarum,
748 3994 983 4076 Prophetamm,
1007 3995 1185 4058 Sanctorum
1207 3994 1409 4076 reliquorum,
1433 3995 1605 4078 incipiendo
1628 4014 1645 4058 a
1758 4009 1762 4020 “

273 4097 365 4158 Βεειε
380 4094 474 4157 llaria
490 4093 632 4176 Virgine:
656 4092 757 4156 'lertio
781 4091 900 4156 tandem
923 4101 971 4156 est
989 4101 1174 4156 mortuorum
1197 4095 1276 4174 apud
1295 4095 1392 4158 Deum
1415 4095 1645 4160 commendatio.

273 4194 362 4256 llario
387 4199 485 4256 autem
509 4199 575 4271 est,
605 4209 668 4256 non
695 4192 784 4255 modo
814 4192 845 4254 in
872 4191 1001 4255 dirersis
1031 4192 1196 4271 Ecclesiis,
1223 4193 1335 4256 sedin
1362 4194 1468 4257 iisdem
1499 4192 1646 4278 ejusmodi

275 4291 591 4354 commemorationum
614 4290 781 4370 dispositio.
825 4291 859 4352 ln
881 4290 949 4354 Ritu
971 4291 1153 4355 Nestoriano
1177 4293 1228 4372 qui
1250 4292 1473 4372 antiquissimus
1489 4300 1547 4372 est,
1571 4309 1646 4354 ora·-

276 4396 324 4452 tur
347 4408 403 4471 pro
426 4391 562 4454 omnibus
592 4391 755 4452 creaturis:
790 4407 847 4470 pro
875 4390 1015 4453 Ecclesia
1045 4388 1200 4453 Catholica
1229 4397 1292 4454 toto
1322 4393 1398 4455 orbe
1428 4391 1552 4455 diffusa:
1586 4409 1644 4472 pro

273 4488 496 4554 Ecclesiasticis
524 4490 740 4572 cujuscumque
769 4489 896 4552 ordinis:
924 4507 981 4570 pro
1010 4488 1100 4570 plebe
1130 4489 1316 4569 Christiana,
1347 4492 1412 4554 sive
1446 4491 1558 4553 Laicis:
1588 4507 1646 4571 pro

274 4589 347 4669 piis:
379 4607 436 4670 pro
459 4588 594 4671 Regibus
616 4585 769 4652 lidelibus:
797 4605 854 4669 pro
884 4587 1088 4670 principibus,
1118 4589 1359 4671 magistratibus,
1390 4597 1420 4651 et
1448 4588 1647 4652 barbarorum
1731 4633 1739 4644 ,

275 4690 517 4768 compressione:
540 4705 597 4769 pro
621 4687 701 4750 aeris
724 4690 888 4772 temperie,
911 4687 1031 4771 frugum
1053 4689 1207 4752 ubertate:
1230 4705 1287 4768 pro
1309 4687 1395 4750 loco:
1422 4706 1480 4770 pro
1503 4685 1647 4768 peregri-

274 4787 412 4850 nantibus
433 4795 516 4850 terra
538 4787 588 4851 vel
612 4787 700 4849 mari:
723 4803 781 4867 pro
803 4787 917 4850 ablictis
945 4794 975 4849 et
1004 4789 1151 4869 captivis:
1181 4805 1239 4868 pro
1269 4787 1399 4850 vitandis
1426 4787 1558 4865 insidiis,
1588 4803 1646 4867 pro

275 4887 367 4950 variis
391 4887 631 4950 necessitatibus.
676 4887 784 4949 Postea
806 4885 838 4948 m
859 4888 1002 4950 memoria
1018 4895 1212 4966 sanctorum,
1233 4888 1438 4969 ,sequiturque
1462 4902 1647 4950 commemo·
1770 4942 1774 4950 .

275 4986 352 5050 ratio
375 4991 560 5049 mortuorum
583 4992 614 5048 et
636 4985 733 5048 oratio
755 5003 813 5065 pro
835 4985 954 5050 illorum
976 4985 1096 5065 quiete:
1124 4985 1178 5048 sed
1201 4986 1332 5048 varietas
1362 4985 1411 5048 illa
1439 4985 1549 5049 nullius
1577 5002 1647 5047 mo-

277 5085 369 5146 menti
391 5091 448 5149 est.
492 5085 714 5168 Aegyptiorum
737 5083 875 5148 ordinem
896 5085 927 5146 in
948 5082 1121 5166 Diptycbis,
1143 5091 1269 5164 praeter
1289 5083 1461 5167 Liturgias,
1495 5083 1648 5167 explicant
