4670 6046
690 644 768 717 290
1263 639 1496 717 NOTAE

688 826 805 890 scilicet
827 828 857 888 in
882 825 1001 890 Christo
1024 834 1146 890 naturas
1170 842 1342 908 agnoscere
1364 842 1399 888 sa
1413 823 1742 906 significabantpaacis
1765 824 1826 888 illis
1849 824 1967 904 verbis,
1990 843 2062 888 ora-

688 926 780 988 tionis
802 926 890 1006 primi
912 934 1046 1001 autores,
1069 927 1203 989 novitate
1226 922 1522 1004 llonophysitarum,
1551 932 1584 986 ut
1607 925 1761 1005 conjicere
1784 942 1960 1006 possumus,
1985 942 2063 988 non-

689 1025 759 1087 durn
780 1017 895 1088 imbuti.
930 1023 974 1086 lta
999 1042 1119 1106 quoque
1142 1024 1193 1086 illa
1215 1022 1346 1086 reddidit
1357 1020 1477 1102 Coptita
1496 1023 1658 1104 interpres.
1683 1018 1843 1104 ωπιλογος
1865 1042 1939 1086 arou
1962 1041 2063 1108 eproar

688 1139 791 1206 μμοφ.
819 1140 947 1206 nepam
977 1141 1051 1184 arou
1085 1123 1245 1208 ερθεωριι
1279 1139 1384 1206 μμοφ.
1430 1119 1569 1185 Christus
1599 1121 1733 1201 scilicet,
1767 1130 1801 1184 at
1828 1122 1962 1185 Verbum
1996 1122 2062 1200 Dei,

688 1227 790 1282 mente
813 1227 926 1282 tantum
954 1222 1138 1302 concipitur:
1167 1227 1308 1300 tanquam
1338 1221 1444 1298 homo,
1475 1221 1573 1283 oculis
1604 1221 1702 1284 videri
1723 1229 1853 1302 poterat.
1897 1222 1942 1284 Ea
1965 1227 2062 1282 autem

689 1317 759 1380 fidei
787 1317 951 1398 particula,
984 1319 1021 1381 ab
1050 1319 1253 1382 Orientalibus
1277 1316 1470 1396 Christianis,
1494 1317 1628 1395 Severo,
1655 1319 1838 1398 Barsahbia,
1870 1320 2062 1382 homiliarum

689 1423 808 1493 autore,
831 1425 862 1479 et
884 1416 950 1479 aliis
972 1418 1071 1480 mullis
1095 1416 1315 1480 accommodari
1338 1416 1516 1499 plerumque
1546 1418 1627 1481 solet
1648 1418 1687 1480 ad
1708 1419 1915 1480 Eucharistiae
1945 1426 2062 1499 myste-

688 1514 775 1593 rium,
800 1515 868 1578 dum
892 1517 1009 1579 dicunt:
1033 1518 1198 1598 Apostolos
1222 1523 1253 1578 et
1274 1515 1361 1594 alios,
1386 1517 1526 1598 quicum
1550 1515 1682 1592 Christo,
1705 1515 1774 1578 dum
1797 1518 1827 1579 in
1851 1517 1952 1588 terris¹
1971 1524 2061 1595 esset,

689 1615 862 1676 conversati
892 1623 979 1694 sunt,
1012 1616 1161 1678 hominem
1189 1616 1354 1696 simplicem
1384 1615 1480 1678 oculis
1509 1617 1648 1697 corporis
1679 1616 1810 1693 vidisse,
1832 1615 1931 1678 Deum
1965 1615 2060 1678 oculis

687 1713 796 1774 mentis
827 1714 1006 1794 agnovisse:
1039 1715 1080 1776 ita
1108 1713 1222 1777 debere
1258 1714 1444 1778 Christianos
1477 1713 1698 1776 Eucharistiam
1734 1715 1946 1794 suscipiendo,
1975 1714 2062 1776 idem

688 1808 878 1874 conformare
908 1830 1008 1888 suam,
1038 1822 1071 1875 ut
1099 1814 1233 1892 quamvis
1263 1813 1350 1894 panis
1377 1820 1407 1874 et
1436 1814 1497 1874 vini
1525 1813 1674 1876 elementa
1702 1812 1889 1876 solummodo
1920 1814 2059 1876 sensibus

685 1909 870 1988 percipiant,
900 1911 996 1974 oculo'
1012 1912 1159 1974 interiore
1189 1911 1269 1989 lidei,
1293 1911 1442 1974 Christum
1465 1914 1495 1973 in
1518 1913 1721 1992 illisvideant‚
1745 1920 1913 1997 agnoscant
1932 1920 1964 1975 et
1985 1912 2061 1974 ado·

686 2015 765 2086 rent,
789 2009 1038 2089 quemadmodum
1059 2009 1152 2072 Latro
1175 2011 1205 2072 in
1228 2028 1320 2072 cruce
1343 2011 1426 2073 illum
1448 2012 1587 2093 agnovit,
1616 2011 1758 2092 illiusque
1789 2010 1930 2093 exemplo
1952 2011 2061 2072 dicant.

687 2106 834 2170 Memento
864 2110 924 2170 mei
950 2108 1094 2187 Domine,
1125 2129 1192 2170 cnm
1221 2112 1342 2172 aeneis
1368 2113 1400 2171 in
1427 2129 1551 2190 repnnm
1581 2118 1671 2174 taam.
1717 2111 1883 2174 Versiones
1913 2109 2061 2172 Arabicae

688 2223 766 2285 quae
791 2207 822 2267 in
845 2205 1008 2269 Codicibus
1033 2205 1167 2288 Coptlcis
1191 2209 1345 2290 leguntur,
1368 2209 1547 2270 senteutiam
1570 2207 1706 2271 eamdem
1730 2209 1912 2289 exprimunt.

775 2303 836 2380 Oai
854 2325 911 2384 per
933 2308 1175 2368 incantationem
1197 2315 1280 2368 taam
1302 2307 1631 2387 incomprehensibilem
1648 2309 1850 2387 praeparasti
1858 2307 1947 2369 nobis
1955 2325 2065 2387 panem

688 2403 861 2479 cocleam,
899 2423 1011 2484 empna
1039 2405 1096 2466 boc
1124 2413 1206 2466 taum
1234 2413 1388 2481 sanctum,
1418 2408 1450 2468 in
1482 2407 1625 2488 mysterio
1656 2405 1793 2468 omnibns
1820 2406 1920 2467 modis
1950 2412 2064 2467 sarecto.

688 2501 803 2565 Sensus
825 2503 911 2565 istius
934 2504 1080 2565 orationis
1103 2503 1246 2584 simplex:
1271 2507 1340 2584 quia
1363 2503 1479 2567 scilicet
1502 2503 1672 2567 lncarnatio
1694 2503 1761 2566 Filii
1783 2503 1857 2583 Dei,
1886 2503 2061 2586 mysterium

686 2600 993 2680 incomprehensibile
1028 2609 1092 2681 est,
1124 2620 1184 2681 quo
1213 2605 1301 2683 panis
1336 2605 1423 2665 vivus
1457 2602 1496 2666 de
1525 2603 1613 2667 coelo
1644 2603 1816 2666 descendit:
1845 2602 1933 2685 panis
1964 2609 2062 2665 autem

687 2699 891 2762 sanctificatus
914 2701 945 2762 in
967 2698 1126 2780 altaribus,
1151 2709 1198 2762 est
1221 2718 1334 2781 corpus
1356 2703 1453 2783 ipsum
1478 2702 1559 2782 quod
1581 2701 1674 2765 Filius
1701 2702 1759 2764 Dei
1782 2703 1899 2782 accepit
1926 2721 1967 2764 ex
1994 2701 2062 2763 lla-

686 2799 731 2858 ria
754 2799 895 2882 Virgine,
919 2807 950 2862 et
974 2799 1053 2880 quod
1078 2799 1128 2861 dat
1151 2799 1238 2867 uobis
1260 2801 1291 2862 in
1315 2799 1527 2880 Sacramenta,
1562 2809 1595 2864 ut
1623 2802 1681 2881 ipsi
1711 2800 1849 2882 Coptitae
1878 2808 1986 2882 postea
2008 2819 2062 2862 re-

687 2904 892 2979 cognoscunt,
915 2899 947 2960 in
970 2896 1172 2961 Conlessione
1194 2916 1273 2979 quae
1296 2899 1328 2960 ht
1353 2908 1422 2962 ante
1446 2899 1526 2962 illius
1557 2902 1791 2987 susceptionem.
1837 2899 1923 2962 Unde
1952 2899 2062 2962 lnrstra

686 3004 756 3057 sunt
778 2997 816 3059 ad
837 2997 1019 3060 sententiam
1041 2998 1127 3060 istius
1150 2998 1297 3061 orationis
1321 2999 1556 3078 pervertendam
1579 3002 1683 3062 amnes
1697 2997 1896 3062 hibertiaiani
1913 3007 1946 3062 et
1969 2997 2062 3060 Clau·

687 3091 767 3156 diani
797 3095 1019 3160 commentarii.
1069 3097 1137 3159 Non
1168 3098 1247 3159 enim
1277 3095 1385 3160 dicitur
1414 3097 1479 3160 dari
1509 3117 1620 3178 corpus
1651 3098 1763 3161 Christi
1792 3100 1824 3160 in
1855 3099 2061 3174 sacramento,

689 3193 771 3273 quod
793 3195 921 3277 inteligi
944 3203 1050 3276 posset
1073 3195 1111 3257 de
1135 3195 1242 3258 eodem
1265 3204 1408 3277 suscepto
1431 3215 1488 3278 per
1509 3197 1613 3276 fidem,
1642 3196 1699 3260 sed
1720 3197 1779 3260 hoc
1802 3213 1930 3277 corpus,
1954 3213 2062 3277 nempe

597 3295 599 3298 ’
686 3293 767 3372 quod
791 3293 941 3356 Sacerdos
964 3297 995 3356 in
1018 3293 1102 3357 disco
1125 3295 1253 3374 positum
1276 3297 1423 3373 intuetur,
1459 3294 1600 3376 quodque
1627 3313 1699 3358 mox
1727 3295 1851 3357 elevans
1880 3303 1910 3358 et
1934 3293 2062 3357 demon-

685 3400 803 3472 strans,
828 3401 956 3456 testatur
978 3411 1048 3456 esse
1071 3395 1167 3474 ipsurn
1190 3413 1294 3456 verum
1318 3410 1429 3473 corpus
1453 3391 1572 3456 Christi.
1623 3390 1728 3457 Τοῦτο
1747 3381 1784 3455 τί
1814 3379 1913 3469 σῶμά
1942 3411 2003 3455 σου
2025 3377 2061 3454 ὃν

685 3481 770 3554 ἔθου
791 3483 825 3554 ἐν
852 3487 1035 3578 μυστηρίῳ,
1069 3494 1109 3554 ita
1137 3493 1216 3555 enim
1244 3492 1407 3576 legendum
1442 3490 1561 3554 videtur
1587 3494 1617 3554 in
1647 3491 1765 3555 Graeca
1795 3491 1977 3572 exemplari,
2011 3489 2061 3552 ubi

684 3592 827 3672 scriptum
851 3600 898 3656 est
920 3585 954 3655 ἐν
975 3581 1155 3677 μυστήριον
1175 3580 1336 3676 aavoiyrov
1357 3585 1391 3653 ἐν
1413 3591 1482 3663 τοῖς
1510 3579 1648 3669 ὁίιασιν,
1677 3592 1759 3671 quod
1789 3593 1855 3654 sive
1883 3591 1921 3654 ad
1951 3607 2059 3670 corpus

685 3689 796 3754 Christi
817 3690 983 3770 referatur,
1007 3693 1072 3753 sive
1096 3691 1133 3753 ad
1155 3691 1347 3772 mysterium,
1371 3688 1497 3771 perinde
1521 3697 1577 3752 est.
1621 3688 1753 3752 Arabica
1767 3691 1869 3752 versio
1885 3689 1923 3752 ad
1947 3706 2058 3770 corpus

686 3791 798 3855 Christi
823 3789 928 3854 refert.
980 3788 1100 3869 Corpus
1128 3797 1210 3852 taam
1243 3789 1319 3868 boc,
1347 3790 1429 3870 qnod
1456 3796 1503 3850 est
1527 3788 1755 3851 Sacramentum
1783 3785 2012 3873 μυστηριῶδες
2033 3795 2061 3849 et

685 3892 805 3953 omnino
828 3897 974 3952 sananim.
1019 3890 1088 3951 Vox
1110 3891 1189 3951 enim
1216 3898 1272 3955 ’Ἱο
1299 3888 1406 3965 Serri,
1428 3887 1507 3950 idem
1530 3887 1680 3970 significat
1708 3886 1787 3968 quod
1809 3877 1848 3950 τὸ
1869 3883 2059 3973 μυστηριῶ-

685 3985 742 4061 δες
772 3996 835 4052 :et
858 3991 909 4069 qui
930 4005 1041 4069 corpus
1072 3987 1183 4052 Christi
1212 3987 1242 4049 in
1271 3988 1482 4063 Sacramento,
1509 3987 1550 4049 ita
1578 3983 1726 4068 appellat,
1755 4005 1811 4067 per
1841 3987 2061 4068 oppositionem

687 4087 726 4150 ad
748 4072 899 4168 naturale,
927 4104 989 4149 non
1018 4095 1112 4170 negat
1133 4104 1238 4149 veram
1270 4094 1301 4149 et
1329 4085 1442 4149 realem
1473 4085 1607 4167 ejusdem
1634 4086 1774 4165 corporis
1804 4086 1835 4146 in
1864 4085 2058 4148 sacramento

572 4211 575 4220 ·
688 4187 900 4269 praesentiam.
945 4186 978 4248 ld
1001 4184 1052 4248 vel
1073 4203 1150 4247 unus
1174 4185 1345 4249 Gennadius
1367 4186 1440 4248 satis
1463 4185 1662 4258 demonstrat,
1691 4185 1741 4264 qui
1763 4184 1794 4245 in
1816 4183 1943 4246 llomilia
1966 4200 2061 4263 nuper

371 4279 462 4350 Opem
482 4283 525 4339 dr.
545 4285 678 4344 armari.
691 4286 788 4366 edita,
812 4305 878 4348 cum
910 4284 1271 4348 Transubstantiationem
1298 4286 1460 4366 perspicue
1490 4283 1615 4361 doceat,
1646 4282 1761 4344 titulum
1789 4283 1868 4344 hunc
1898 4280 2060 4362 inscripsit.

690 4382 777 4473 Περὶ
799 4375 1049 4472 μυστηριώδους
1070 4373 1235 4464 σώματος,
1259 4392 1316 4447 etc.
1361 4384 1529 4447 Versiones
1541 4381 1691 4446 Arabicae
1711 4381 1861 4462 duplicem
1874 4398 1980 4443 vocem
2004 4379 2060 4441 ad-

689 4485 810 4561 hibent,
833 4493 865 4549 et
886 4487 990 4565 istam,
1015 4491 1046 4547 et
1068 4483 1155 4547 aliam
1179 4502 1256 4565 quae
1280 4483 1429 4566 significat
1450 4483 1481 4546 id
1504 4481 1585 4564 quad
1608 4481 1736 4560 Coptice
1764 4479 1907 4543 scribitur
1933 4481 1966 4542 in
1992 4497 2059 4560 mp-

687 4587 797 4648 aterio:
820 4573 860 4647 ed
879 4574 1038 4667 nandyton
1072 4583 1210 4646 referunt
1232 4585 1269 4646 ad
1293 4583 1411 4665 Corpus
1435 4581 1556 4647 Christi.
1601 4581 1748 4644 blaronita
1777 4597 1837 4640 non
1860 4585 1945 4642 recte
1969 4585 2059 4642 totam

685 4682 763 4746 banc
786 4685 953 4747 orationem
976 4683 1139 4764 expressit.
1187 4683 1315 4745 Verbum
1343 4683 1517 4762 spirituale,
1545 4682 1597 4762 pai
1624 4681 1713 4742 bomo
1733 4679 1837 4759 [nonas
1864 4697 1912 4754 es,
1935 4687 1965 4741 et
1985 4679 2061 4739 inter

684 4783 819 4845 homines
840 4791 996 4858 cersona,
1019 4783 1072 4862 pai
1089 4802 1146 4862 per
1168 4783 1409 4844 incantationem
1431 4788 1514 4843 haam
1536 4776 1863 4859 incomprehensibilem
1880 4792 2058 4857 praepara·

686 4883 727 4942 sti
747 4882 835 4945 nobis
852 4901 975 4962 ponera,
999 4900 1112 4961 corpas
1132 4881 1191 4944 boc
1218 4887 1300 4943 mum
1327 4887 1574 4959 sacrosanctam,
1596 4879 1771 4960 mysterium
1799 4876 1919 4938 omnino
1948 4889 2058 4935 marc-

686 4987 840 5042 sanctam:
862 4999 963 5062 neque
987 4980 1066 5044 enirn
1090 4978 1236 5062 Coptico‚
1259 4979 1465 5066 autlhrabico
1489 4978 1585 5042 textui
1606 4974 1909 5063 versio-respondet.
