<?xml version="1.0" encoding="UTF-8"?>
<!DOCTYPE html PUBLIC "-//W3C//DTD XHTML 1.0 Transitional//EN"
    "http://www.w3.org/TR/xhtml1/DTD/xhtml1-transitional.dtd">
<html xmlns="http://www.w3.org/1999/xhtml" xml:lang="en" lang="en">
 <head>
  <title>
</title>
<meta http-equiv="Content-Type" content="text/html;charset=utf-8" />
  <meta name='ocr-system' content='tesseract 3.04.00' />
  <meta name='ocr-capabilities' content='ocr_page ocr_carea ocr_par ocr_line ocrx_word'/>
</head>
<body>
  <div class='ocr_page' id='page_1' title='image "./liturgiarumorie03renagoog_0204.png"; bbox 0 0 4684 6042; ppageno 0'>
   <div class='ocr_carea' id='block_1_1' title="bbox 745 537 1745 618">
    <p class='ocr_par' dir='ltr' id='par_1_1' title="bbox 745 537 1745 618">
     <span class='ocr_line' id='line_1_1' title="bbox 745 537 1745 618; baseline 0.002 -3"><span class='ocrx_word' id='word_1_1' title='bbox 745 537 1374 618; x_wconf 80' lang='lat' dir='ltr'><strong>Sthll&#39;lllYRlLLl.</strong></span> <span class='ocrx_word' id='word_1_2' title='bbox 1694 541 1745 618; x_wconf 79' lang='lat'><strong>45</strong></span> 
     </span>
    </p>
   </div>
   <div class='ocr_carea' id='block_1_2' title="bbox 310 725 2076 3962">
    <p class='ocr_par' dir='ltr' id='par_1_2' title="bbox 372 725 2074 935">
     <span class='ocr_line' id='line_1_2' title="bbox 373 725 2074 824; baseline 0.001 -24"><span class='ocrx_word' id='word_1_3' title='bbox 373 739 463 801; x_wconf 88' lang='lat' dir='ltr'><strong>tuum</strong></span> <span class='ocrx_word' id='word_1_4' title='bbox 489 735 653 818; x_wconf 73' lang='lat' dir='ltr'><strong>sanctum,</strong></span> <span class='ocrx_word' id='word_1_5' title='bbox 679 737 715 800; x_wconf 90' lang='lat' dir='ltr'><strong>et</strong></span> <span class='ocrx_word' id='word_1_6' title='bbox 739 725 881 824; x_wconf 91' lang='lat' dir='ltr'><strong>populus</strong></span> <span class='ocrx_word' id='word_1_7' title='bbox 909 736 984 800; x_wconf 89' lang='lat' dir='ltr'><strong>tuus</strong></span> <span class='ocrx_word' id='word_1_8' title='bbox 1010 728 1044 797; x_wconf 94' lang='lat' dir='ltr'><strong>iu</strong></span> <span class='ocrx_word' id='word_1_9' title='bbox 1069 726 1354 800; x_wconf 81' lang='lat' dir='ltr'><strong>benedictionibus</strong></span> <span class='ocrx_word' id='word_1_10' title='bbox 1380 726 1498 800; x_wconf 87' lang='lat' dir='ltr'><strong>millies</strong></span> <span class='ocrx_word' id='word_1_11' title='bbox 1525 727 1685 822; x_wconf 79' lang='lat' dir='ltr'><strong>millenis,</strong></span> <span class='ocrx_word' id='word_1_12' title='bbox 1713 739 1747 803; x_wconf 92' lang='lat' dir='ltr'><strong>et</strong></span> <span class='ocrx_word' id='word_1_13' title='bbox 1760 745 1791 798; x_wconf 76' lang='lat' dir='ltr'><strong>a·</strong></span> <span class='ocrx_word' id='word_1_14' title='bbox 1804 744 1962 820; x_wconf 64' lang='lat' dir='ltr'><strong>caussae.</strong></span> <span class='ocrx_word' id='word_1_15' title='bbox 1978 760 2002 804; x_wconf 78' lang='lat' dir='ltr'><strong>a</strong></span> <span class='ocrx_word' id='word_1_16' title='bbox 2015 751 2074 802; x_wconf 71' lang='lat' dir='ltr'><strong>aa</strong></span> 
     </span>
     <span class='ocr_line' id='line_1_3' title="bbox 372 835 2073 935; baseline -0.001 -18"><span class='ocrx_word' id='word_1_17' title='bbox 372 846 483 918; x_wconf 91' lang='lat' dir='ltr'><strong>decies</strong></span> <span class='ocrx_word' id='word_1_18' title='bbox 509 843 629 918; x_wconf 89' lang='lat' dir='ltr'><strong>millies</strong></span> <span class='ocrx_word' id='word_1_19' title='bbox 658 843 772 918; x_wconf 89' lang='lat' dir='ltr'><strong>decies</strong></span> <span class='ocrx_word' id='word_1_20' title='bbox 798 844 951 934; x_wconf 88' lang='lat' dir='ltr'><strong>millenis,</strong></span> <span class='ocrx_word' id='word_1_21' title='bbox 976 841 1078 914; x_wconf 84' lang='lat' dir='ltr'><strong>faeiat</strong></span> <span class='ocrx_word' id='word_1_22' title='bbox 1104 841 1309 914; x_wconf 85' lang='lat' dir='ltr'><strong>voluntatem</strong></span> <span class='ocrx_word' id='word_1_23' title='bbox 1334 854 1433 916; x_wconf 85' lang='lat' dir='ltr'><strong>tuam.</strong></span> <span class='ocrx_word' id='word_1_24' title='bbox 1761 835 2073 935; x_wconf 59' lang='lat' dir='ltr'><strong>“lt‘0‘⁰‘{“⁸“”²tf‘“”⁸·</strong></span> 
     </span>
    </p>

    <p class='ocr_par' dir='ltr' id='par_1_3' title="bbox 472 923 2072 1075">
     <span class='ocr_line' id='line_1_4' title="bbox 472 923 2072 1075; baseline -0.002 -43"><span class='ocrx_word' id='word_1_25' title='bbox 472 961 661 1032; x_wconf 83' lang='lat' dir='ltr'><strong>Diaeoaas.</strong></span> <span class='ocrx_word' id='word_1_26' title='bbox 715 960 780 1046; x_wconf 81' lang='lat' dir='ltr'><strong>Qui</strong></span> <span class='ocrx_word' id='word_1_27' title='bbox 806 959 942 1050; x_wconf 74' lang='lat' dir='ltr'><strong>sedetis,</strong></span> <span class='ocrx_word' id='word_1_28' title='bbox 969 961 1106 1052; x_wconf 88' lang='lat' dir='ltr'><strong>surgite.</strong></span> <span class='ocrx_word' id='word_1_29' title='bbox 1761 923 2072 1075; x_wconf 52' lang='lat' dir='ltr'><strong>ffifffflgfessgffi</strong></span> 
     </span>
    </p>

    <p class='ocr_par' dir='ltr' id='par_1_4' title="bbox 371 1075 1748 1635">
     <span class='ocr_line' id='line_1_5' title="bbox 473 1075 1748 1173; baseline -0.002 -24"><span class='ocrx_word' id='word_1_30' title='bbox 473 1075 660 1149; x_wconf 74' lang='lat' dir='ltr'><strong><em>Sacerdos.</em></strong></span> <span class='ocrx_word' id='word_1_31' title='bbox 713 1075 820 1150; x_wconf 86' lang='lat' dir='ltr'><strong>Solve</strong></span> <span class='ocrx_word' id='word_1_32' title='bbox 846 1079 1013 1172; x_wconf 88' lang='lat' dir='ltr'><strong>captivos:</strong></span> <span class='ocrx_word' id='word_1_33' title='bbox 1047 1075 1144 1148; x_wconf 89' lang='lat' dir='ltr'><strong>salva</strong></span> <span class='ocrx_word' id='word_1_34' title='bbox 1180 1095 1242 1146; x_wconf 91' lang='lat' dir='ltr'><strong>eos</strong></span> <span class='ocrx_word' id='word_1_35' title='bbox 1269 1077 1324 1170; x_wconf 91' lang='lat' dir='ltr'><strong>qui</strong></span> <span class='ocrx_word' id='word_1_36' title='bbox 1349 1079 1583 1150; x_wconf 88' lang='lat' dir='ltr'><strong>necessitatem</strong></span> <span class='ocrx_word' id='word_1_37' title='bbox 1610 1079 1748 1173; x_wconf 88' lang='lat' dir='ltr'><strong>patiun-</strong></span> 
     </span>
     <span class='ocr_line' id='line_1_6' title="bbox 371 1190 1747 1288; baseline 0.001 -24"><span class='ocrx_word' id='word_1_38' title='bbox 371 1202 439 1264; x_wconf 89' lang='lat' dir='ltr'><strong>tur:</strong></span> <span class='ocrx_word' id='word_1_39' title='bbox 480 1197 665 1266; x_wconf 89' lang='lat' dir='ltr'><strong>esurientes</strong></span> <span class='ocrx_word' id='word_1_40' title='bbox 701 1195 803 1267; x_wconf 89' lang='lat' dir='ltr'><strong>satia:</strong></span> <span class='ocrx_word' id='word_1_41' title='bbox 840 1191 994 1265; x_wconf 88' lang='lat' dir='ltr'><strong>conforta</strong></span> <span class='ocrx_word' id='word_1_42' title='bbox 1028 1190 1270 1288; x_wconf 87' lang='lat' dir='ltr'><strong>pusillanimes:</strong></span> <span class='ocrx_word' id='word_1_43' title='bbox 1310 1191 1424 1287; x_wconf 89' lang='lat' dir='ltr'><strong>lapsos</strong></span> <span class='ocrx_word' id='word_1_44' title='bbox 1467 1196 1579 1285; x_wconf 89' lang='lat' dir='ltr'><strong>erige:</strong></span> <span class='ocrx_word' id='word_1_45' title='bbox 1621 1203 1747 1266; x_wconf 88' lang='lat' dir='ltr'><strong>stantes</strong></span> 
     </span>
     <span class='ocr_line' id='line_1_7' title="bbox 373 1307 1746 1402; baseline 0 -21"><span class='ocrx_word' id='word_1_46' title='bbox 373 1310 548 1382; x_wconf 86' lang='lat' dir='ltr'><strong>confirma:</strong></span> <span class='ocrx_word' id='word_1_47' title='bbox 575 1317 727 1380; x_wconf 78' lang='lat' dir='ltr'><strong>errantes</strong></span> <span class='ocrx_word' id='word_1_48' title='bbox 759 1316 940 1381; x_wconf 86' lang='lat' dir='ltr'><strong>converte:</strong></span> <span class='ocrx_word' id='word_1_49' title='bbox 971 1308 1097 1402; x_wconf 89' lang='lat' dir='ltr'><strong>perduc</strong></span> <span class='ocrx_word' id='word_1_50' title='bbox 1123 1328 1183 1379; x_wconf 93' lang='lat' dir='ltr'><strong>eos</strong></span> <span class='ocrx_word' id='word_1_51' title='bbox 1211 1328 1327 1380; x_wconf 91' lang='lat' dir='ltr'><strong>omnes</strong></span> <span class='ocrx_word' id='word_1_52' title='bbox 1352 1307 1394 1379; x_wconf 86' lang='lat' dir='ltr'><strong>ad</strong></span> <span class='ocrx_word' id='word_1_53' title='bbox 1411 1311 1502 1381; x_wconf 88' lang='lat' dir='ltr'><strong>viam</strong></span> <span class='ocrx_word' id='word_1_54' title='bbox 1517 1310 1632 1382; x_wconf 92' lang='lat' dir='ltr'><strong>salutis</strong></span> <span class='ocrx_word' id='word_1_55' title='bbox 1655 1318 1746 1381; x_wconf 85' lang='lat' dir='ltr'><strong>tuse:</strong></span> 
     </span>
     <span class='ocr_line' id='line_1_8' title="bbox 372 1423 1746 1520; baseline 0.001 -24"><span class='ocrx_word' id='word_1_56' title='bbox 372 1447 508 1498; x_wconf 88' lang='lat' dir='ltr'><strong>numera</strong></span> <span class='ocrx_word' id='word_1_57' title='bbox 534 1424 609 1498; x_wconf 88' lang='lat' dir='ltr'><strong>illos</strong></span> <span class='ocrx_word' id='word_1_58' title='bbox 636 1447 753 1498; x_wconf 90' lang='lat' dir='ltr'><strong>omnes</strong></span> <span class='ocrx_word' id='word_1_59' title='bbox 780 1447 856 1496; x_wconf 89' lang='lat' dir='ltr'><strong>cum</strong></span> <span class='ocrx_word' id='word_1_60' title='bbox 880 1423 1005 1520; x_wconf 94' lang='lat' dir='ltr'><strong>populo</strong></span> <span class='ocrx_word' id='word_1_61' title='bbox 1032 1434 1106 1496; x_wconf 92' lang='lat' dir='ltr'><strong>tuo:</strong></span> <span class='ocrx_word' id='word_1_62' title='bbox 1141 1423 1248 1496; x_wconf 88' lang='lat' dir='ltr'><strong>libera</strong></span> <span class='ocrx_word' id='word_1_63' title='bbox 1283 1445 1347 1498; x_wconf 91' lang='lat' dir='ltr'><strong>nos</strong></span> <span class='ocrx_word' id='word_1_64' title='bbox 1381 1429 1576 1520; x_wconf 85' lang='lat' dir='ltr'><strong>apeccstis</strong></span> <span class='ocrx_word' id='word_1_65' title='bbox 1607 1428 1746 1498; x_wconf 90' lang='lat' dir='ltr'><strong>uostris:</strong></span> 
     </span>
     <span class='ocr_line' id='line_1_9' title="bbox 373 1538 1417 1635; baseline -0.002 -21"><span class='ocrx_word' id='word_1_66' title='bbox 373 1550 461 1635; x_wconf 86' lang='lat' dir='ltr'><strong>esto,</strong></span> <span class='ocrx_word' id='word_1_67' title='bbox 487 1542 644 1629; x_wconf 81' lang='lat' dir='ltr'><strong>Domine,</strong></span> <span class='ocrx_word' id='word_1_68' title='bbox 670 1540 768 1614; x_wconf 90' lang='lat' dir='ltr'><strong>uobis</strong></span> <span class='ocrx_word' id='word_1_69' title='bbox 795 1550 908 1614; x_wconf 88' lang='lat' dir='ltr'><strong>custos</strong></span> <span class='ocrx_word' id='word_1_70' title='bbox 936 1549 970 1611; x_wconf 92' lang='lat' dir='ltr'><strong>et</strong></span> <span class='ocrx_word' id='word_1_71' title='bbox 996 1548 1167 1634; x_wconf 89' lang='lat' dir='ltr'><strong>protector</strong></span> <span class='ocrx_word' id='word_1_72' title='bbox 1193 1542 1227 1611; x_wconf 92' lang='lat' dir='ltr'><strong>iu</strong></span> <span class='ocrx_word' id='word_1_73' title='bbox 1255 1538 1417 1614; x_wconf 91' lang='lat' dir='ltr'><strong>omuibus.</strong></span> 
     </span>
    </p>

    <p class='ocr_par' dir='ltr' id='par_1_5' title="bbox 474 1657 1139 1750">
     <span class='ocr_line' id='line_1_10' title="bbox 474 1657 1139 1750; baseline -0.005 -21"><span class='ocrx_word' id='word_1_74' title='bbox 474 1658 661 1729; x_wconf 66' lang='lat' dir='ltr'><strong>Diacorm</strong></span> <span class='ocrx_word' id='word_1_75' title='bbox 713 1657 769 1729; x_wconf 85' lang='lat' dir='ltr'><strong>Ad</strong></span> <span class='ocrx_word' id='word_1_76' title='bbox 796 1657 966 1729; x_wconf 80' lang='lat' dir='ltr'><strong>Orientem</strong></span> <span class='ocrx_word' id='word_1_77' title='bbox 992 1658 1139 1750; x_wconf 88' lang='lat' dir='ltr'><strong>aspicite.</strong></span> 
     </span>
    </p>

    <p class='ocr_par' dir='ltr' id='par_1_6' title="bbox 373 1771 1749 2218">
     <span class='ocr_line' id='line_1_11' title="bbox 476 1771 1749 1870; baseline 0.002 -25"><span class='ocrx_word' id='word_1_78' title='bbox 476 1773 661 1846; x_wconf 85' lang='lat' dir='ltr'><strong>Sacerdos.</strong></span> <span class='ocrx_word' id='word_1_79' title='bbox 714 1774 766 1845; x_wconf 87' lang='lat' dir='ltr'><strong>Tu</strong></span> <span class='ocrx_word' id='word_1_80' title='bbox 797 1795 836 1847; x_wconf 90' lang='lat' dir='ltr'><strong>es</strong></span> <span class='ocrx_word' id='word_1_81' title='bbox 870 1773 964 1845; x_wconf 91' lang='lat' dir='ltr'><strong>Deus</strong></span> <span class='ocrx_word' id='word_1_82' title='bbox 1000 1771 1157 1844; x_wconf 87' lang='lat' dir='ltr'><strong>excelsus</strong></span> <span class='ocrx_word' id='word_1_83' title='bbox 1191 1794 1292 1868; x_wconf 91' lang='lat' dir='ltr'><strong>super</strong></span> <span class='ocrx_word' id='word_1_84' title='bbox 1326 1795 1443 1846; x_wconf 90' lang='lat' dir='ltr'><strong>omnes</strong></span> <span class='ocrx_word' id='word_1_85' title='bbox 1475 1776 1678 1870; x_wconf 84' lang='lat' dir='ltr'><strong>principatus</strong></span> <span class='ocrx_word' id='word_1_86' title='bbox 1715 1785 1749 1847; x_wconf 91' lang='lat' dir='ltr'><strong>et</strong></span> 
     </span>
     <span class='ocr_line' id='line_1_12' title="bbox 374 1887 1746 1987; baseline -0.001 -24"><span class='ocrx_word' id='word_1_87' title='bbox 374 1899 577 1987; x_wconf 80' lang='lat' dir='ltr'><strong>potestates,</strong></span> <span class='ocrx_word' id='word_1_88' title='bbox 604 1889 780 1982; x_wconf 76' lang='lat' dir='ltr'><strong>dignitates</strong></span> <span class='ocrx_word' id='word_1_89' title='bbox 807 1899 841 1961; x_wconf 91' lang='lat' dir='ltr'><strong>et</strong></span> <span class='ocrx_word' id='word_1_90' title='bbox 865 1887 1125 1976; x_wconf 70' lang='lat' dir='ltr'><strong>dominationes,</strong></span> <span class='ocrx_word' id='word_1_91' title='bbox 1162 1898 1196 1960; x_wconf 90' lang='lat' dir='ltr'><strong>et</strong></span> <span class='ocrx_word' id='word_1_92' title='bbox 1223 1911 1324 1985; x_wconf 92' lang='lat' dir='ltr'><strong>super</strong></span> <span class='ocrx_word' id='word_1_93' title='bbox 1350 1911 1448 1962; x_wconf 91' lang='lat' dir='ltr'><strong>omne</strong></span> <span class='ocrx_word' id='word_1_94' title='bbox 1474 1912 1619 1979; x_wconf 82' lang='lat' dir='ltr'><strong>nomeu,</strong></span> <span class='ocrx_word' id='word_1_95' title='bbox 1658 1890 1746 1984; x_wconf 85' lang='lat' dir='ltr'><strong>quod</strong></span> 
     </span>
     <span class='ocr_line' id='line_1_13' title="bbox 373 2003 1747 2102; baseline 0 -24"><span class='ocrx_word' id='word_1_96' title='bbox 373 2009 535 2078; x_wconf 89' lang='lat' dir='ltr'><strong>nominari</strong></span> <span class='ocrx_word' id='word_1_97' title='bbox 562 2015 685 2102; x_wconf 78' lang='lat' dir='ltr'><strong>potest,</strong></span> <span class='ocrx_word' id='word_1_98' title='bbox 712 2027 780 2076; x_wconf 89' lang='lat' dir='ltr'><strong>non</strong></span> <span class='ocrx_word' id='word_1_99' title='bbox 797 2005 905 2078; x_wconf 90' lang='lat' dir='ltr'><strong>solum</strong></span> <span class='ocrx_word' id='word_1_100' title='bbox 932 2007 963 2076; x_wconf 92' lang='lat' dir='ltr'><strong>in</strong></span> <span class='ocrx_word' id='word_1_101' title='bbox 991 2003 1055 2076; x_wconf 92' lang='lat' dir='ltr'><strong>hoc</strong></span> <span class='ocrx_word' id='word_1_102' title='bbox 1082 2004 1229 2095; x_wconf 89' lang='lat' dir='ltr'><strong>saeculo,</strong></span> <span class='ocrx_word' id='word_1_103' title='bbox 1246 2004 1306 2076; x_wconf 94' lang='lat' dir='ltr'><strong>sed</strong></span> <span class='ocrx_word' id='word_1_104' title='bbox 1327 2008 1424 2077; x_wconf 86' lang='lat' dir='ltr'><strong>etiam</strong></span> <span class='ocrx_word' id='word_1_105' title='bbox 1440 2010 1473 2077; x_wconf 92' lang='lat' dir='ltr'><strong>in</strong></span> <span class='ocrx_word' id='word_1_106' title='bbox 1499 2005 1628 2079; x_wconf 85' lang='lat' dir='ltr'><strong>buturo:</strong></span> <span class='ocrx_word' id='word_1_107' title='bbox 1655 2016 1747 2078; x_wconf 90' lang='lat' dir='ltr'><strong>tues</strong></span> 
     </span>
     <span class='ocr_line' id='line_1_14' title="bbox 374 2119 1747 2218; baseline -0.001 -23"><span class='ocrx_word' id='word_1_108' title='bbox 374 2146 489 2196; x_wconf 89' lang='lat' dir='ltr'><strong>coram</strong></span> <span class='ocrx_word' id='word_1_109' title='bbox 504 2147 570 2218; x_wconf 91' lang='lat' dir='ltr'><strong>quo</strong></span> <span class='ocrx_word' id='word_1_110' title='bbox 584 2125 743 2195; x_wconf 89' lang='lat' dir='ltr'><strong>assistunt</strong></span> <span class='ocrx_word' id='word_1_111' title='bbox 753 2121 842 2192; x_wconf 90' lang='lat' dir='ltr'><strong>mille</strong></span> <span class='ocrx_word' id='word_1_112' title='bbox 855 2120 976 2192; x_wconf 89' lang='lat' dir='ltr'><strong>milleni</strong></span> <span class='ocrx_word' id='word_1_113' title='bbox 988 2131 1022 2191; x_wconf 91' lang='lat' dir='ltr'><strong>et</strong></span> <span class='ocrx_word' id='word_1_114' title='bbox 1035 2120 1146 2192; x_wconf 88' lang='lat' dir='ltr'><strong>decies</strong></span> <span class='ocrx_word' id='word_1_115' title='bbox 1162 2119 1293 2210; x_wconf 77' lang='lat' dir='ltr'><strong>millies,</strong></span> <span class='ocrx_word' id='word_1_116' title='bbox 1307 2121 1419 2192; x_wconf 90' lang='lat' dir='ltr'><strong>decies</strong></span> <span class='ocrx_word' id='word_1_117' title='bbox 1434 2120 1523 2193; x_wconf 92' lang='lat' dir='ltr'><strong>mille</strong></span> <span class='ocrx_word' id='word_1_118' title='bbox 1535 2122 1657 2194; x_wconf 90' lang='lat' dir='ltr'><strong>milleni</strong></span> <span class='ocrx_word' id='word_1_119' title='bbox 1666 2126 1747 2194; x_wconf 82' lang='lat' dir='ltr'><strong>An-</strong></span> 
     </span>
    </p>

    <p class='ocr_par' dir='ltr' id='par_1_7' title="bbox 310 2235 1775 2333">
     <span class='ocr_line' id='line_1_15' title="bbox 310 2235 1775 2333; baseline 0.001 -23"><span class='ocrx_word' id='word_1_120' title='bbox 310 2261 313 2266; x_wconf 87' lang='lat'>·</span> <span class='ocrx_word' id='word_1_121' title='bbox 374 2241 445 2333; x_wconf 90' lang='lat' dir='ltr'><strong>geli</strong></span> <span class='ocrx_word' id='word_1_122' title='bbox 465 2248 499 2310; x_wconf 89' lang='lat' dir='ltr'><strong>et</strong></span> <span class='ocrx_word' id='word_1_123' title='bbox 525 2237 730 2330; x_wconf 85' lang='lat' dir='ltr'><strong>Archangeli</strong></span> <span class='ocrx_word' id='word_1_124' title='bbox 748 2240 872 2328; x_wconf 80' lang='lat' dir='ltr'><strong>sancti,</strong></span> <span class='ocrx_word' id='word_1_125' title='bbox 908 2235 966 2308; x_wconf 90' lang='lat' dir='ltr'><strong>tihi</strong></span> <span class='ocrx_word' id='word_1_126' title='bbox 979 2239 1214 2312; x_wconf 84' lang='lat' dir='ltr'><strong>ministrantes.</strong></span> <span class='ocrx_word' id='word_1_127' title='bbox 1266 2235 1341 2309; x_wconf 86' lang='lat' dir='ltr'><strong>Tibi</strong></span> <span class='ocrx_word' id='word_1_128' title='bbox 1357 2240 1515 2310; x_wconf 87' lang='lat' dir='ltr'><strong>assistunt</strong></span> <span class='ocrx_word' id='word_1_129' title='bbox 1536 2261 1662 2327; x_wconf 67' lang='lat' dir='ltr'><strong>coram.</strong></span> <span class='ocrx_word' id='word_1_130' title='bbox 1681 2239 1775 2311; x_wconf 90' lang='lat' dir='ltr'><strong>duo·</strong></span> 
     </span>
    </p>

    <p class='ocr_par' dir='ltr' id='par_1_8' title="bbox 373 2352 1750 2451">
     <span class='ocr_line' id='line_1_16' title="bbox 373 2352 1750 2451; baseline -0.001 -23"><span class='ocrx_word' id='word_1_131' title='bbox 373 2353 526 2428; x_wconf 88' lang='lat' dir='ltr'><strong>animalia</strong></span> <span class='ocrx_word' id='word_1_132' title='bbox 553 2354 797 2447; x_wconf 88' lang='lat' dir='ltr'><strong>gloriosissima</strong></span> <span class='ocrx_word' id='word_1_133' title='bbox 832 2375 896 2425; x_wconf 83' lang='lat' dir='ltr'><strong>sex</strong></span> <span class='ocrx_word' id='word_1_134' title='bbox 923 2352 984 2427; x_wconf 87' lang='lat' dir='ltr'><strong>alis</strong></span> <span class='ocrx_word' id='word_1_135' title='bbox 1011 2355 1191 2445; x_wconf 87' lang='lat' dir='ltr'><strong>instructa,</strong></span> <span class='ocrx_word' id='word_1_136' title='bbox 1229 2353 1329 2451; x_wconf 90' lang='lat' dir='ltr'><strong>plena</strong></span> <span class='ocrx_word' id='word_1_137' title='bbox 1358 2353 1486 2444; x_wconf 74' lang='lat' dir='ltr'><strong>oculis,</strong></span> <span class='ocrx_word' id='word_1_138' title='bbox 1513 2354 1688 2451; x_wconf 83' lang='lat' dir='ltr'><strong>Seraphim</strong></span> <span class='ocrx_word' id='word_1_139' title='bbox 1715 2364 1750 2427; x_wconf 90' lang='lat' dir='ltr'><strong>et</strong></span> 
     </span>
    </p>

    <p class='ocr_par' dir='ltr' id='par_1_9' title="bbox 371 2461 2076 2776">
     <span class='ocr_line' id='line_1_17' title="bbox 373 2461 2076 2568; baseline -0.002 -22"><span class='ocrx_word' id='word_1_140' title='bbox 373 2471 568 2546; x_wconf 86' lang='lat' dir='ltr'><strong>Cherubim:</strong></span> <span class='ocrx_word' id='word_1_141' title='bbox 604 2469 731 2544; x_wconf 87' lang='lat' dir='ltr'><strong>duabus</strong></span> <span class='ocrx_word' id='word_1_142' title='bbox 765 2470 825 2542; x_wconf 89' lang='lat' dir='ltr'><strong>alis</strong></span> <span class='ocrx_word' id='word_1_143' title='bbox 860 2479 976 2562; x_wconf 90' lang='lat' dir='ltr'><strong>tegunt</strong></span> <span class='ocrx_word' id='word_1_144' title='bbox 1008 2469 1112 2541; x_wconf 87' lang='lat' dir='ltr'><strong>iacies</strong></span> <span class='ocrx_word' id='word_1_145' title='bbox 1140 2493 1235 2564; x_wconf 86' lang='lat' dir='ltr'><strong>suas,</strong></span> <span class='ocrx_word' id='word_1_146' title='bbox 1262 2480 1401 2568; x_wconf 86' lang='lat' dir='ltr'><strong>propter</strong></span> <span class='ocrx_word' id='word_1_147' title='bbox 1427 2470 1632 2544; x_wconf 88' lang='lat' dir='ltr'><strong>divinitatem</strong></span> <span class='ocrx_word' id='word_1_148' title='bbox 1658 2482 1748 2544; x_wconf 89' lang='lat' dir='ltr'><strong>tuam</strong></span> <span class='ocrx_word' id='word_1_149' title='bbox 1793 2461 1841 2512; x_wconf 68' lang='lat'><strong>¹¹⁵⁶</strong></span> <span class='ocrx_word' id='word_1_150' title='bbox 1855 2463 2076 2532; x_wconf 70' lang='lat' dir='ltr'><strong>⁸⁶9”⁰&#39;P&#39;⁰P⁰³l“</strong></span> 
     </span>
     <span class='ocr_line' id='line_1_18' title="bbox 371 2547 1844 2684; baseline 0.003 -26"><span class='ocrx_word' id='word_1_151' title='bbox 371 2587 585 2679; x_wconf 72' lang='lat' dir='ltr'><strong>invisibilem,</strong></span> <span class='ocrx_word' id='word_1_152' title='bbox 611 2610 676 2658; x_wconf 91' lang='lat' dir='ltr'><strong>nec</strong></span> <span class='ocrx_word' id='word_1_153' title='bbox 701 2595 812 2658; x_wconf 91' lang='lat' dir='ltr'><strong>mente</strong></span> <span class='ocrx_word' id='word_1_154' title='bbox 839 2585 1189 2682; x_wconf 84' lang='lat' dir='ltr'><strong>comprehensibilem:</strong></span> <span class='ocrx_word' id='word_1_155' title='bbox 1222 2586 1349 2659; x_wconf 89' lang='lat' dir='ltr'><strong>duabus</strong></span> <span class='ocrx_word' id='word_1_156' title='bbox 1372 2593 1500 2680; x_wconf 79' lang='lat' dir='ltr'><strong>&#39;legum</strong></span> <span class='ocrx_word' id='word_1_157' title='bbox 1534 2588 1639 2684; x_wconf 89' lang='lat' dir='ltr'><strong>pedes</strong></span> <span class='ocrx_word' id='word_1_158' title='bbox 1668 2547 1844 2662; x_wconf 57' lang='lat' dir='ltr'><strong>suosml&#39;</strong></span> 
     </span>
     <span class='ocr_line' id='line_1_19' title="bbox 373 2702 719 2776; baseline -0.006 0"><span class='ocrx_word' id='word_1_159' title='bbox 373 2713 410 2776; x_wconf 91' lang='lat' dir='ltr'><strong>et</strong></span> <span class='ocrx_word' id='word_1_160' title='bbox 436 2703 561 2776; x_wconf 90' lang='lat' dir='ltr'><strong>duabus</strong></span> <span class='ocrx_word' id='word_1_161' title='bbox 588 2702 719 2776; x_wconf 88' lang='lat' dir='ltr'><strong>volant:</strong></span> 
     </span>
    </p>

    <p class='ocr_par' dir='ltr' id='par_1_10' title="bbox 373 2816 1751 3144">
     <span class='ocr_line' id='line_1_20' title="bbox 478 2816 1749 2916; baseline 0.002 -25"><span class='ocrx_word' id='word_1_162' title='bbox 478 2819 653 2892; x_wconf 82' lang='lat' dir='ltr'><strong>Sacerdos</strong></span> <span class='ocrx_word' id='word_1_163' title='bbox 678 2819 751 2890; x_wconf 85' lang='lat' dir='ltr'><strong>alta</strong></span> <span class='ocrx_word' id='word_1_164' title='bbox 776 2840 871 2890; x_wconf 88' lang='lat' dir='ltr'><strong>oeae.</strong></span> <span class='ocrx_word' id='word_1_165' title='bbox 924 2816 1159 2914; x_wconf 87' lang='lat' dir='ltr'><strong>Unusquisque</strong></span> <span class='ocrx_word' id='word_1_166' title='bbox 1186 2841 1303 2891; x_wconf 86' lang='lat' dir='ltr'><strong>eorum</strong></span> <span class='ocrx_word' id='word_1_167' title='bbox 1330 2843 1465 2916; x_wconf 91' lang='lat' dir='ltr'><strong>semper</strong></span> <span class='ocrx_word' id='word_1_168' title='bbox 1491 2830 1525 2894; x_wconf 90' lang='lat' dir='ltr'><strong>te</strong></span> <span class='ocrx_word' id='word_1_169' title='bbox 1552 2819 1749 2894; x_wconf 85' lang='lat' dir='ltr'><strong>sanctificat:</strong></span> 
     </span>
     <span class='ocr_line' id='line_1_21' title="bbox 373 2935 1751 3032; baseline 0.001 -23"><span class='ocrx_word' id='word_1_170' title='bbox 373 2936 435 3010; x_wconf 90' lang='lat' dir='ltr'><strong>sed</strong></span> <span class='ocrx_word' id='word_1_171' title='bbox 462 2947 597 3008; x_wconf 92' lang='lat' dir='ltr'><strong>etcum</strong></span> <span class='ocrx_word' id='word_1_172' title='bbox 624 2936 776 3008; x_wconf 90' lang='lat' dir='ltr'><strong>omnihus</strong></span> <span class='ocrx_word' id='word_1_173' title='bbox 804 2937 859 3031; x_wconf 92' lang='lat' dir='ltr'><strong>qui</strong></span> <span class='ocrx_word' id='word_1_174' title='bbox 885 2943 919 3006; x_wconf 87' lang='lat' dir='ltr'><strong>te</strong></span> <span class='ocrx_word' id='word_1_175' title='bbox 946 2935 1169 3026; x_wconf 75' lang='lat' dir='ltr'><strong>sanctificant,</strong></span> <span class='ocrx_word' id='word_1_176' title='bbox 1198 2938 1331 3032; x_wconf 90' lang='lat' dir='ltr'><strong>suscipe</strong></span> <span class='ocrx_word' id='word_1_177' title='bbox 1358 2959 1491 3032; x_wconf 87' lang='lat' dir='ltr'><strong>quoque</strong></span> <span class='ocrx_word' id='word_1_178' title='bbox 1509 2939 1751 3010; x_wconf 85' lang='lat' dir='ltr'><strong>sanctificatio-</strong></span> 
     </span>
     <span class='ocr_line' id='line_1_22' title="bbox 373 3050 1699 3144; baseline 0 -19"><span class='ocrx_word' id='word_1_179' title='bbox 373 3075 451 3125; x_wconf 94' lang='lat' dir='ltr'><strong>nem</strong></span> <span class='ocrx_word' id='word_1_180' title='bbox 477 3063 626 3126; x_wconf 87' lang='lat' dir='ltr'><strong>nostram</strong></span> <span class='ocrx_word' id='word_1_181' title='bbox 652 3075 671 3124; x_wconf 89' lang='lat' dir='ltr'><strong>a</strong></span> <span class='ocrx_word' id='word_1_182' title='bbox 700 3050 809 3142; x_wconf 80' lang='lat' dir='ltr'><strong>nobis,</strong></span> <span class='ocrx_word' id='word_1_183' title='bbox 830 3051 985 3141; x_wconf 72' lang='lat' dir='ltr'><strong>Domine,</strong></span> <span class='ocrx_word' id='word_1_184' title='bbox 1012 3060 1047 3121; x_wconf 93' lang='lat' dir='ltr'><strong>ut</strong></span> <span class='ocrx_word' id='word_1_185' title='bbox 1073 3073 1148 3121; x_wconf 91' lang='lat' dir='ltr'><strong>cum</strong></span> <span class='ocrx_word' id='word_1_186' title='bbox 1176 3051 1241 3124; x_wconf 93' lang='lat' dir='ltr'><strong>illis</strong></span> <span class='ocrx_word' id='word_1_187' title='bbox 1269 3062 1302 3123; x_wconf 93' lang='lat' dir='ltr'><strong>te</strong></span> <span class='ocrx_word' id='word_1_188' title='bbox 1329 3052 1513 3144; x_wconf 70' lang='lat' dir='ltr'><strong>laudemus,</strong></span> <span class='ocrx_word' id='word_1_189' title='bbox 1541 3053 1699 3125; x_wconf 89' lang='lat' dir='ltr'><strong>dicentes.</strong></span> 
     </span>
    </p>

    <p class='ocr_par' dir='ltr' id='par_1_11' title="bbox 479 3163 1212 3262">
     <span class='ocr_line' id='line_1_23' title="bbox 479 3163 1212 3262; baseline -0.003 -22"><span class='ocrx_word' id='word_1_190' title='bbox 479 3169 639 3262; x_wconf 81' lang='lat' dir='ltr'><strong>Populus.</strong></span> <span class='ocrx_word' id='word_1_191' title='bbox 665 3163 670 3170; x_wconf 65' lang='grc'>’</span> <span class='ocrx_word' id='word_1_192' title='bbox 693 3168 849 3257; x_wconf 76' lang='lat' dir='ltr'><strong>Sanctus,</strong></span> <span class='ocrx_word' id='word_1_193' title='bbox 877 3165 1032 3255; x_wconf 72' lang='lat' dir='ltr'><strong>Sanctus,</strong></span> <span class='ocrx_word' id='word_1_194' title='bbox 1059 3165 1212 3240; x_wconf 86' lang='lat' dir='ltr'><strong>Sanctus.</strong></span> 
     </span>
    </p>

    <p class='ocr_par' dir='ltr' id='par_1_12' title="bbox 374 3282 1753 3962">
     <span class='ocr_line' id='line_1_24' title="bbox 479 3282 1752 3379; baseline 0.003 -24"><span class='ocrx_word' id='word_1_195' title='bbox 479 3285 663 3357; x_wconf 80' lang='lat' dir='ltr'><strong>Sacerdos.</strong></span> <span class='ocrx_word' id='word_1_196' title='bbox 717 3284 811 3357; x_wconf 85' lang='lat' dir='ltr'><strong>Vere</strong></span> <span class='ocrx_word' id='word_1_197' title='bbox 847 3282 935 3379; x_wconf 90' lang='lat' dir='ltr'><strong>pleni</strong></span> <span class='ocrx_word' id='word_1_198' title='bbox 968 3295 1044 3356; x_wconf 89' lang='lat' dir='ltr'><strong>sunt</strong></span> <span class='ocrx_word' id='word_1_199' title='bbox 1074 3283 1161 3355; x_wconf 92' lang='lat' dir='ltr'><strong>coeli</strong></span> <span class='ocrx_word' id='word_1_200' title='bbox 1195 3293 1230 3355; x_wconf 92' lang='lat' dir='ltr'><strong>et</strong></span> <span class='ocrx_word' id='word_1_201' title='bbox 1265 3295 1354 3356; x_wconf 86' lang='lat' dir='ltr'><strong>terra</strong></span> <span class='ocrx_word' id='word_1_202' title='bbox 1390 3285 1499 3377; x_wconf 88' lang='lat' dir='ltr'><strong>gloria</strong></span> <span class='ocrx_word' id='word_1_203' title='bbox 1534 3297 1590 3358; x_wconf 89' lang='lat' dir='ltr'><strong>tua</strong></span> <span class='ocrx_word' id='word_1_204' title='bbox 1623 3297 1752 3375; x_wconf 72' lang='lat' dir='ltr'><strong>saneta,</strong></span> 
     </span>
     <span class='ocr_line' id='line_1_25' title="bbox 374 3399 1753 3498; baseline 0.001 -26"><span class='ocrx_word' id='word_1_205' title='bbox 374 3422 438 3498; x_wconf 89' lang='lat' dir='ltr'><strong>per</strong></span> <span class='ocrx_word' id='word_1_206' title='bbox 462 3401 580 3474; x_wconf 87' lang='lat' dir='ltr'><strong>Filium</strong></span> <span class='ocrx_word' id='word_1_207' title='bbox 607 3411 696 3473; x_wconf 92' lang='lat' dir='ltr'><strong>tuum</strong></span> <span class='ocrx_word' id='word_1_208' title='bbox 721 3404 922 3494; x_wconf 87' lang='lat' dir='ltr'><strong>unigenitum</strong></span> <span class='ocrx_word' id='word_1_209' title='bbox 948 3401 1142 3490; x_wconf 78' lang='lat' dir='ltr'><strong>Dominum,</strong></span> <span class='ocrx_word' id='word_1_210' title='bbox 1168 3402 1296 3492; x_wconf 83' lang='lat' dir='ltr'><strong>Deum,</strong></span> <span class='ocrx_word' id='word_1_211' title='bbox 1322 3399 1534 3475; x_wconf 86' lang='lat' dir='ltr'><strong>Salvatorem</strong></span> <span class='ocrx_word' id='word_1_212' title='bbox 1561 3413 1596 3474; x_wconf 91' lang='lat' dir='ltr'><strong>et</strong></span> <span class='ocrx_word' id='word_1_213' title='bbox 1621 3401 1753 3494; x_wconf 84' lang='lat' dir='ltr'><strong>Regem</strong></span> 
     </span>
     <span class='ocr_line' id='line_1_26' title="bbox 375 3515 1752 3612; baseline -0.001 -22"><span class='ocrx_word' id='word_1_214' title='bbox 375 3528 525 3590; x_wconf 91' lang='lat' dir='ltr'><strong>nostrum</strong></span> <span class='ocrx_word' id='word_1_215' title='bbox 551 3522 698 3590; x_wconf 90' lang='lat' dir='ltr'><strong>omnium</strong></span> <span class='ocrx_word' id='word_1_216' title='bbox 722 3517 837 3590; x_wconf 89' lang='lat' dir='ltr'><strong>Jesum</strong></span> <span class='ocrx_word' id='word_1_217' title='bbox 865 3517 1040 3590; x_wconf 85' lang='lat' dir='ltr'><strong>Christum.</strong></span> <span class='ocrx_word' id='word_1_218' title='bbox 1095 3515 1199 3612; x_wconf 90' lang='lat' dir='ltr'><strong>lmple</strong></span> <span class='ocrx_word' id='word_1_219' title='bbox 1224 3515 1289 3588; x_wconf 91' lang='lat' dir='ltr'><strong>hoc</strong></span> <span class='ocrx_word' id='word_1_220' title='bbox 1316 3518 1509 3590; x_wconf 84' lang='lat' dir='ltr'><strong>sacrificium</strong></span> <span class='ocrx_word' id='word_1_221' title='bbox 1537 3529 1647 3610; x_wconf 86' lang='lat' dir='ltr'><strong>tuum,</strong></span> <span class='ocrx_word' id='word_1_222' title='bbox 1672 3519 1752 3589; x_wconf 92' lang='lat' dir='ltr'><strong>Do-</strong></span> 
     </span>
     <span class='ocr_line' id='line_1_27' title="bbox 376 3632 1752 3732; baseline 0.002 -28"><span class='ocrx_word' id='word_1_223' title='bbox 376 3636 478 3721; x_wconf 74' lang='lat' dir='ltr'><strong>mius,</strong></span> <span class='ocrx_word' id='word_1_224' title='bbox 503 3633 735 3706; x_wconf 89' lang='lat' dir='ltr'><strong>benedictione</strong></span> <span class='ocrx_word' id='word_1_225' title='bbox 769 3656 855 3730; x_wconf 86' lang='lat' dir='ltr'><strong>quae</strong></span> <span class='ocrx_word' id='word_1_226' title='bbox 889 3643 970 3706; x_wconf 89' lang='lat' dir='ltr'><strong>ate</strong></span> <span class='ocrx_word' id='word_1_227' title='bbox 1003 3643 1055 3706; x_wconf 91' lang='lat' dir='ltr'><strong>est</strong></span> <span class='ocrx_word' id='word_1_228' title='bbox 1080 3656 1143 3729; x_wconf 88' lang='lat' dir='ltr'><strong>per</strong></span> <span class='ocrx_word' id='word_1_229' title='bbox 1176 3632 1329 3728; x_wconf 88' lang='lat' dir='ltr'><strong>illapsum</strong></span> <span class='ocrx_word' id='word_1_230' title='bbox 1360 3655 1461 3730; x_wconf 89' lang='lat' dir='ltr'><strong>super</strong></span> <span class='ocrx_word' id='word_1_231' title='bbox 1494 3636 1585 3708; x_wconf 90' lang='lat' dir='ltr'><strong>illam</strong></span> <span class='ocrx_word' id='word_1_232' title='bbox 1618 3638 1752 3732; x_wconf 87' lang='lat' dir='ltr'><strong>spiritus</strong></span> 
     </span>
     <span class='ocr_line' id='line_1_28' title="bbox 374 3743 1752 3848; baseline 0 -28"><span class='ocrx_word' id='word_1_233' title='bbox 374 3753 424 3821; x_wconf 89' lang='lat' dir='ltr'><strong>tui</strong></span> <span class='ocrx_word' id='word_1_234' title='bbox 451 3748 573 3821; x_wconf 87' lang='lat' dir='ltr'><strong>Sancti.</strong></span> <span class='ocrx_word' id='word_1_235' title='bbox 602 3750 653 3836; x_wconf 64' lang='grc' dir='ltr'><strong>-Ρ</strong></span> <span class='ocrx_word' id='word_1_236' title='bbox 673 3749 800 3822; x_wconf 86' lang='lat' dir='ltr'><strong>Amen:</strong></span> <span class='ocrx_word' id='word_1_237' title='bbox 837 3758 871 3822; x_wconf 91' lang='lat' dir='ltr'><strong>et</strong></span> <span class='ocrx_word' id='word_1_238' title='bbox 904 3749 1137 3823; x_wconf 88' lang='lat' dir='ltr'><strong>benedictione</strong></span> <span class='ocrx_word' id='word_1_239' title='bbox 1162 3746 1313 3821; x_wconf 86' lang='lat' dir='ltr'><strong>benedic.</strong></span> <span class='ocrx_word' id='word_1_240' title='bbox 1340 3743 1396 3838; x_wconf 54' lang='grc' dir='ltr'>Ρ</span> <span class='ocrx_word' id='word_1_241' title='bbox 1422 3750 1546 3823; x_wconf 92' lang='lat' dir='ltr'><strong>Amen:</strong></span> <span class='ocrx_word' id='word_1_242' title='bbox 1573 3762 1608 3824; x_wconf 89' lang='lat' dir='ltr'><strong>et</strong></span> <span class='ocrx_word' id='word_1_243' title='bbox 1633 3748 1752 3848; x_wconf 88' lang='lat' dir='ltr'><strong>purifi-</strong></span> 
     </span>
     <span class='ocr_line' id='line_1_29' title="bbox 376 3864 1752 3962; baseline 0.001 -26"><span class='ocrx_word' id='word_1_244' title='bbox 376 3869 510 3938; x_wconf 88' lang='lat' dir='ltr'><strong>catione</strong></span> <span class='ocrx_word' id='word_1_245' title='bbox 535 3865 685 3960; x_wconf 77' lang='lat' dir='ltr'><strong>putueo,</strong></span> <span class='ocrx_word' id='word_1_246' title='bbox 711 3865 831 3936; x_wconf 86' lang='lat' dir='ltr'><strong>Amen.</strong></span> <span class='ocrx_word' id='word_1_247' title='bbox 884 3865 978 3938; x_wconf 88' lang='lat' dir='ltr'><strong>Haec</strong></span> <span class='ocrx_word' id='word_1_248' title='bbox 1005 3866 1092 3939; x_wconf 86' lang='lat' dir='ltr'><strong>dona</strong></span> <span class='ocrx_word' id='word_1_249' title='bbox 1119 3875 1175 3937; x_wconf 89' lang='lat' dir='ltr'><strong>tua</strong></span> <span class='ocrx_word' id='word_1_250' title='bbox 1205 3864 1398 3938; x_wconf 86' lang='lat' dir='ltr'><strong>veneranda</strong></span> <span class='ocrx_word' id='word_1_251' title='bbox 1431 3871 1606 3962; x_wconf 86' lang='lat' dir='ltr'><strong>proposita</strong></span> <span class='ocrx_word' id='word_1_252' title='bbox 1638 3889 1752 3940; x_wconf 88' lang='lat' dir='ltr'><strong>coram</strong></span> 
     </span>
    </p>
   </div>
   <div class='ocr_carea' id='block_1_3' title="bbox 1766 3713 2008 3866">
    <p class='ocr_par' dir='ltr' id='par_1_13' title="bbox 1766 3713 2008 3866">
     <span class='ocr_line' id='line_1_30' title="bbox 1766 3713 2008 3779; baseline 0.004 -15"><span class='ocrx_word' id='word_1_253' title='bbox 1766 3730 1784 3764; x_wconf 88' lang='lat' dir='ltr'><strong>a</strong></span> <span class='ocrx_word' id='word_1_254' title='bbox 1792 3713 1880 3779; x_wconf 75' lang='lat' dir='ltr'><strong>Slpaat</strong></span> <span class='ocrx_word' id='word_1_255' title='bbox 1891 3713 2008 3765; x_wconf 79' lang='lat' dir='ltr'><strong>secundo.</strong></span> 
     </span>
     <span class='ocr_line' id='line_1_31' title="bbox 1766 3797 1965 3866; baseline 0.015 -18"><span class='ocrx_word' id='word_1_256' title='bbox 1766 3797 1875 3866; x_wconf 70' lang='lat' dir='ltr'><strong>bSt&#39;quat</strong></span> <span class='ocrx_word' id='word_1_257' title='bbox 1888 3801 1965 3851; x_wconf 86' lang='lat' dir='ltr'><strong>lertio.</strong></span> 
     </span>
    </p>
   </div>
   <div class='ocr_carea' id='block_1_4' title="bbox 376 3980 1754 4660">
    <p class='ocr_par' dir='ltr' id='par_1_14' title="bbox 376 3980 1754 4660">
     <span class='ocr_line' id='line_1_32' title="bbox 377 3980 1753 4078; baseline 0.003 -26"><span class='ocrx_word' id='word_1_258' title='bbox 377 3991 424 4070; x_wconf 72' lang='lat' dir='ltr'><strong>te,</strong></span> <span class='ocrx_word' id='word_1_259' title='bbox 449 3980 535 4052; x_wconf 91' lang='lat' dir='ltr'><strong>hunc</strong></span> <span class='ocrx_word' id='word_1_260' title='bbox 561 4003 680 4076; x_wconf 91' lang='lat' dir='ltr'><strong>panem</strong></span> <span class='ocrx_word' id='word_1_261' title='bbox 707 3991 743 4053; x_wconf 92' lang='lat' dir='ltr'><strong>et</strong></span> <span class='ocrx_word' id='word_1_262' title='bbox 767 3980 853 4053; x_wconf 91' lang='lat' dir='ltr'><strong>hunc</strong></span> <span class='ocrx_word' id='word_1_263' title='bbox 879 3982 1032 4054; x_wconf 88' lang='lat' dir='ltr'><strong>calicem.</strong></span> <span class='ocrx_word' id='word_1_264' title='bbox 1085 3982 1218 4078; x_wconf 84' lang='lat' dir='ltr'><strong>Quippe</strong></span> <span class='ocrx_word' id='word_1_265' title='bbox 1243 3981 1346 4054; x_wconf 88' lang='lat' dir='ltr'><strong>Filius</strong></span> <span class='ocrx_word' id='word_1_266' title='bbox 1369 3993 1442 4054; x_wconf 90' lang='lat' dir='ltr'><strong>tuus</strong></span> <span class='ocrx_word' id='word_1_267' title='bbox 1463 3986 1652 4076; x_wconf 88' lang='lat' dir='ltr'><strong>unigenitus</strong></span> <span class='ocrx_word' id='word_1_268' title='bbox 1673 3986 1753 4057; x_wconf 90' lang='lat' dir='ltr'><strong>Do-</strong></span> 
     </span>
     <span class='ocr_line' id='line_1_33' title="bbox 376 4096 1754 4190; baseline 0.001 -21"><span class='ocrx_word' id='word_1_269' title='bbox 376 4101 496 4187; x_wconf 81' lang='lat' dir='ltr'><strong>minus,</strong></span> <span class='ocrx_word' id='word_1_270' title='bbox 522 4099 628 4188; x_wconf 79' lang='lat' dir='ltr'><strong>Deus,</strong></span> <span class='ocrx_word' id='word_1_271' title='bbox 655 4096 815 4170; x_wconf 87' lang='lat' dir='ltr'><strong>Salvator</strong></span> <span class='ocrx_word' id='word_1_272' title='bbox 841 4107 875 4170; x_wconf 92' lang='lat' dir='ltr'><strong>et</strong></span> <span class='ocrx_word' id='word_1_273' title='bbox 899 4120 964 4170; x_wconf 84' lang='lat' dir='ltr'><strong>rex</strong></span> <span class='ocrx_word' id='word_1_274' title='bbox 985 4108 1101 4172; x_wconf 92' lang='lat' dir='ltr'><strong>noster</strong></span> <span class='ocrx_word' id='word_1_275' title='bbox 1121 4101 1265 4170; x_wconf 92' lang='lat' dir='ltr'><strong>omnium</strong></span> <span class='ocrx_word' id='word_1_276' title='bbox 1280 4099 1381 4172; x_wconf 89' lang='lat' dir='ltr'><strong>Jesus</strong></span> <span class='ocrx_word' id='word_1_277' title='bbox 1404 4097 1567 4190; x_wconf 78' lang='lat' dir='ltr'><strong>Christus,</strong></span> <span class='ocrx_word' id='word_1_278' title='bbox 1594 4123 1635 4172; x_wconf 87' lang='lat' dir='ltr'><strong>ea</strong></span> <span class='ocrx_word' id='word_1_279' title='bbox 1653 4109 1754 4172; x_wconf 91' lang='lat' dir='ltr'><strong>noete</strong></span> 
     </span>
     <span class='ocr_line' id='line_1_34' title="bbox 378 4212 1752 4311; baseline 0.001 -27"><span class='ocrx_word' id='word_1_280' title='bbox 378 4235 445 4308; x_wconf 90' lang='lat' dir='ltr'><strong>qua</strong></span> <span class='ocrx_word' id='word_1_281' title='bbox 473 4212 604 4285; x_wconf 88' lang='lat' dir='ltr'><strong>tradidit</strong></span> <span class='ocrx_word' id='word_1_282' title='bbox 629 4235 667 4286; x_wconf 92' lang='lat' dir='ltr'><strong>se</strong></span> <span class='ocrx_word' id='word_1_283' title='bbox 694 4217 813 4308; x_wconf 80' lang='lat' dir='ltr'><strong>ipsum,</strong></span> <span class='ocrx_word' id='word_1_284' title='bbox 840 4224 876 4287; x_wconf 89' lang='lat' dir='ltr'><strong>ut</strong></span> <span class='ocrx_word' id='word_1_285' title='bbox 900 4224 1071 4311; x_wconf 84' lang='lat' dir='ltr'><strong>paterehrr</strong></span> <span class='ocrx_word' id='word_1_286' title='bbox 1105 4237 1167 4310; x_wconf 94' lang='lat' dir='ltr'><strong>pro</strong></span> <span class='ocrx_word' id='word_1_287' title='bbox 1202 4218 1523 4310; x_wconf 83' lang='lat' dir='ltr'><strong>peccatisnostris,</strong></span> <span class='ocrx_word' id='word_1_288' title='bbox 1550 4227 1627 4288; x_wconf 86' lang='lat' dir='ltr'><strong>ante</strong></span> <span class='ocrx_word' id='word_1_289' title='bbox 1653 4236 1752 4288; x_wconf 89' lang='lat' dir='ltr'><strong>mor-</strong></span> 
     </span>
     <span class='ocr_line' id='line_1_35' title="bbox 376 4330 1611 4428; baseline 0.004 -29"><span class='ocrx_word' id='word_1_290' title='bbox 376 4338 456 4419; x_wconf 63' lang='lat' dir='ltr'><strong>tem,</strong></span> <span class='ocrx_word' id='word_1_291' title='bbox 485 4351 583 4423; x_wconf 90' lang='lat' dir='ltr'><strong>quam</strong></span> <span class='ocrx_word' id='word_1_292' title='bbox 609 4334 745 4425; x_wconf 86' lang='lat' dir='ltr'><strong>propria</strong></span> <span class='ocrx_word' id='word_1_293' title='bbox 772 4353 832 4402; x_wconf 90' lang='lat' dir='ltr'><strong>sua</strong></span> <span class='ocrx_word' id='word_1_294' title='bbox 858 4330 1030 4404; x_wconf 88' lang='lat' dir='ltr'><strong>voluntate</strong></span> <span class='ocrx_word' id='word_1_295' title='bbox 1057 4335 1206 4428; x_wconf 87' lang='lat' dir='ltr'><strong>suscepit</strong></span> <span class='ocrx_word' id='word_1_296' title='bbox 1231 4353 1294 4428; x_wconf 95' lang='lat' dir='ltr'><strong>pro</strong></span> <span class='ocrx_word' id='word_1_297' title='bbox 1320 4330 1419 4404; x_wconf 90' lang='lat' dir='ltr'><strong>uobis</strong></span> <span class='ocrx_word' id='word_1_298' title='bbox 1448 4331 1611 4405; x_wconf 88' lang='lat' dir='ltr'><strong>omuibus.</strong></span> 
     </span>
     <span class='ocr_line' id='line_1_36' title="bbox 481 4445 879 4539; baseline 0.01 -24"><span class='ocrx_word' id='word_1_299' title='bbox 481 4445 643 4539; x_wconf 84' lang='lat' dir='ltr'><strong>Populus.</strong></span> <span class='ocrx_word' id='word_1_300' title='bbox 695 4445 879 4519; x_wconf 87' lang='lat' dir='ltr'><strong>Credimus.</strong></span> 
     </span>
     <span class='ocr_line' id='line_1_37' title="bbox 481 4560 1753 4660; baseline 0.006 -28"><span class='ocrx_word' id='word_1_301' title='bbox 481 4560 665 4634; x_wconf 84' lang='lat' dir='ltr'><strong>Sacerdos.</strong></span> <span class='ocrx_word' id='word_1_302' title='bbox 717 4563 861 4660; x_wconf 84' lang='lat' dir='ltr'><strong>Accepit</strong></span> <span class='ocrx_word' id='word_1_303' title='bbox 885 4587 1007 4660; x_wconf 90' lang='lat' dir='ltr'><strong>panem</strong></span> <span class='ocrx_word' id='word_1_304' title='bbox 1032 4567 1066 4636; x_wconf 91' lang='lat' dir='ltr'><strong>iu</strong></span> <span class='ocrx_word' id='word_1_305' title='bbox 1091 4586 1209 4637; x_wconf 87' lang='lat' dir='ltr'><strong>manus</strong></span> <span class='ocrx_word' id='word_1_306' title='bbox 1236 4585 1316 4638; x_wconf 87' lang='lat' dir='ltr'><strong>suas</strong></span> <span class='ocrx_word' id='word_1_307' title='bbox 1343 4575 1489 4657; x_wconf 81' lang='lat' dir='ltr'><strong>sanctas,</strong></span> <span class='ocrx_word' id='word_1_308' title='bbox 1515 4565 1753 4657; x_wconf 81' lang='lat' dir='ltr'><strong>immaculatas,</strong></span> 
     </span>
    </p>
   </div>
   <div class='ocr_carea' id='block_1_5' title="bbox 377 4675 1756 5104">
    <p class='ocr_par' dir='ltr' id='par_1_15' title="bbox 377 4675 1756 4893">
     <span class='ocr_line' id='line_1_38' title="bbox 378 4675 1756 4777; baseline 0.007 -30"><span class='ocrx_word' id='word_1_309' title='bbox 378 4698 501 4772; x_wconf 82' lang='lat' dir='ltr'><strong>puras,</strong></span> <span class='ocrx_word' id='word_1_310' title='bbox 535 4675 673 4768; x_wconf 80' lang='lat' dir='ltr'><strong>beatas,</strong></span> <span class='ocrx_word' id='word_1_311' title='bbox 700 4688 734 4751; x_wconf 90' lang='lat' dir='ltr'><strong>et</strong></span> <span class='ocrx_word' id='word_1_312' title='bbox 759 4679 989 4772; x_wconf 74' lang='lat' dir='ltr'><strong>vivificantes,</strong></span> <span class='ocrx_word' id='word_1_313' title='bbox 1021 4691 1055 4752; x_wconf 91' lang='lat' dir='ltr'><strong>et</strong></span> <span class='ocrx_word' id='word_1_314' title='bbox 1081 4686 1234 4777; x_wconf 86' lang='lat' dir='ltr'><strong>suspexit</strong></span> <span class='ocrx_word' id='word_1_315' title='bbox 1267 4686 1301 4753; x_wconf 95' lang='lat' dir='ltr'><strong>iu</strong></span> <span class='ocrx_word' id='word_1_316' title='bbox 1328 4682 1482 4773; x_wconf 80' lang='lat' dir='ltr'><strong>coetum,</strong></span> <span class='ocrx_word' id='word_1_317' title='bbox 1513 4681 1555 4754; x_wconf 88' lang='lat' dir='ltr'><strong>ad</strong></span> <span class='ocrx_word' id='word_1_318' title='bbox 1587 4689 1620 4754; x_wconf 87' lang='lat' dir='ltr'><strong>te</strong></span> <span class='ocrx_word' id='word_1_319' title='bbox 1646 4684 1756 4757; x_wconf 91' lang='lat' dir='ltr'><strong>Deum</strong></span> 
     </span>
     <span class='ocr_line' id='line_1_39' title="bbox 377 4792 1411 4893; baseline 0.008 -29"><span class='ocrx_word' id='word_1_320' title='bbox 377 4792 511 4866; x_wconf 89' lang='lat' dir='ltr'><strong>Patrem</strong></span> <span class='ocrx_word' id='word_1_321' title='bbox 539 4815 645 4886; x_wconf 76' lang='lat' dir='ltr'><strong>suum,</strong></span> <span class='ocrx_word' id='word_1_322' title='bbox 672 4805 707 4868; x_wconf 92' lang='lat' dir='ltr'><strong>et</strong></span> <span class='ocrx_word' id='word_1_323' title='bbox 733 4798 877 4870; x_wconf 89' lang='lat' dir='ltr'><strong>omnium</strong></span> <span class='ocrx_word' id='word_1_324' title='bbox 902 4798 1093 4891; x_wconf 88' lang='lat' dir='ltr'><strong>Dominum,</strong></span> <span class='ocrx_word' id='word_1_325' title='bbox 1120 4807 1154 4872; x_wconf 90' lang='lat' dir='ltr'><strong>et</strong></span> <span class='ocrx_word' id='word_1_326' title='bbox 1180 4801 1306 4892; x_wconf 70' lang='lat' dir='ltr'><strong>gratim</strong></span> <span class='ocrx_word' id='word_1_327' title='bbox 1333 4802 1411 4893; x_wconf 86' lang='lat' dir='ltr'><strong>egit.</strong></span> 
     </span>
    </p>

    <p class='ocr_par' dir='ltr' id='par_1_16' title="bbox 482 4909 814 5004">
     <span class='ocr_line' id='line_1_40' title="bbox 482 4909 814 5004; baseline 0.015 -25"><span class='ocrx_word' id='word_1_328' title='bbox 482 4909 643 5004; x_wconf 86' lang='lat' dir='ltr'><strong>Papulas.</strong></span> <span class='ocrx_word' id='word_1_329' title='bbox 695 4913 814 4986; x_wconf 85' lang='lat' dir='ltr'><strong>Amen.</strong></span> 
     </span>
    </p>

    <p class='ocr_par' dir='ltr' id='par_1_17' title="bbox 482 5025 1085 5104">
     <span class='ocr_line' id='line_1_41' title="bbox 482 5025 1085 5104; baseline 0.012 -8"><span class='ocrx_word' id='word_1_330' title='bbox 482 5025 668 5101; x_wconf 85' lang='lat' dir='ltr'><strong>Sacerdos.</strong></span> <span class='ocrx_word' id='word_1_331' title='bbox 720 5028 764 5101; x_wconf 84' lang='lat' dir='ltr'><strong>Et</strong></span> <span class='ocrx_word' id='word_1_332' title='bbox 788 5027 961 5102; x_wconf 85' lang='lat' dir='ltr'><strong>benedixit</strong></span> <span class='ocrx_word' id='word_1_333' title='bbox 985 5030 1085 5104; x_wconf 89' lang='lat' dir='ltr'><strong>illum.</strong></span> 
     </span>
    </p>
   </div>
   <div class='ocr_carea' id='block_1_6' title="bbox 0 0 2354 6036">
    <p class='ocr_par' dir='ltr' id='par_1_18' title="bbox 0 0 2354 6036">
     <span class='ocr_line' id='line_1_42' title="bbox 0 0 2354 6036; baseline 0 0"><span class='ocrx_word' id='word_1_334' title='bbox 0 0 2354 6036; x_wconf 95' lang='lat' dir='ltr'><strong> </strong></span> 
     </span>
    </p>
   </div>
  </div>
 </body>
</html>
