4670 6046
394 1113 490 1232 in
541 1109 995 1230 ninunciln
1048 1111 1424 1234 cnlnoln
1559 1041 1563 1050 ’

730 1348 910 1426 sinent
941 1350 1119 1430 BASILII

644 1557 1207 1678 ALEXANDRINAM

503 1771 507 1780 ’
699 1921 703 1931 Α
837 1784 1013 1868 noran.

589 2298 810 2400 Arrnovpyt'or
842 2304 910 2372 τοῦ
932 2295 1041 2400 ἁγίου
1065 2297 1269 2375 Βασιλείου.

341 2515 434 2610 Quae
459 2523 497 2588 de
520 2523 577 2586 hac
599 2520 735 2604 Liturgia
758 2518 886 2583 dicenda
909 2527 994 2583 erant
1017 2517 1166 2599 explicata
1196 2526 1266 2581 sunt
1289 2527 1431 2600 quamum
1460 2537 1537 2602 opus
1559 2519 1615 2585 fun
1661 2538 1692 2591 P.
1710 2541 1757 2600 57.

240 2634 271 2695 in
300 2630 425 2714 praevia
455 2629 493 2690 de
509 2625 666 2706 ¹Liturgiis
688 2624 928 2703 Dissertatione‚
957 2640 1036 2704 quee
1063 2621 1113 2685 hic
1139 2617 1283 2704 r'epetere
1311 2621 1494 2705 superfluum
1523 2624 1616 2690 roret.

240 2730 316 2793 lllud
338 2728 438 2792 statim
461 2723 693 2802 observandum,
718 2722 826 2785 deesse
855 2723 886 2785 in
916 2721 1030 2786 Codice
1052 2720 1151 2804 Regio
1174 2739 1279 2784 omnes
1301 2723 1521 2803 propemodum
1545 2743 1620 2788 ora·

241 2833 338 2896 tiones
362 2825 619 2910 praeparatorios,
642 2841 710 2885 cum
732 2823 828 2904 prima
856 2823 896 2885 sit
919 2839 1055 2900 eaquae
1079 2819 1188 2882 dicitur
1209 2811 1539 2900 Καταπετᾶσματος,
1562 2821 1621 2884 etsi

242 2948 303 2993 non
326 2930 457 3010 integra,
480 2925 536 2988 sed
558 2924 664 3004 majori
687 2929 774 3003 parte
796 2923 907 2985 mutila.
942 2917 1016 2982 Eam
1038 2920 1175 3001 sequitur
1197 2918 1255 2982 alia
1279 2919 1415 3002 ejusdem
1438 2922 1619 3006 argumenti,

245 3027 413 3108 eodemque
436 3024 504 3088 loco
528 3021 694 3100 recitanda,
718 3039 795 3103 quae
819 3019 928 3084 dicitur
957 3035 1027 3080 esse
1051 3035 1090 3080 ex
1112 3017 1247 3102 Liturgia
1270 3020 1366 3082 sancti
1387 3019 1494 3083 Jacobi
1516 3019 1619 3084 fratris

243 3127 372 3190 Domini.
418 3124 451 3187 ln
474 3122 591 3186 Graeca
614 3131 713 3184 tamen
736 3119 856 3204 vulgari
878 3135 938 3180 non
966 3119 1128 3198 reperitur,
1153 3118 1207 3181 sed
1230 3119 1335 3199 paucis
1357 3118 1478 3182 mutatis
1506 3117 1621 3202 legitur

242 3220 796 3305 inCopticoexemplari211tetiam
826 3220 858 3280 in
888 3216 1022 3299 Syriacis
1052 3216 1221 3294 codicibns;
1248 3220 1329 3283 unde
1358 3227 1477 3284 constat
1504 3239 1620 3285 summa

242 3323 308 3404 ejus
332 3323 511 3404 antiquitas;
533 3320 602 3384 illos
626 3320 704 3382 enim
721 3317 856 3392 Graecis,
879 3314 984 3396 quales
1000 3314 1037 3378 ad
1060 3333 1116 3378 nos
1138 3335 1321 3398 pervenere,
1343 3321 1526 3384 vetustiores
1550 3339 1620 3384 esse

242 3419 400 3484 admodum
424 3419 588 3483 verisimile
612 3425 669 3496 est,
694 3425 726 3479 ut
748 3415 818 3480 alibi
848 3422 1027 3495 exponetur.
1071 3414 1176 3496 ltaque
1205 3416 1315 3478 desunt
1343 3417 1503 3482 Orationes
1531 3421 1619 3485 istae.

241 3520 270 3582 l.
303 3518 400 3591 Onam
436 3518 587 3584 Sacerdos
616 3517 753 3599 privatim
783 3513 871 3577 dicit:
915 3511 944 3578 2.
979 3515 1140 3594 Postquam
1175 3522 1388 3596 praeparatum
1423 3517 1479 3580 luit
1513 3517 1619 3582 altare.

245 3616 274 3684 3.
300 3618 469 3682 Gratiarum
493 3615 632 3696 actionis,
655 3632 732 3696 pune
755 3613 783 3675 in
801 3612 875 3676 dnas
898 3611 1001 3694 palles
1024 3611 1176 3692 dividitur,
1200 3615 1269 3694 quie
1285 3613 1438 3678 Diaconus
1461 3623 1531 3697 post
1553 3618 1622 3698 pri-

243 3735 320 3780 mam
341 3726 459 3800 partem
482 3715 625 3798 populum
649 3713 784 3776 hortetur
803 3711 840 3773 ad
853 3703 1010 3790 orandum,
1035 3711 1201 3775 secundum
1216 3713 1389 3778 Sacerdotis
1412 3715 1620 3780 intentionem.

244 3816 273 3878 l.
296 3815 402 3880 Oratio
425 3815 463 3878 ad
494 3813 659 3895 prothesin.
704 3814 737 3877 5.
766 3811 869 3874 Oratio
901 3809 1108 3874 absolutionis.
1153 3812 1183 3875 6.
1209 3811 1334 3874 Thuris:
1366 3821 1427 3876 tum
1449 3815 1620 3898 singulares

243 3912 281 3977 ed
303 3914 509 3996 Epistolnrum
531 3912 613 3976 Pauli
635 3919 666 3974 et
696 3910 928 3988 Catholicarum‚
957 3909 1138 3992 tandemque
1161 3911 1321 3993 Evangelii
1350 3912 1514 3976 lectiones:
1544 3933 1620 3996 quos

243 4015 380 4092 sequitur
402 4012 506 4076 Oratio
528 3997 833 4088 καταπετάσματος,
857 4028 913 4073 seu
936 4009 1008 4086 veli,
1030 4027 1047 4071 o
1071 4010 1156 4092 cujus
1172 4009 1230 4074 line
1240 4011 1343 4092 incipit
1356 4011 1462 4076 Codex
1482 4013 1621 4075 Graeco-

243 4110 403 4176 Arabicus.
446 4112 519 4176 llox
548 4111 644 4174 altera
674 4107 724 4170 illa
753 4109 890 4190 sequitur
919 4127 959 4170 ex
986 4107 1123 4192 Liturgia
1152 4111 1250 4172 sancti
1279 4109 1402 4174 Jacobi:
1433 4111 1553 4174 tandem
1584 4128 1622 4173 ea

246 4226 323 4290 qnae
346 4218 395 4274 est
416 4228 473 4292 pro
495 4227 583 4292 pace,
606 4207 649 4270 illi
671 4225 769 4290 prope
793 4207 916 4271 totidem
939 4207 1042 4270 verbis
1064 4208 1256 4289 respondens
1279 4228 1357 4291 quae
1380 4211 1480 4272 estin
1503 4210 1622 4274 Graeca

245 4310 341 4370 sancti
363 4310 468 4373 lierni.
512 4307 581 4390 lpsa
603 4325 698 4387 porro
721 4307 825 4386 incipit
853 4307 890 4370 ab
919 4305 1063 4369 Oratione
1091 4305 1259 4369 Gratiarum
1290 4309 1437 4387 actionis,
1466 4326 1543 4389 quae
1574 4316 1622 4372 est

245 4407 332 4469 tertia
355 4409 386 4470 in
410 4406 522 4472 Codice
545 4405 690 4486 Coptieo,
721 4406 791 4486 quia
814 4404 891 4468 duae
914 4407 1051 4487 priores,
1086 4413 1120 4468 ut
1147 4406 1294 4486 diximus,
1323 4427 1383 4471 non
1419 4417 1478 4471 tam
1506 4407 1621 4490 publici

246 4521 334 4584 mam
356 4506 464 4585 privati
487 4505 574 4569 officii
597 4513 675 4570 sum.
727 4503 830 4586 ltaque
857 4506 889 4568 in
916 4523 953 4568 ea
984 4507 1177 4569 eontinentur
1205 4524 1316 4588 preces
1351 4517 1381 4570 ct
1411 4507 1620 4572 caeremoniae

246 4605 504 4686 praeparatoriae,
527 4605 657 4688 quaein
681 4601 795 4668 Codice
818 4602 1088 4669 Graeco-Arabico
1111 4604 1334 4681 desiderantur,
1357 4624 1453 4687 eaque
1477 4613 1525 4670 est
1546 4613 1619 4668 nota

245 4700 413 4766 certissime
436 4705 513 4768 ritus
535 4702 734 4767 Alexandrini
756 4703 881 4780 veteris,
905 4721 994 4783 quem
1018 4702 1158 4784 Coptitae
1180 4722 1234 4768 sna
1257 4703 1361 4786 lingua
1383 4705 1583 4770 retinuerunt.
