4686 6060
704 555 782 630 424
1080 555 1156 632 DE
1207 554 1683 634 Plaailnonl

705 741 769 816 alii.
822 744 876 816 De
911 741 976 816 alia
1015 763 1104 814 voce
1142 740 1221 814 nihil
1259 739 1419 814 habemus
1453 741 1643 831 dicendum,
1679 763 1819 838 eamque
1853 761 1921 812 non
1953 759 2071 812 carcre

704 857 844 948 mendo,
871 861 1017 956 suspicio
1045 867 1107 931 est

808 973 957 1048 CXXIII.
984 997 1054 1047 xm.
1080 972 1190 1045 Sedes
1224 983 1277 1047 εει
1309 975 1476 1069 Episcopi
1513 975 1658 1046 Kolsnm
1690 980 1725 1045 ει
1756 974 1889 1066 ltaque.
1931 973 1984 1045 De
2010 973 2106 1046 hac·

704 1111 793 1164 voce
828 1091 928 1164 mults
964 1099 999 1162 et
1025 1089 1157 1186 quidem
1183 1087 1301 1178 obvia,
1339 1099 1438 1186 atquc
1468 1114 1515 1163 ex
1545 1091 1641 1163 editis
1675 1091 1867 1178 autoribus,
1906 1092 2071 1186 Interpres

705 1211 888 1301 congessit,
916 1206 1033 1303 quibus
1060 1206 1154 1304 plura
1181 1215 1216 1278 et
1240 1205 1379 1279 meliora
1407 1206 1553 1301 adjicere
1579 1205 1678 1280 facile
1704 1216 1757 1280 εει
1783 1229 1829 1278 ex
1863 1203 2073 1302 Gcogrsphis

705 1327 761 1420 qni
800 1347 876 1396 eam
912 1323 1121 1414 describunt,
1170 1331 1269 1418 atque
1308 1327 1395 1396 inter
1435 1323 1520 1396 ahos
1564 1321 1750 1412 Ahuliesla,
1803 1319 1954 1410 Yacuto‚
1997 1321 2073 1396 Ehn

704 1439 825 1513 Werdi
852 1447 886 1511 ει
912 1438 995 1513 aliis.
1048 1438 1132 1511 Eam
1159 1447 1267 1511 autem
1296 1461 1375 1512 esse
1411 1438 1543 1532 (lipsano
1575 1450 1747 1527 veterum,
1780 1435 1899 1510 dudum
1925 1437 2073 1514 Iacobus

706 1557 822 1629 Gohus
857 1565 891 1626 et
926 1555 981 1626 alii
1008 1554 1124 1628 eruditi
1159 1554 1350 1628 docuerunt.
1402 1557 1538 1648 liopmn
1571 1554 1682 1628 locum
1714 1575 1793 1626 εεεε
1829 1555 1992 1644 ulcinum,
2019 1555 2075 1627 ubi

703 1671 942 1746 blonasterium
969 1671 1171 1744 Iustinianus
1197 1669 1356 1760 condidit,
1381 1668 1564 1767 Eutychiae
1592 1669 1714 1758 scribit.
1758 1669 1825 1742 Per
1850 1669 1990 1742 Kolaum
2015 1671 2074 1740 iu-

704 1787 808 1879 telligi
834 1785 1074 1885 Episcopatum
1099 1785 1205 1859 blaris
1231 1783 1421 1882 Erythraei,
1449 1785 1491 1858 de
1518 1809 1583 1883 quo
1612 1787 1706 1860 Nilus
1723 1785 1965 1880 Dorapatrius,
1991 1807 2074 1858 cer-

703 1905 864 1976 tissimum
898 1902 1039 1975 videtur.
1092 1901 1144 1975 Ea
1177 1906 1264 1974 enirn
1297 1901 1377 1976 urbs
1412 1902 1476 1975 hoc
1510 1905 1544 1975 in
1575 1901 1673 1976 litore
1705 1905 1905 1998 praecipua,
1946 1924 1966 1973 a
2007 1925 2072 1996 qua

705 2021 802 2090 etiam
835 2029 923 2091 totus
957 2017 1014 2092 ille
1049 2019 1217 2092 Arabicus
1252 2020 1345 2090 sinus
1377 2040 1500 2092 nomen
1534 2020 1677 2117 accepit:
1719 2041 1796 2090 nam
1828 2017 1907 2090 illud
1938 2019 2074 2091 Arabes

703 2143 828 2206 vocant
853 2135 954 2205 Marc
980 2133 1142 2206 Xolscm:
1167 2136 1231 2206 nisi
1258 2156 1279 2205 a
1304 2132 1392 2206 Mari
1417 2135 1492 2230 ipso
1519 2133 1600 2208 urbs
1626 2136 1808 2231 praecipua
1842 2137 1888 2205 ita
1916 2131 2074 2206 denomi-

703 2259 782 2322 nata
809 2253 1023 2322 existimetur.
2163 2245 2166 2256 '

689 2411 694 2422 ·
810 2365 961 2438 CXXIV.
987 2387 1059 2438 xiv.
1116 2366 1264 2438 Tandem
1288 2367 1387 2439 sedas
1413 2367 1539 2438 dicitur
1572 2390 1617 2440 cc
1643 2389 1742 2462 quom
1773 2367 1905 2438 obtinet
1934 2365 2075 2438 Metro-

702 2481 877 2588 politanus
902 2484 972 2575 Itis
990 2482 1144 2574 Missos,
1178 2505 1267 2578 quac
1293 2485 1442 2575 ioscrior
1476 2489 1574 2555 terra
1600 2483 1734 2554 cilcitor.
1788 2484 1917 2576 Estque
1943 2483 2077 2570 Both,-

700 2602 803 2693 prior
829 2600 1020 2688 Xeirocan,
1046 2623 1116 2670 coo
1142 2623 1216 2670 cum
1242 2599 1427 2671 ditionibus
1453 2604 1541 2691 qus:
1568 2607 1604 2672 ct
1630 2604 1664 2672 ci
1690 2603 1837 2694 quinque
1862 2604 1940 2669 suot
1965 2599 2076 2686 sedes,

706 2715 825 2810 quibos
850 2738 896 2786 ec
922 2719 994 2806 q'os
1014 2721 1120 2809 ports
1145 2719 1291 2811 quinquo
1317 2717 1484 2810 Episcopi
1515 2719 1754 2810 praefuerunt.
1790 2716 1839 2788 lta
1865 2713 2076 2807 Bcvcregius

706 2840 740 2903 ει
766 2831 898 2926 quidem
934 2829 1189 2920 obscurissime,
1223 2854 1334 2926 neque
1367 2853 1414 2904 cx
1444 2823 1672 2929 prohxissimo
1709 2833 1948 2904 commentario
1984 2831 2077 2904 mul-

578 3047 580 3052 ·
704 2958 785 3036 tum,
811 2956 848 3018 ut
872 2945 1015 3037 videbar,
1041 2949 1124 3020 lucis
1151 2945 1294 3041 effinges.
1348 2950 1431 3042 Rif,
1459 2951 1534 3022 sive
1560 2947 1674 3041 Eirif,
1707 2969 1787 3044 pars
1822 2956 1875 3020 est
1901 2945 2076 3019 Occiden-

704 3063 781 3136 tahs
806 3061 974 3136 inferioris
1010 3065 1172 3161 Aegypti,
1208 3065 1342 3138 deserto
1374 3063 1505 3137 Barcae
1538 3067 1761 3155 contermina,
1800 3062 1888 3160 quod
1928 3061 2078 3136 Notitiae

707 3188 803 3254 autor
828 3201 903 3252 cum
937 3179 1142 3254 Kairowana
1168 3179 1301 3254 videtur
1326 3178 1541 3252 confundere.
1594 3179 1665 3254 Sed
1696 3180 1750 3253 hIc
1785 3181 1931 3252 Bolbots
1965 3179 2079 3253 locum

705 3293 832 3368 hahere
856 3317 924 3368 non
950 3305 1080 3392 potest,
1111 3319 1187 3370 cum
1212 3296 1315 3388 longe
1341 3299 1450 3391 posita
1477 3299 1536 3387 sit,
1570 3307 1676 3370 etex
1710 3295 1775 3370 alis
1811 3299 1950 3368 omnino
1979 3305 2077 3392 parte

705 3408 918 3484 Palaestinae
945 3411 1113 3484 desertum
1138 3434 1279 3486 versus:
1304 3410 1407 3484 multo
1433 3413 1561 3503 minus,
1594 3412 1719 3502 Biblis,
1747 3435 1842 3508 quam
1870 3434 1991 3486 vocem
2018 3416 2078 3486 in-

704 3538 834 3624 terpres
869 3527 1042 3602 substituit.
1094 3509 1211 3625 ltaque
1248 3526 1344 3601 aliter
1376 3531 1508 3602 omnino
1547 3529 1725 3622 legendum
1758 3527 1891 3602 videtur
1921 3532 1954 3601 in
1990 3527 2078 3602 hunc

706 3665 840 3716 sensum
867 3644 938 3737 Rif
957 3644 1117 3740 Aegypti,
1145 3667 1234 3740 quac
1260 3646 1362 3716 ctiam
1386 3648 1484 3740 rapio
1499 3648 1652 3739 ‘inferior
1679 3646 1823 3717 dicitnr.-
1849 3668 1959 3740 eoque
1986 3667 2077 3716 con-

706 3763 856 3830 termino
877 3766 930 3833 cst
955 3761 1184 3832 Xairottonac
1210 3761 1379 3833 limitibus.
1416 3761 1532 3832 Habet
1557 3769 1670 3834 autem
1700 3761 1855 3835 Ihcooos
1880 3765 1953 3833 sinc
1978 3763 2078 3835 sedas

705 3876 931 3969 Episcopatus
958 3880 1115 3971 quicque,
1142 3875 1261 3972 quibos
1286 3880 1432 3972 quinque
1457 3877 1651 3972 Episcopos
1674 3881 1846 3972 praeficit.
1897 3879 2011 3973 Atque
2030 3901 2077 3950 ex

706 3992 802 4065 dictis
828 4000 937 4087 patet,
964 3995 1099 4089 opinor,
1125 3995 1282 4086 exiguam
1308 3995 1457 4084 omnino,
1483 3993 1542 4066 vel
1566 3992 1690 4066 nullam
1730 3997 1840 4090 potius
1874 4015 1953 4068 esse
1978 3993 2077 4067 idem

706 4105 851 4180 Notitiae
877 4107 974 4197 illius,
1008 4131 1094 4204 quac
1119 4108 1241 4182 nuhum
1268 4111 1404 4206 proprie
1438 4119 1588 4184 autorem
1623 4107 1755 4202 habuit,
1791 4111 1852 4184 sed
1882 4114 1917 4183 in
1949 4110 2077 4186 codicis

707 4211 795 4296 lolio*
821 4234 955 4319 reperta
990 4235 1057 4297 est:
1093 4225 1225 4321 mando
1261 4248 1370 4321 neque
1404 4249 1478 4298 cum
1512 4227 1653 4299 Graecis
1680 4229 1839 4322 antiquis,
1865 4248 1976 4322 neque
2002 4249 2076 4298 cum

706 4339 947 4414 recentioribus
982 4349 1094 4437 potest
1119 4341 1282 4414 uNatenus
1309 4341 1497 4432 conciliari,
1528 4353 1564 4415 ut
1597 4363 1713 4416 omncs
1747 4345 1833 4415 inter
1864 4364 1904 4415 εε
1930 4363 2075 4439 compa-

604 4440 607 4450 *
708 4458 807 4546 renti,
832 4454 1039 4529 manifestum
1068 4465 1129 4530 est.
1172 4456 1259 4532 Nam
1285 4462 1393 4532 statim
1420 4456 1611 4551 intelligitur
1636 4460 1722 4532 inter
1747 4457 1822 4533 illas
1849 4480 1967 4531 omnes
1993 4459 2075 4531 hle-

706 4573 868 4667 tropoles,
894 4575 956 4644 vix
981 4571 1082 4646 ullam
1107 4573 1212 4646 luisse
1244 4577 1278 4648 in
1305 4572 1492 4662 Thebaide,
1525 4571 1581 4648 ubi
1607 4586 1702 4648 erant
1733 4575 1825 4648 multi
1849 4574 2074 4671 Episcopatus

707 4690 866 4780 insignes.
918 4687 1038 4785 Neque
1070 4700 1179 4762 tamen
1218 4701 1273 4794 est
1311 4691 1399 4788 quod
1432 4693 1588 4768 miremur
1620 4693 1704 4764 viris
1737 4693 1838 4764 etiam
1875 4688 2075 4764 doctissimis

709 4826 828 4899 aquam
854 4804 996 4877 haerere
1022 4807 1055 4877 in
1083 4805 1244 4880 abstrusis
1271 4805 1434 4900 ejusmodi
1461 4806 1752 4903 disquisitionibus.
1778 4807 1865 4880 Nem
1891 4829 1966 4880 cum
1986 4827 2103 4903 quo-.

709 4919 787 4992 tidie
812 4923 907 4993 viros
934 4923 1139 5017 anhquarum
1166 4926 1330 5015 originum
1356 4926 1576 5019 peritissimos
1602 4923 1787 5016 videamus,
1813 4924 1890 4997 dum
1916 4925 2075 5020 peregri-

707 5043 838 5125 nantur,
864 5046 899 5109 et
924 5047 1101 5111 occurrunt
1125 5039 1277 5135 projeqta
1294 5039 1439 5112 diversis
1464 5042 1498 5111 in
1523 5038 1609 5114 locis
1623 5039 1920 5116 famosissimorum
1946 5041 2075 5114 urbium
