4778 6034
647 637 712 710 xu
801 731 803 734 ,
1148 640 1527 722 nrssurvrrro

750 826 944 899 Orationem
971 825 1167 898 dominicam
1193 829 1348 919 recitari,
1375 833 1599 906 vetustissima
1618 854 1750 929 quoque
1769 835 1941 932 disciplina
1955 849 2019 930 est,

645 938 767 1035 ubique
795 940 984 1014 observata.

746 1075 800 1144 De
827 1074 1023 1146 adoratione
1048 1073 1294 1168 Eucharistiae,
1331 1102 1406 1151 cum
1439 1082 1695 1175 expressissima
1731 1084 1797 1154 sint
1829 1093 2019 1157 sanctorum

643 1188 777 1262 Patrum
803 1193 1012 1283 testimonia,
1039 1189 1179 1264 dubitari
1205 1215 1273 1264 non
1298 1204 1430 1290 potest,
1457 1199 1586 1270 etiamsi
1611 1198 1693 1269 ritus
1721 1197 1927 1290 singulares,
1954 1221 2018 1272 se-

505 1337 508 1342 ·
644 1304 785 1376 cundmn
825 1309 910 1401 quos
945 1305 1064 1397 liebat,
1101 1329 1169 1380 non
1211 1307 1402 1382 habeamus.
1455 1309 1542 1382 Nam
1577 1310 1667 1407 quod
1701 1312 1867 1385 elevatam
1908 1319 2018 1388 statim

641 1417 747 1490 luisse
786 1419 1043 1512 Euchariston,
1087 1434 1165 1519 post
1201 1428 1411 1519 pronuntiata
1446 1422 1568 1496 Christi
1602 1424 1731 1517 verba,
1765 1437 1801 1499 ut
1834 1429 1921 1523 apud
1954 1452 2017 1503 nos

641 1531 715 1604 fieri
741 1557 761 1605 a
788 1536 897 1608 multis
930 1537 1072 1610 saeculis
1108 1538 1213 1628 solet,
1251 1539 1381 1633 quidam
1416 1563 1462 1612 ex
1487 1541 1602 1612 Easilii
1632 1542 1749 1615 verbis
1776 1565 1876 1638 supra
1902 1544 2016 1618 relatis

642 1648 779 1742 probari
814 1652 1033 1745 contendunt,
1066 1653 1184 1725 nullius
1217 1658 1376 1726 momenti
1410 1664 1470 1728 est.
1524 1655 1669 1728 Elevant
1695 1657 1883 1732 Orientales
1919 1682 2017 1732 sacra

641 1767 802 1859 mysteria
829 1767 891 1838 sed
916 1767 1015 1863 paulo
1043 1778 1120 1840 ante
1148 1766 1438 1859 Communionem,
1466 1793 1542 1842 cum
1568 1771 1684 1842 dicitur
1708 1773 1844 1845 Sancta
1866 1773 2015 1860 Sanctis,

641 1901 708 1950 non
734 1889 851 1952 antea:
878 1904 995 1954 verum
1023 1893 1099 1956 tunc
1117 1883 1207 1956 illam
1225 1883 1384 1977 adorant,
1400 1908 1510 1981 neque
1537 1887 1714 1982 quidquam
1740 1886 1862 1960 iaciunt
1889 1892 1920 1960 in
1949 1910 2016 1982 quo

640 2005 738 2068 vetus
764 1996 917 2070 Ecclesia
945 2021 1013 2072 non
1038 2004 1229 2095 praeiverit.

743 2147 965 2221 Denunciatio
1002 2160 1110 2222 autem
1143 2151 1199 2222 illa
1241 2142 1384 2223 celebris
1413 2151 1547 2223 Sancta
1587 2157 1733 2240 sanctis,
1774 2162 1841 2224 tam
1882 2157 2015 2248 antiqua

640 2269 693 2334 est
719 2273 753 2334 et
779 2273 826 2334 tot
851 2269 1071 2337 monumentis
1097 2266 1344 2340 Ecclesiasticis
1373 2271 1588 2360 consignata,
1615 2279 1651 2339 ιιι
1677 2268 1719 2339 de
1745 2267 1831 2340 illius
1844 2276 2014 2340 vetustate

640 2387 674 2449 et
699 2383 875 2450 autoritate
903 2379 1035 2451 dubium
1062 2403 1140 2454 essa
1166 2382 1288 2454 nullum
1314 2386 1430 2480 possit

743 2522 991 2599 Communionis
1019 2525 1281 2601 distributionem
1309 2529 1500 2624 descripsit,
1533 2540 1567 2600 et
1596 2551 1703 2625 prope
1736 2528 1841 2600 oculis
1873 2525 2015 2618 subjecit

640 2639 785 2737 Cprillus
813 2641 1156 2738 Hierosolymitanus,
1183 2666 1303 2738 nempe
1330 2647 1375 2715 ita
1402 2655 1438 2715 ιιι
1464 2666 1585 2740 corpus
1603 2641 1725 2716 Christi
1746 2645 1896 2716 manibus
1923 2645 2014 2716 lide-'

638 2758 717 2829 lium
743 2761 986 2852 susciperetur,
1018 2757 1108 2829 calix
1141 2783 1161 2829 a
1195 2759 1347 2832 Diacono
1381 2758 1618 2855 praeberetur,
1653 2783 1737 2856 quae
1771 2759 1943 2854 disciplina
1971 2757 2012 2830 ah

639 2873 712 2944 aliis
740 2876 974 2967 antiquissimis
990 2873 1160 2946 autoribus
1186 2876 1407 2947 testimonium
1422 2874 1530 2947 habet.
1584 2877 1788 2948 Accessisse
1803 2876 1845 2946 ad
1862 2879 2013 2970 primae-

638 3011 717 3060 vam
743 2989 983 3084 simplicitatem
1009 2989 1184 3081 nonnulla,
1212 3013 1298 3085 quae
1316 2991 1368 3062 nd
1385 2990 1635 3086 imprimendam
1657 2990 1920 3064 Christianomm
1936 2993 2014 3060 nni-

637 3108 700 3175 mis
726 3109 888 3197 maj0rem
914 3105 1045 3176 illorum
1071 3111 1321 3178 venerationem
1349 3115 1503 3201 spectare
1537 3104 1752 3197 videbantur,
1785 3109 1902 3176 mirum
1936 3125 2013 3177 esse

637 3243 704 3292 non
719 3219 835 3309 debet,
864 3244 938 3292 curn
965 3244 1011 3292 ex
1037 3221 1101 3293 lide
1129 3244 1225 3316 quam
1255 3221 1517 3294 deEucharistia
1532 3221 1717 3312 habebant,
1744 3221 1850 3294 cultus
1870 3221 1925 3292 ille
1951 3243 2015 3292 re·
2054 3249 2057 3256 ·

636 3335 777 3428 ligiosus
804 3340 913 3408 statim
939 3347 1142 3427 nasceretur.
1198 3337 1295 3422 Quod
1321 3359 1406 3410 vero
1424 3335 1618 3427 infantibus,
1646 3337 1735 3431 quod
1753 3337 1888 3410 infirmis
1906 3357 2013 3429 prae-

635 3451 772 3523 beretur
790 3451 1012 3542 Eucharistia‚
1040 3455 1103 3526 etsi
1130 3453 1301 3544 Liturgiae
1328 3475 1395 3526 non
1422 3456 1640 3548 praecipiunt,
1667 3462 1703 3524 ιιι
1727 3475 1792 3524 nec
1818 3451 1918 3523 multa
1948 3449 2012 3520 alia

634 3590 724 3662 quae
742 3570 917 3662 antiquitus
933 3567 1114 3640 observata
1130 3567 1234 3640 luisse
1253 3568 1471 3640 certissimum
1499 3578 1562 3658 est,
1588 3577 1638 3640 tot
1665 3566 1828 3662 exemplis
1852 3576 1886 3638 et
1912 3569 2013 3637 testi-

636 3686 754 3756 moniis
782 3681 958 3776 probatur,
986 3693 1021 3754 ut
1038 3693 1134 3754 extra
1151 3687 1412 3756 controversiam
1433 3706 1511 3757 esse
1538 3682 1668 3757 debeat.

738 3833 794 3904 Ex
826 3835 866 3902 iis
896 3855 982 3926 quae
1016 3831 1080 3902 huc
1114 3854 1219 3926 usque
1255 3831 1341 3904 dicta
1377 3843 1473 3922 sunt,
1510 3832 1624 3924 colligi
1659 3832 1881 3904 verisimiliter
1912 3852 2014 3926 posse

636 3947 783 4036 videtur,
813 3957 930 4043 quarto
958 3946 1094 4022 saeculo
1122 3951 1275 4039 ineunte,
1304 3957 1360 4019 aut
1390 3953 1530 4044 scriptas
1558 3969 1625 4019 non
1654 3945 1759 4019 fuisse
1785 3944 2014 4017 Eucharistiae

635 4062 858 4136 celebrandae
884 4063 1028 4151 formas,
1057 4071 1129 4152 aut,
1157 4066 1186 4135 si
1220 4067 1365 4159 scriptae
1397 4063 1537 4152 luerint,
1570 4084 1638 4134 non
1664 4065 1833 4154 integraS,
1868 4071 1904 4132 ut
1939 4072 2014 4135 sunt

634 4179 770 4270 Jacohi,
797 4179 909 4252 Basilii
936 4190 969 4251 et
998 4175 1229 4274 chrysostomi
1257 4203 1331 4250 cum
1359 4177 1510 4254 omnibus
1537 4176 1693 4272 precihus
1720 4188 1754 4249 et
1781 4180 2011 4264 caeremoniis,
2075 4268 2081 4278 Ι
2145 4207 2151 4214 ·

635 4296 696 4368 sed
722 4299 907 4368 summatim
935 4305 1079 4384 tantum,
1113 4293 1219 4366 fuisse
1247 4294 1451 4390 descriptas,
1482 4297 1528 4364 ita
1561 4304 1596 4365 ιιι
1630 4304 1743 4389 partes
1779 4293 1852 4364 illas
1888 4301 2011 4364 tantum

634 4433 720 4505 quae
746 4415 947 4507 praecipuae
975 4421 1065 4502 sunt,
1093 4414 1310 4484 continerent.
1362 4410 1490 4483 Verum
1515 4408 1720 4504 probabilius
1748 4411 1881 4481 omnino
1907 4409 2011 4480 vide-

598 4533 606 4546 '
633 4538 705 4618 tur,
732 4528 911 4601 secundum
937 4529 1049 4600 Basilii
1075 4532 1315 4619 testimonium,
1342 4549 1362 4598 a
1389 4529 1521 4599 nemine
1557 4537 1747 4599 sanctorum
1780 4527 1904 4619 scripto
1935 4533 2012 4595 tra-

632 4643 727 4716 ditas.
781 4643 850 4715 Sed
877 4666 951 4714 cum
977 4643 1061 4717 haec
1089 4645 1270 4739 disquisitio
1296 4642 1491 4738 prolixioris
1516 4665 1641 4738 operae
1662 4645 1723 4732 sit,
1751 4664 1824 4713 eam
1854 4639 2010 4712 indubio

632 4760 874 4853 relinquemus,
903 4757 1136 4855 dabimusque,
1164 4764 1193 4834 si
1218 4757 1310 4831 lubet
1333 4757 1619 4848 Protestantihus,
1645 4758 1679 4829 id
1702 4757 1791 4853 quud
1809 4757 1881 4828 aliis
1899 4779 2009 4848 argu-

634 4878 753 4946 mentis
779 4873 925 4969 probare
953 4880 1108 4967 aggressi
1134 4887 1228 4968 sunt,
1265 4875 1326 4948 sed
1360 4897 1476 4970 parum
1508 4872 1667 4964 feliciter,
1699 4895 1759 4946 eas
1791 4894 1873 4968 quas
1900 4870 2011 4944 habe-

635 5011 708 5060 mus
735 4988 904 5082 Liturgias
932 4987 974 5061 ab
1003 4990 1067 5062 illis
1095 4995 1235 5087 scriptas
1262 5015 1330 5064 non
1357 5013 1455 5082 esse,
1492 5012 1630 5085 quorum
1659 4991 1770 5064 titrrlos
1803 4984 2011 5084 praeferunt:

633 5124 702 5174 nou
728 5115 823 5174 crunt
849 5104 974 5178 idcirco
1001 5108 1086 5178 inter
1113 5111 1225 5201 spuria
1252 5116 1286 5180 et
1310 5107 1428 5180 nullius
1455 5109 1638 5181 autoritatis
1666 5111 1790 5202 scripta
1820 5103 2010 5196 rejicienda.
