4686 6060
751 479 1285 558 AbllllbllDlllNO.
1614 481 1691 556 423

323 665 405 742 atat
430 663 471 742 dd
496 665 617 742 λοιπαὶ
643 671 744 742 πέντε
768 664 995 764 pependisse
1021 665 1130 764 αὐτῆς
1154 665 1221 742 οὐκ
1246 670 1391 764 ἔχουσαι
1420 665 1613 753 intonanda
1629 664 1692 768 ὑφ’

323 783 458 868 ἑαυτάς·
484 781 550 858 siat
574 781 616 859 dd
640 782 747 858 adrui
771 781 794 879 ἦ
820 780 1006 879 Δαμιάτα,
1032 783 1055 880 ἡ
1081 780 1197 874 Edant,
1223 782 1246 879 ἡ
1271 789 1332 882 τῆς
1356 781 1529 882 Ἐρυθρᾶς
1546 781 1694 860 Θαλάσ-

324 921 402 996 σης·
427 899 599 998 ἡῷαρᾶν
616 899 677 974 καὶ
695 899 718 995 ἡ
736 899 835 998 Ἄρη.
887 899 975 972 Sunt
1000 908 1035 972 et
1061 901 1153 972 ultae
1179 905 1324 996 quinque
1349 900 1558 995 Metropates
1584 902 1693 973 nultos

324 1017 390 1089 sibi
416 1017 585 1110 subjectos
597 1017 826 1110 Episcopatus
839 1015 1023 1088 habentes:
1048 1024 1125 1088 sunt
1151 1023 1263 1087 autem
1282 1019 1371 1089 istae
1389 1016 1567 1106 Dorulato,
1590 1014 1691 1104 Sota,

325 1131 502 1226 legendnm
529 1133 640 1205 Saea:
665 1133 776 1204 Munis
801 1131 916 1220 mans,
942 1132 1087 1203 anrnn
1114 1139 1149 1204 et
1174 1135 1259 1205 Are.
1312 1131 1502 1205 Secundam
1523 1135 1632 1206 omisit
1658 1135 1692 1204 iu

323 1253 483 1324 versione
510 1271 569 1322 sua
596 1248 669 1321 Leo
695 1248 855 1338 Allatius,
883 1251 947 1320 etsi
973 1248 1060 1344 apud
1080 1250 1272 1344 Aegyptias
1299 1252 1516 1337 notissimam,
1544 1259 1578 1320 et
1602 1245 1691 1344 Epi-

324 1374 466 1463 scopotu
491 1367 672 1458 insignem:
700 1375 799 1459 atque
824 1367 868 1437 ita
897 1386 971 1436 cum
998 1374 1095 1436 autor
1121 1369 1264 1460 quinque
1291 1364 1454 1458 ejusmodi
1484 1364 1691 1458 Metropoles

322 1504 400 1556 esse
427 1482 530 1570 dieat3
558 1492 696 1576 quatuor
722 1491 847 1553 tantum
874 1483 1079 1553 inversione
1104 1479 1310 1553 exhibentur.
1363 1481 1541 1570 Dorulato,
1568 1478 1691 1552 Graeci

323 1597 488 1686 scribunt,
514 1606 550 1669 ιιι
576 1601 675 1668 etiam
702 1595 877 1692 Captitae,
911 1599 974 1668 etsi
1005 1600 1141 1692 primam
1177 1595 1305 1668 literam
1332 1618 1394 1692 per
1429 1597 1458 1668 Τ
1492 1599 1691 1690 exprimant,

323 1715 399 1806 quia
426 1736 500 1786 eam
527 1712 612 1784 haud
639 1711 734 1784 aliter
760 1735 857 1807 quam
883 1718 917 1786 Δ
939 1715 1158 1806 pronuntiant.
1199 1711 1332 1787 Arabes
1351 1712 1492 1782 Dimiut.
1533 1711 1583 1784 Ea
1611 1711 1691 1786 urbs

323 1828 482 1920 singulari
509 1828 718 1899 distinctione
744 1826 831 1922 apud
850 1809 1044 1917 decollas,
1071 1827 1132 1901 sed
1163 1849 1241 1900 sero
1277 1831 1367 1900 circa
1402 1836 1553 1923 tempora
1586 1830 1693 1901 Marci

322 1946 361 2017 ll.
392 1945 544 2032 Zaraae,
583 1954 660 2040 post
695 1965 815 2016 annum
854 1943 1039 2039 Martyrum
1073 1940 1335 2016 DCCGLXXX.
1368 1945 1398 2016 J.
1433 1941 1471 2015 C.
1505 1943 1692 2018 MGLXIV.

322 2051 612 2156 Metropolitanum
640 2060 832 2152 dignitatem
859 2056 1014 2146 obtinuit,
1041 2068 1141 2154 atque
1168 2082 1210 2132 eo
1237 2059 1330 2133 titulo
1359 2058 1557 2155 appellatum
1582 2083 1690 2157 repe-

262 2207 267 2228 ,
321 2181 424 2251 rimus
450 2176 663 2265 lllicbaelem,
690 2179 746 2271 qui
772 2174 880 2247 multis
906 2173 1070 2246 adversus
1102 2176 1252 2248 Marcum
1278 2175 1378 2248 filium
1403 2174 1587 2249 Elkanbari
1614 2177 1690 2252 dis-

321 2296 470 2389 putavit,
505 2314 566 2387 pro
603 2291 767 2365 abolende
794 2300 1008 2386 peccatorum
1036 2285 1272 2365 consessione:
1307 2292 1349 2364 de
1375 2314 1440 2386 qna
1467 2291 1605 2365 historia
1633 2293 1690 2365 di-

321 2415 431 2482 ximus
456 2412 490 2480 iu
516 2410 759 2481 Dissertatione
786 2407 828 2478 dc
854 2407 1083 2497 Paenitentia,
1110 2416 1145 2478 et
1170 2410 1203 2480 in
1229 2410 1307 2480 vitis
1324 2406 1599 2482 Patriarcbamm.
1644 2410 1692 2482 At

321 2531 355 2598 in
393 2524 533 2598 Graecis
566 2524 698 2598 Notitiis
732 2522 925 2596 melioribus
966 2522 1065 2595 sedes
1099 2531 1222 2595 tantum
1256 2522 1467 2621 Episcopelis
1502 2535 1594 2617 erat,
1627 2525 1689 2599 sub

320 2639 500 2738 Metropoli
527 2638 732 2736 Oxpriucbo.

426 2758 545 2830 cxxt.
598 2777 645 2828 ιιι.
672 2758 902 2850 Episcopatus
929 2755 1060 2827 Cbutae
1087 2763 1121 2828 et
1146 2757 1278 2828 urbium
1303 2762 1392 2848 ajam
1423 2757 1484 2831 sed
1515 2759 1689 2854 Puporutn
1776 2773 1826 2810 ⁸·

322 2874 422 2947 habet
448 2874 615 2946 Arabicus
641 2883 763 2946 textus.
816 2871 920 2944 Forte
946 2871 1124 2964 legendum
1152 2871 1283 2944 Cbatob
1311 2883 1347 2946 ut
1371 2877 1406 2945 in
1421 2873 1689 2963 Nomenclatore,

321 2992 381 3066 sed
407 2991 511 3080 male,
537 3013 614 3063 nam
642 2988 785 3086 Coptica
806 2989 927 3080 legitur
960 2988 1060 3060 cnon
1095 3011 1180 3082 quae
1212 3010 1283 3061 vox
1314 2989 1402 3062 forte
1437 2993 1535 3064 etiarn
1568 2993 1690 3064 vitiose

321 3111 443 3204 scripta
470 3119 531 3182 ost.
582 3106 701 3201 Neque
728 3103 859 3177 dubium
888 3115 939 3175 est
965 3127 1040 3176 eam
1067 3127 1145 3176 esse
1176 3129 1264 3200 quae
1299 3105 1386 3201 apud
1422 3106 1532 3180 Nilum
1566 3109 1691 3180 Doxa-

319 3229 461 3322 patrium
493 3223 517 3319 ἡ
550 3220 655 3297 Σάτα
688 3222 821 3294 dicitur:
854 3243 931 3293 nam
962 3218 1042 3291 Set.
1079 3222 1202 3294 Graeci
1238 3246 1306 3295 non
1340 3222 1471 3296 habent.
1530 3223 1692 3318 AdJungit
1810 3234 1813 3240 '

236 3429 241 3448 ἣ
319 3346 484 3436 interpres
509 3341 641 3447 Anglus
668 3361 714 3410 ex
741 3335 919 3427 Canusio,
946 3339 1019 3410 sive
1047 3335 1175 3411 Lexico
1202 3338 1353 3412 Arabico
1382 3339 1492 3411 Clota
1519 3362 1597 3414 esse
1623 3364 1690 3437 pa-

321 3479 400 3550 gum
425 3459 585 3552 Aegypti.
638 3456 706 3526 Hie
732 3462 861 3542 nutem,
889 3456 1010 3548 inquit,
1037 3461 1141 3525 latum
1167 3453 1316 3551 aliquam
1330 3458 1503 3548 regionem
1525 3463 1585 3528 aut
1597 3479 1690 3552 pra·-

321 3577 468 3646 sinciom
493 3575 684 3667 siqnificot,
711 3575 748 3641 in
775 3593 842 3664 qun
865 3569 982 3663 plures
1009 3574 1110 3641 etiam
1136 3569 1238 3642 urbes
1261 3575 1417 3664 sonunt,
1444 3597 1487 3644 ac
1501 3579 1692 3666 propterea
1791 3613 1808 3631 s

323 3696 410 3782 ajon
438 3692 570 3760 etiarnsi
596 3688 788 3780 Episcopus
812 3685 1011 3778 simpliciter
1037 3686 1242 3779 appelletur,
1268 3710 1390 3759 renna
1416 3695 1527 3760 tossen
1543 3691 1690 3761 ›Metra-

322 3805 495 3899 potttanus
528 3807 605 3897 suit.
658 3802 764 3893 llaec,
796 3807 945 3898 inquam,
979 3806 1089 3874 omnia
1123 3799 1249 3896 absque
1275 3803 1342 3875 ulla
1368 3804 1488 3876 idoneo
1516 3808 1691 3877 autoritate

324 3921 410 3993 dicta
437 3929 520 3996 sunt.
573 3917 692 4014 Neque
718 3923 806 3990 enim
832 3921 913 3993 satis
932 3918 1138 3990 intellexisse
1154 3918 1287 4002 videtur
1313 3930 1427 4007 autor,
1454 3924 1487 3992 in
1514 3943 1579 4016 quo
1606 3921 1690 3993 haec

320 4036 652 4133 Metropolitanarum
686 4033 812 4130 absque
852 4033 1069 4127 suffraganeis
1100 4034 1244 4126 dignitas
1278 4039 1484 4110 consisteret
1544 4035 1614 4108 Sed
1647 4038 1689 4110 de

320 4153 372 4226 lris
398 4165 527 4248 postea.

434 4268 568 4342 CXXII.
621 4288 678 4339 xu.
711 4269 941 4362 Episcopatus
967 4265 1110 4338 Artscbi
1151 4274 1186 4338 et
1230 4267 1414 4342 Woradoe.
1468 4271 1575 4356 illibi?
1615 4271 1689 4342 sive

322 4387 479 4473 nnana,
506 4395 557 4458 est
583 4405 624 4455 ea
649 4381 731 4457 urbs
760 4408 857 4481 quam
876 4395 1010 4456 autores
1036 4385 1142 4456 nostri
1153 4383 1330 4456 Lorissmn
1355 4395 1494 4472 vocant,
1522 4395 1556 4457 et
1573 4385 1689 4477 Laris,

321 4512 358 4574 ut
386 4500 576 4574 Guillelmus
609 4500 749 4595 Tyrius,
790 4503 844 4595 qui
876 4523 950 4572 eam
986 4504 1031 4572 ait
1063 4502 1228 4596 antiquam
1255 4499 1360 4574 fuisse
1385 4499 1500 4574 urbem
1529 4501 1571 4574 ad
1597 4524 1689 4574 mare

324 4620 421 4692 sitam
449 4620 481 4687 in
508 4615 703 4706 solitudine,
739 4639 836 4711 mam
863 4627 988 4688 vocant
1024 4619 1100 4690 Tiet
1133 4618 1215 4689 bant
1240 4616 1368 4705 lauet,
1402 4621 1477 4690 sive
1508 4616 1690 4689 Desertum

320 4735 468 4827 filiarum
494 4730 624 4804 Inaet:
651 4732 739 4826 quad
766 4731 982 4826 quadraginta
1014 4755 1222 4829 parasangas
1248 4737 1282 4804 in
1312 4734 1564 4825 longitudinem,
1603 4738 1689 4807 toti-

322 4849 463 4946 demque
490 4853 523 4921 in
549 4847 751 4920 latitudinem
778 4859 894 4942 patere
920 4851 1006 4921 inter
1031 4849 1186 4939 licinum,
1214 4859 1249 4921 et
1261 4850 1357 4923 blare
1375 4849 1563 4947 Syriacum,
1590 4860 1689 4947 aque

320 4961 541 5060 Erythraeum
568 4963 716 5040 scribunt
747 4961 959 5060 Geographi,
995 4963 1394 5059 Yacutus.llamatlreus,
1424 4965 1621 5059 Ebnwerdi,
1656 4977 1690 5040 et
