4760 6038
585 572 712 649 CXXII
931 580 1177 660 DISSERTATIO
1201 582 1250 658 llll
1274 582 1416 660 umam
1442 582 1614 662 corriel.

262 778 425 848 etymologia
448 796 570 848 quorum.
687 767 857 842 Debemus
884 779 994 840 tamen
1022 772 1194 860 cogitare,
1219 791 1288 840 non
1313 773 1346 842 in
1372 770 1454 846 solis
1481 795 1662 867 paucorum
1687 772 1820 866 Regum
1842 778 1958 847 nomi-

258 867 456 919 ⁴¹³¹¹¹¹¹⁰¹¹¹l¹¹¹¹¹¹¹
478 867 570 918 ⁰¹¹¹fl·
583 872 679 945 nibus
707 894 753 943 ex
780 871 911 944 Graeca
938 875 1101 969 scriptura
1128 871 1170 942 ad
1195 883 1353 968 posteros
1380 873 1547 967 deductis,
1575 879 1669 969 eujus
1690 893 1816 950 summa
1830 901 1957 951 seram-

263 968 313 1021 gua
329 951 443 1021 Coptica.

585 977 660 1048 dum
695 975 851 1050 diversos
888 985 1023 1048 autores
1057 979 1205 1048 varietas
1233 986 1305 1066 est,
1332 977 1529 1052 delitescere
1560 983 1690 1053 veteris
1721 981 1956 1076 Aegyptiacae

582 1081 717 1172 linguae
743 1078 919 1174 reliquias,
946 1078 1006 1152 sed
1032 1082 1067 1154 in
1093 1077 1203 1152 multis
1236 1079 1326 1170 aliis,
1361 1104 1501 1176 quorum
1534 1086 1666 1174 insigne
1696 1107 1779 1180 prae
1812 1089 1955 1160 caeteris

584 1195 636 1256 est
662 1182 793 1279 Moysis
819 1204 950 1254 nomen.
1001 1183 1051 1255 lta
1078 1183 1167 1256 illum
1194 1183 1378 1258 Pharaonis
1403 1185 1470 1258 lilia
1504 1186 1684 1281 appellavit
1717 1197 1753 1258 ut
1785 1188 1956 1284 Scriptura

585 1295 743 1377 testatur,
771 1290 853 1380 quie
879 1287 922 1356 de
954 1310 1046 1380 nqrre
1079 1287 1140 1357 tali
1169 1307 1251 1357 aem.
1310 1285 1478 1362 Hebraica
1510 1288 1616 1361 verba
1650 1293 1758 1382 magis
1793 1291 1955 1364 accedunt

584 1390 626 1461 ad
652 1413 773 1462 nomen
800 1389 1001 1462 Hebraicum
1027 1389 1125 1462 lllose
1152 1393 1265 1470 murm:
1291 1390 1339 1462 At
1364 1392 1544 1488 Aegyptiis
1571 1393 1753 1482 veteribus,
1781 1405 1815 1465 et
1833 1393 1955 1490 Copti-

585 1497 645 1584 tis,
671 1521 798 1589 μωοου
824 1514 934 1587 aqua,
962 1517 999 1567 σι
1027 1497 1208 1587 accipere,
1237 1517 1373 1588 capere.
1425 1494 1607 1568 Pharaonis
1634 1519 1755 1568 nomen
1782 1519 1955 1570 commune

584 1596 736 1669 omnihus
763 1595 913 1689 Regibus
939 1597 1010 1686 hit,
1038 1600 1115 1692 quia
1141 1625 1269 1695 πουρο.
1284 1600 1413 1693 Regem
1439 1598 1612 1690 significat.
1665 1597 1827 1695 Reliquae
1848 1623 1955 1675 voees

586 1705 620 1772 in
645 1701 819 1796 Scriptura
845 1723 940 1772 sacra
968 1710 1083 1773 extant
1108 1704 1350 1794 paucissimae,
1375 1724 1439 1773 nec
1466 1724 1526 1774 eas
1553 1701 1703 1797 perfecte
1729 1702 1770 1775 ah
1789 1703 1954 1776 Hebraeis

584 1827 645 1877 suo
673 1804 867 1877 charactere
892 1814 1163 1899 repraesentatas
1176 1804 1476 1878 inisseverisimile
1503 1807 1636 1878 omnino
1661 1816 1730 1896 est,
1757 1828 1823 1879 non
1844 1811 1951 1899 magis

583 1931 681 2002 quam
719 1909 884 2006 Persicas.
942 1907 990 1980 At
1023 1911 1057 1978 in
1091 1908 1165 1980 aliis
1197 1908 1423 2004 scriptoribus
1457 1907 1579 1980 multae
1610 1920 1787 1982 occurrunt
1817 1920 1954 1984 veteres

582 2015 829 2107 Aegyptiacae,
858 2033 944 2104 quae
972 2034 1046 2082 oum
1073 2010 1257 2106 inCoptica
1283 2011 1395 2104 hugua
1421 2011 1585 2102 eamdem,
1613 2035 1710 2107 quam
1737 2011 1859 2086 Graeci
1884 2036 1954 2086 no-

581 2125 669 2205 tant,
697 2115 972 2206 significationem
998 2113 1158 2205 habeant,
1182 2126 1354 2210 utramque
1385 2113 1531 2206 linguam
1565 2116 1715 2188 eamdem
1751 2137 1847 2207 esse,
1878 2116 1954 2191 hino

583 2229 677 2290 certo
720 2228 916 2311 argumento
960 2218 1213 2290 demonstratur.
1279 2218 1378 2313 Apud
1417 2217 1623 2291 Herodotum
1665 2218 1804 2318 πίρωμι
1842 2220 1952 2292 honre.

584 2320 690 2394 Osiris
718 2333 771 2393 est
796 2319 914 2421 odoipr
938 2322 1037 2415 (ilius.
1090 2323 1185 2416 Σβῶ
1210 2325 1364 2393 scienda.
1403 2326 1483 2397 Xiv
1505 2321 1645 2414 planta.-
1673 2322 1749 2394 inde
1775 2321 1955 2422 χενόσιρις

579 2426 702 2520 planta
730 2425 882 2496 Osiridis.
935 2421 1104 2521 Ἀμέντης
1129 2426 1296 2518 deseratus.
1344 2421 1584 2524 Χώμαιφθα,
1612 2421 1747 2520 κόσμος
1772 2423 1954 2526 φιλήφαι-

584 2553 683 2618 orae,
711 2538 744 2599 et
771 2527 836 2600 alia
862 2550 930 2600 non
955 2551 1075 2624 pauca,
1105 2552 1190 2625 quae
1216 2532 1345 2601 notavit
1370 2533 1425 2601 rir
1451 2529 1661 2602 doctissimus
1689 2527 1846 2602 Claudius
1872 2531 1954 2604 Sal-

586 2635 728 2721 masius,
756 2635 811 2727 qui
836 2635 960 2704 rectius
987 2632 1030 2702 de
1055 2631 1168 2724 lingua
1197 2630 1355 2728 Coptica,
1382 2655 1480 2726 quam
1507 2631 1563 2704 alii
1586 2632 1825 2723 judicaverunt.

686 2747 742 2819 Ex
768 2748 831 2821 illis
857 2750 957 2839 igitur
983 2771 1070 2843 quae
1096 2748 1160 2821 huc
1190 2772 1296 2844 usque
1331 2749 1418 2821 dicta
1450 2759 1526 2824 sunt
1556 2760 1712 2821 constare
1747 2751 1954 2841 arbitramur,

584 2852 759 2949 Copticam
785 2851 943 2944 liugnam,
963 2874 1009 2923 ex
1036 2876 1101 2946 qua
1115 2853 1299 2946 Liturgr'ae,
1326 2875 1463 2947 quarum
1479 2855 1671 2925 versionem
1686 2875 1808 2925 novam
1826 2853 1953 2945 damus,

583 2960 818 3052 interpretatae
845 2965 941 3045 snnt,
966 2978 1075 3050 neque
1101 2967 1253 3030 veterem
1278 2955 1519 3029 Pharaonicam
1545 2956 1691 3048 linguam
1718 2978 1815 3046 esse,
1845 2979 1955 3052 neque

583 3083 630 3131 ex
655 3061 922 3156 Aegyptiorum,
948 3059 1165 3154 Arabumque
1190 3060 1396 3157 libycorum
1421 3063 1585 3133 sermonis
1613 3057 1808 3140 colluvione
1830 3069 1954 3152 natam,

583 3162 819 3234 multominus
852 3163 999 3234 fictitiam
1034 3184 1132 3248 esse,
1167 3164 1227 3237 sed
1259 3165 1507 3260 Aegyptiacam
1533 3165 1682 3254 origine,
1716 3186 1801 3257 quae
1836 3163 1954 3236 multas

584 3271 779 3362 praesertim
804 3288 885 3339 usus
911 3263 1140 3338 Ecclesiastiei
1167 3289 1274 3340 voces
1299 3269 1445 3362 recepit,
1477 3265 1624 3339 coloreni
1661 3275 1772 3336 tamen
1806 3269 1954 3338 nativam

586 3393 680 3446 suum
706 3374 752 3442 ita
779 3372 946 3458 seruauit,
973 3379 1009 3440 ut
1036 3379 1189 3463 quantum
1217 3370 1259 3443 ad
1283 3373 1450 3444 neminum
1471 3367 1719 3464 verborumque
1745 3367 1953 3459 inflexiones,

584 3495 659 3544 cum
685 3472 807 3565 linguis
835 3471 908 3544 aliis
935 3472 1086 3545 omnihus
1114 3497 1287 3546 commune
1312 3471 1391 3544 nihil
1415 3471 1546 3545 haheat.
1594 3471 1698 3545 Usum
1728 3475 1830 3544 etiam
1857 3475 1954 3564 ejus-

585 3576 659 3646 dem
685 3577 818 3668 linguae
846 3575 932 3670 apud
960 3573 1165 3650 Christianos
1191 3579 1382 3673 Aegyptios
1415 3579 1567 3669 viguisse
1601 3579 1747 3670 passim,
1781 3574 1899 3647 saltem
1934 3600 1954 3649 a

584 3678 898 3752 Muhamedanorum
925 3679 1136 3774 expeditione
1162 3683 1394 3776 Aegyptiace,
1425 3682 1620 3776 praesertim
1651 3682 1737 3750 inter
1769 3679 1953 3769 lacebitaS,

586 3787 641 3877 qui
668 3783 786 3854 eadem
812 3782 925 3875 lingua
939 3782 1108 3875 Lihrrgias
1134 3807 1214 3858 suas
1241 3795 1330 3871 tres,
1358 3783 1472 3856 Ollieia
1488 3785 1778 3856 Sacramentorum
1799 3785 1954 3872 omnium,

583 3885 807 3960 Psalmodiam
841 3885 883 3958 ab
918 3889 1011 3958 anuh
1042 3887 1131 3960 mille
1170 3900 1204 3960 et
1241 3887 1380 3983 amplius
1413 3885 1602 3974 celebrant,
1637 3885 1793 3980 illamque
1828 3897 1863 3957 ut
1889 3909 1952 3959 sa-

585 4012 694 4078 cram,
730 3993 793 4062 etsi
829 3989 948 4061 dudum
974 3988 1098 4085 populo
1125 3995 1295 4084 ignotam,
1322 3995 1356 4064 in
1382 3996 1489 4064 sacris
1505 3999 1720 4078 conservant,
1746 3999 1782 4061 ut
1808 3991 1841 4060 in
1867 3993 1950 4088 actis

585 4103 618 4163 et
641 4097 863 4166 instrumentis
886 4091 1133 4168 Ecclesiasticis
1161 4097 1360 4168 solennibus.
1413 4095 1529 4191 ltaque
1551 4094 1670 4166 eadem
1699 4095 1829 4164 ratione
1864 4092 1951 4186 apud

585 4193 737 4293 Coptitas
770 4219 808 4269 se
840 4194 960 4287 hahet,
998 4207 1095 4292 atque
1120 4199 1228 4295 Syra,
1254 4201 1435 4274 Armeniea
1461 4209 1495 4270 et
1523 4197 1736 4293 Aethiopica,
1763 4200 1848 4268 inter
1875 4195 1952 4292 Sy-

584 4322 661 4390 r0S,
695 4303 866 4376 Armenes
893 4299 1153 4397 et‘Aelhiopes,
1182 4305 1236 4397 qui
1262 4303 1396 4395 vulgari
1428 4303 1540 4396 hngua
1566 4312 1698 4376 utuntur
1732 4305 1765 4371 in
1799 4323 1954 4374 sermone
1984 4301 1987 4306 ’

583 4401 755 4495 familiari,
790 4406 831 4478 ah
861 4427 902 4475 ea
925 4403 1026 4497 longe
1049 4404 1199 4495 diversa,
1232 4429 1318 4502 quae
1352 4410 1386 4478 in
1413 4410 1518 4480 sacris
1545 4405 1666 4478 Officiis
1693 4402 1779 4476 solet
1792 4406 1953 4499 usurpari.

583 4507 675 4578 Illam
712 4511 812 4600 igitur
844 4517 881 4579 ut
910 4507 1054 4600 linguam
1093 4533 1223 4583 sacram
1254 4513 1499 4610 Aegyptiorum
1532 4507 1791 4580 Christianorum
1823 4510 1954 4580 censeri

584 4622 736 4705 oportet,
756 4634 872 4707 neque
898 4615 1107 4704 conjecturas
1134 4617 1282 4687 virorum
1310 4615 1510 4688 eruditorum
1536 4615 1721 4686 contrarias
1741 4619 1863 4683 tantum
1882 4634 1954 4684 va-

583 4713 698 4787 lituras
726 4717 973 4805 existimamus,
999 4726 1035 4788 ut
1060 4740 1151 4791 nova
1176 4717 1234 4793 vel
1258 4718 1369 4792 liotitia
1396 4719 1552 4814 deinceps
1579 4718 1793 4789 existimetur.

1000 5045 1527 5090 ψ.-
