4736 6064
588 591 629 669 IN
641 589 823 668 ohtedun
840 591 1064 668 GENERALEM
1083 589 1168 668 SIVE
1183 587 1390 665 abutetur
1408 589 1677 667 AETHIOPICAM.
1742 589 1817 663 517

448 772 486 835 de
509 772 567 836 lide
595 774 819 850 Eucharistiae,
850 776 921 856 quid
950 773 1130 856 Aethiopica
1159 772 1299 836 Ecclesia
1328 772 1478 851 crederet,
1510 775 1614 855 paucis
1646 774 1818 854 proposuit,

449 873 561 952 aliquot
582 875 750 938 testimonia
771 874 874 937 retulit
896 893 936 935 ex
964 872 1224 936 benedictionibus
1254 871 1401 948 Patenae,
1431 871 1540 936 Calicis
1570 881 1602 934 et
1630 871 1815 948 Ceehlearis,

449 978 510 1033 tum
532 971 658 1034 relatum
681 990 772 1053 supra
796 991 812 1035 a
834 973 922 1034 nobis
946 969 1029 1050 illud,
1053 971 1134 1052 qued
1151 991 1190 1032 ex
1203 971 1338 1051 Liturgia
1357 971 1475 1033 Patrum
1488 971 1690 1034 Nicaenerum
1702 973 1820 1035 Wans-

447 1069 545 1131 tebius
572 1071 769 1152 produxerat.
813 1071 858 1132 Ea
885 1069 951 1132 sola
982 1077 1080 1131 tamen
1103 1070 1278 1150 simpliciter
1308 1068 1471 1146 intellecta,
1494 1078 1526 1131 ut
1549 1086 1623 1131 sane
1646 1087 1708 1131 nen
1731 1071 1818 1133 aliter
1934 1113 1942 1130 .

449 1170 486 1230 ab
514 1168 675 1252 Aegyptiis
703 1177 733 1232 et
762 1168 960 1250 Aethiopibus
983 1169 1208 1250 intelliguntur,
1238 1187 1357 1230 emnem
1384 1167 1499 1230 Ludelti
1529 1175 1560 1230 et
1586 1161 1817 1232 protestantium

448 1267 646 1350 Tbeelegiarn
666 1269 853 1330 conturbant.
898 1268 1010 1330 Verum
1038 1267 1076 1328 de
1106 1266 1163 1329 illis
1182 1267 1327 1347 judicium
1350 1267 1546 1346 interponere
1568 1267 1694 1346 veritus,
1719 1270 1818 1330 statim

448 1366 485 1428 ad
507 1366 688 1447 Aethiopem
715 1385 802 1428 suum
832 1355 1022 1446 provocavit,
1052 1367 1100 1427 cui
1129 1383 1196 1426 cum
1226 1365 1418 1445 exposuisset
1447 1364 1817 1445 Transubstantiatienem,
1916 1405 1917 1408 =

448 1466 571 1549 negavit
592 1465 644 1527 ille
667 1465 726 1527 tale
749 1464 909 1546 quidquam
938 1464 1018 1546 apud
1047 1481 1120 1527 sues
1143 1463 1236 1528 credi.
1284 1462 1326 1525 At
1354 1463 1436 1526 illmn
1465 1464 1657 1545 interrogare
1688 1464 1819 1526 debebat

450 1581 488 1625 aa
511 1580 578 1625 eum
599 1563 679 1624 illam
698 1561 926 1625 Confessionem
948 1564 1191 1642 prenuntiabant,
1215 1564 1431 1637 existimarent,
1454 1564 1484 1624 in
1508 1561 1592 1624 disee
1610 1561 1818 1625 Eucharistiae

449 1674 557 1743 panem
580 1661 745 1742 simplicem
769 1680 849 1740 esse,
872 1662 974 1724 vinum
996 1662 1093 1725 solum
1115 1665 1146 1724 in
1169 1662 1273 1724 calice.
1315 1660 1467 1742 Negasset
1489 1660 1518 1722 id
1541 1659 1688 1741 Aethiops
1712 1662 1821 1741 procul

451 1761 553 1840 dubio,
577 1766 610 1821 ut
630 1761 754 1841 negavit
776 1760 845 1821 mihi
875 1759 1032 1822 admodum
1051 1762 1172 1841 juveni,
1201 1769 1269 1826 ante
1294 1760 1402 1822 multos
1426 1777 1537 1837 annos,
1567 1761 1672 1820 Petrus
1701 1760 1820 1838 quidam

449 1859 609 1937 Aethiops,
633 1859 683 1939 qui
705 1857 821 1920 Lutetia
845 1860 972 1937 transiit,
996 1859 1126 1941 legendo
1149 1860 1227 1922 hanc
1250 1861 1416 1922 orationem
1439 1858 1594 1920 inMissali
1617 1861 1820 1940 manuscripto

451 1977 540 2039 quem
568 1973 672 2020 secum
700 1957 849 2040 gestabat.
907 1957 967 2020 Sed
996 1976 1058 2021 non
1088 1979 1128 2022 ex
1157 1959 1302 2022 similibus
1340 1959 1517 2020 testimoniis
1555 1957 1630 2020 fides
1664 1952 1826 2020 Ecclesiae

448 2057 647 2136 Aethiopicae
670 2055 840 2118 delinienda
863 2064 920 2134 est,
943 2075 1010 2117 curn
1033 2058 1135 2120 verbis
1154 2058 1223 2120 lnce
1246 2057 1423 2120 clarioribus
1448 2075 1503 2136 per·
1526 2075 1560 2118 se
1582 2057 1648 2138 ipsa
1671 2057 1821 2138 loquatur.

449 2158 494 2219 Ea
517 2156 542 2217 si
565 2155 643 2216 netis
666 2156 728 2216 suis
751 2153 905 2216 infuscare
935 2154 1081 2219 Ludelfus
1112 2155 1293 2237 desperavit,
1316 2152 1388 2218 nihil
1411 2156 1528 2230 mirum,
1552 2173 1618 2216 eum
1641 2154 1826 2218 dissimulari

449 2253 577 2328 facilius,
600 2270 687 2333 quam
710 2251 747 2316 ad
769 2252 972 2316 Lutheranum
1001 2253 1109 2338 dogma
1139 2255 1274 2335 torqueri
1295 2260 1414 2334 queant.
1460 2252 1593 2316 Licuerit
1623 2254 1655 2315 id
1685 2252 1821 2330 Claudio,

451 2353 502 2433 qui
523 2352 668 2414 similibus
691 2351 870 2414 testimoniis
893 2371 960 2414 cum
983 2353 1144 2416 exsolvere
1172 2372 1207 2416 se
1235 2370 1297 2414 nen
1320 2358 1436 2434 posset,
1460 2370 1496 2413 ea
1519 2352 1638 2414 silentio
1671 2353 1821 2415 eludebat.

451 2451 611 2514 Historiam
633 2450 785 2512 scribebat
812 2450 968 2527 Ludelfus,
991 2459 1022 2514 et
1051 2453 1092 2514 ita
1118 2470 1195 2531 quae
1224 2452 1253 2512 in
1277 2452 1475 2513 monumentis
1506 2450 1662 2513 Ecclesiae
1691 2451 1823 2513 Aethio-

449 2550 536 2630 picae
559 2548 739 2630 legebantur
761 2549 920 2612 bonafide
943 2550 1060 2614 referre
1082 2550 1164 2612 illum
1193 2550 1362 2630 oportebat.
1408 2550 1502 2631 liujus
1534 2549 1560 2611 si
1584 2549 1740 2612 scintillam
1763 2551 1822 2612 ha·-

449 2650 575 2726 buisset,
600 2655 643 2710 tet
665 2648 868 2713 invocationis
891 2648 1021 2731 Spiritus
1044 2651 1141 2712 sancti
1170 2647 1315 2712 formulas
1337 2649 1456 2711 referre
1480 2647 1626 2711 debebat:
1658 2651 1690 2711 in
1718 2650 1821 2730 primis

449 2766 524 2811 vere
554 2747 782 2810 Confessionem
813 2748 850 2811 de
880 2767 938 2829 qua
965 2749 1133 2829 loquimur,
1164 2765 1251 2829 qnam
1278 2748 1309 2809 in
1346 2746 1472 2828 singulis
1500 2746 1644 2828 Liturgiis
1676 2748 1823 2830 religiose

450 2847 647 2929 pronuntiari,
670 2866 732 2910 nen
755 2855 874 2928 peterat
897 2849 1049 2931 ignorare.

536 2946 568 3007 ln
592 2947 741 3008 Versieno
765 2954 869 3008 nestra
893 2948 1071 3009 sententiam
1095 2953 1195 3007 textus
1220 2944 1395 3025 Aethiopici
1417 2944 1547 3006 fideliter
1568 2942 1761 3019 reddidimuS,
1784 2959 1822 3004 eo

450 3043 566 3105 facilius
590 3044 670 3123 qued
702 3043 871 3125 Coptieam,
895 3062 972 3124 quae
1003 3047 1100 3108 eidem
1126 3042 1307 3124 respondet,
1337 3061 1403 3104 curn
1434 3060 1470 3104 ea
1493 3043 1742 3122 comparavimus.
1789 3041 1823 3103 ln

449 3159 509 3202 uno
533 3141 613 3220 lece,
636 3143 687 3222 qui
709 3142 835 3222 alicujus
858 3143 999 3205 momenti
1022 3152 1079 3219 est,
1101 3143 1222 3225 legitur,
1247 3141 1398 3205 Christum
1428 3157 1539 3222 cerpus
1575 3141 1753 3204 assumsisse
1782 3159 1823 3202 ex

451 3239 545 3301 Beata
568 3241 692 3323 Virgine
716 3243 782 3302 sine
809 3242 965 3316 mistione,
992 3250 1046 3302 eet
1073 3244 1182 3321 copule
1203 3243 1347 3304 naturali.
1401 3240 1512 3301 Verum
1541 3240 1600 3301 hoe
1629 3257 1691 3300 nen
1720 3239 1823 3301 dicunt

447 3339 629 3418 Aethiopes,
651 3357 752 3418 neque
769 3337 922 3420 Coptitae:
946 3339 1001 3402 sed
1024 3340 1190 3403 duarumin
1208 3341 1329 3404 Christe
1347 3348 1519 3402 naturarum
1541 3339 1721 3412 mistionem,
1743 3354 1822 3400 cen-

447 3434 596 3501 fusionem
619 3445 650 3499 et
673 3437 880 3500 alterationem
903 3438 1084 3520 excludunt,
1116 3439 1223 3520 quibus
1246 3440 1349 3502 verbis
1372 3439 1517 3520 Eutychis
1541 3437 1682 3526 haeresin
1706 3438 1822 3500 abomi-

447 3535 513 3596 nari
535 3551 569 3596 se
592 3543 751 3598 testantur.

537 3631 624 3696 Circa
649 3635 747 3698 fiuent.
791 3634 980 3697 sementibus
1009 3657 1075 3698 cem
1096 3636 1298 3700 irr‘ecritete:
1330 3636 1436 3698 melius
1466 3657 1534 3698 cem
1558 3637 1636 3716 fide:
1664 3653 1721 3698 nec
1744 3634 1823 3695 enirn
1916 3639 1919 3642 ’

450 3733 587 3795 remissie
610 3741 803 3814 peccatorum
826 3741 857 3795 et
878 3736 939 3797 vita
962 3743 1085 3798 aeterna
1101 3736 1240 3812 obtineri,
1263 3755 1319 3816 per
1331 3736 1540 3798 Eucharistiae
1562 3733 1821 3814 participationem

450 3840 569 3914 petest,
605 3831 642 3894 ab
673 3849 710 3894 eo
747 3835 797 3913 qui
825 3833 883 3895 hde
913 3842 1007 3896 earet.
1061 3834 1169 3916 Neque
1199 3841 1298 3898 tanton
1326 3837 1498 3898 existimare
1533 3835 1689 3914 quisquam
1720 3832 1822 3907 debet,

451 3931 621 3995 Orientales
644 3931 770 4012 alligare
793 3931 862 3996 fidei
885 3935 1164 3997 communicantium
1185 3953 1287 3996 veram
1304 3935 1442 4016 corperis
1457 3932 1568 3996 Christi
1590 3933 1823 4014 susceptionem.

449 4031 582 4092 Fuerunt
604 4030 712 4110 quibus
735 4029 811 4093 baec
833 4035 970 4112 quaestio
993 4041 1119 4096 tractata
1142 4041 1199 4112 est,
1222 4042 1256 4095 ut
1279 4034 1359 4096 inter
1382 4032 1457 4095 alies
1480 4033 1644 4114 Dionysius
1666 4030 1821 4106 Barsalibi,

449 4137 480 4192 et
503 4129 635 4193 Severus
658 4130 828 4211 Episcopus
857 4131 1060 4195 Ascbmenin:
1091 4151 1161 4195 num
1189 4133 1327 4195 infideles
1356 4137 1470 4212 'cerpus
1501 4130 1613 4194 Christi
1638 4132 1821 4210 acciperent.

448 4227 535 4290 Nulla
558 4237 623 4291 erat
646 4229 826 4305 obscuritas,
849 4231 874 4290 si
898 4231 928 4292 id
951 4230 1032 4310 quod
1054 4232 1294 4294 Pretestantibus
1327 4233 1457 4306 videtur,
1480 4229 1696 4304 credidissent,
1727 4227 1822 4289 solam

449 4326 537 4390 fidem
559 4329 688 4390 medium
711 4347 781 4390 esse
805 4325 865 4410 que
883 4326 994 4391 Christi
1016 4349 1128 4411 cerpus
1151 4315 1327 4413 percipitur.
1373 4331 1485 4392 Verum
1509 4347 1575 4392 eum
1599 4329 1679 4390 aliud
1700 4325 1822 4388 omnine

449 4425 595 4488 haberent
616 4428 647 4489 in
670 4429 780 4506 anime,
804 4427 841 4489 ad
864 4428 1006 4491 miracula
1028 4438 1241 4509 recurrerunt,
1270 4437 1300 4492 et
1322 4430 1421 4492 multis
1445 4429 1559 4510 placuit
1579 4428 1676 4489 Deum
1698 4422 1823 4488 mirabi-

448 4522 518 4586 liter
540 4525 661 4587 auferre
684 4533 714 4587 et
736 4526 915 4589 subtrahere
939 4545 1051 4609 corpus
1075 4529 1201 4591 Christi:
1225 4536 1258 4591 ut
1280 4530 1311 4590 in
1334 4529 1543 4590 communione
1559 4525 1656 4589 Judae
1674 4523 1823 4588 Christum

449 4621 561 4686 fecisse
583 4625 719 4687 nonnulli
742 4627 1005 4689 existimaverunt:
1031 4628 1207 4709 intingende
1230 4629 1347 4692 scilicet
1364 4626 1539 4707 buccellam,
1563 4624 1824 4688 consecrationem

450 4739 489 4782 ex
518 4741 554 4784 ea
584 4723 755 4800 abstulisse.
804 4724 864 4789 Sed
895 4729 946 4806 qui
975 4727 1012 4789 ad
1040 4726 1130 4790 tidem
1161 4728 1388 4809 suscipientium
1418 4726 1557 4789 effectum
1587 4722 1823 4787 consecrationis

449 4820 716 4898 retulerit'nullus
740 4825 903 4906 reperitur.

1532 4925 1617 5002 81*
