4686 6060
704 651 783 726 420
1109 647 1685 728 nnrltntltcnl

703 839 788 910 siam
812 841 847 910 in
871 839 956 912 urbe
985 849 1104 912 sancta
1138 859 1206 910 uon
1239 836 1378 928 babeat,
1412 846 1550 911 servata
1580 845 1634 908 est
1659 835 1884 924 cousuetudo,
1916 846 1954 908 ut
1983 859 2072 932 pro-

701 959 811 1050 prium
836 976 953 1029 omues
977 953 1123 1028 habeant
1146 953 1361 1052 Episcopum
1411 955 1460 1027 Ita
1486 953 1692 1041 Nestoriani,
1718 955 1811 1049 prius
1837 975 1935 1048 quam
1961 953 2071 1026 Jaco-

703 1069 794 1144 bitae
820 1093 916 1144 suum
940 1071 1007 1144 illic
1031 1071 1278 1167 Metropolitum
1304 1075 1477 1144 instituere
1502 1079 1580 1142 ante
1595 1073 1823 1166 septingentos
1850 1089 1956 1140 annos
1981 1091 2071 1142 eoe-

702 1196 835 1284 perunt,
861 1210 955 1260 saum
981 1185 1166 1262 habebant:
1197 1189 1361 1284 Aegyptii
1394 1210 1508 1261 suum:
1541 1187 1622 1283 Syri
1647 1183 1841 1272 Jacobitae,
1867 1195 1903 1258 et
1931 1187 2072 1258 Armeni

703 1325 816 1378 suum:
842 1313 977 1400 praeter
1003 1305 1180 1394 Graecum,
1206 1315 1241 1375 et
1265 1303 1432 1391 Latinum,
1460 1307 1516 1398 qui
1539 1301 1756 1375 Patriarcbae
1786 1301 1872 1396 dion,
1897 1311 1982 1374 sunt
2034 1301 2072 1372 In

542 1493 549 1502 ,
704 1419 969 1494 Patriarebuum
995 1420 1298 1495 Alexandrinorum
1325 1419 1440 1504 titulis,
1473 1419 1581 1492 nullus
1616 1422 1672 1514 qui
1694 1417 1957 1509 jurisdictionem
1983 1416 2072 1490 illam

703 1539 738 1608 in
763 1535 1103 1634 Hierosolymitanam
1129 1537 1310 1610 Dioecesin
1336 1535 1516 1629 significet,
1549 1558 1571 1607 a
1604 1531 1702 1606 uobis
1727 1531 1792 1604 bne
1816 1555 1922 1628 usqne
1948 1555 2071 1629 reper-

702 1665 755 1727 tus
821 1665 843 1726 t

416 1768 455 1828 ⁰⁰
471 1766 691 1868 Νοΰΰῑῦξωω·
782 1677 881 1842 esox
907 1767 981 1840 Iitsi
1007 1790 1092 1841 vero
1119 1789 1186 1840 non
1220 1767 1262 1839 de
1295 1765 1521 1855 Ortbodoxis,
1556 1767 1618 1839 sed
1652 1765 1696 1839 de
1723 1765 1886 1840 Jacobitis
1919 1785 2072 1857 agamus,

382 1854 691 2014 ἱᾙέξᾟζηί
705 1898 738 1959 et
763 1885 937 1982 dispositio
964 1884 1053 1958 sedis
1079 1883 1347 1972 Alexandrinae,
1374 1887 1513 1978 eJusqne
1539 1887 1574 1955 in
1599 1885 1712 1957 varias
1737 1881 1946 1976 metropoles
1977 1881 2072 1952 divi-

704 2007 773 2090 sio,
808 2001 852 2073 ad
883 2005 1015 2097 priores
1049 2003 1233 2097 pertineat,
1265 2001 1340 2095 quia
1366 2009 1477 2070 nmen
1506 1997 1615 2073 baudi
1648 1997 1842 2072 lectoribus·
1855 2019 1935 2070 esse
1960 2007 2073 2094 potest

702 2117 845 2208 Notitia,
873 2140 960 2214 quae
986 2140 1007 2188 a
1034 2115 1209 2190 Guillelnro
1235 2116 1428 2207 Beveregio
1454 2113 1620 2210 publicata
1646 2125 1717 2202 est,
1753 2118 1787 2186 in
1812 2115 1901 2186 notis
1928 2112 1971 2184 ad
1998 2109 2073 2184 Ca-

703 2257 827 2309 nouum
853 2232 1079 2307 Collectiones
1106 2235 1240 2320 varas,
1274 2240 1308 2303 et
1333 2233 1516 2302 existImari
1546 2239 1663 2327 posset
1689 2229 1831 2325 aliquam
1862 2227 1948 2300 illius
1983 2249 2070 2323 pro-

701 2354 885 2425 vinciarum
912 2349 1087 2422 divisionis
1111 2347 1252 2421 formam
1280 2343 1342 2420 sub
1358 2345 1520 2420 Jacobitis
1547 2367 1738 2444 superesse,
1765 2367 1840 2418 eam
1865 2346 1982 2440 puncta
1999 2367 2070 2417 ex-

701 2455 829 2565 plicare
864 2487 989 2562 operae
1020 2468 1162 2561 pretium
1197 2467 1273 2535 erit:
1308 2466 1384 2558 quia
1420 2473 1577 2558 quantum
1610 2473 1739 2559 spectat
1772 2461 1815 2536 ad
1848 2463 2071 2534 recentiorem

702 2585 853 2678 Aegypti
880 2580 1138 2678 Geograpbiam,
1166 2579 1307 2652 Graecis
1333 2578 1467 2652 Notitiis
1493 2579 1624 2651 videtur
1650 2581 1849 2652 accuratior.
1899 2575 1951 2650 Eu
1981 2575 2070 2647 dici-

702 2710 757 2770 tur
790 2708 951 2793 excerpta
985 2696 1089 2770 baisse
1129 2719 1176 2768 ex
1207 2695 1335 2768 Codice
1373 2699 1498 2791 scripto
1535 2718 1635 2768 manu
1664 2692 1820 2791 Eutycbii
1849 2691 2071 2766 Alexandrini

702 2812 935 2901 Pantarchae,
964 2816 1017 2909 qui
1044 2836 1090 2885 ex
1115 2812 1252 2885 historia
1279 2833 1340 2886 sua
1366 2813 1448 2884 satis
1473 2821 1571 2884 notus
1599 2821 1661 2886 est

808 2928 893 3002 cxl.
922 2954 942 3001 ι.
969 2929 1089 3018 Sedes,
1115 2931 1229 3024 inquit,
1256 2935 1308 3000 eal
1332 2927 1599 3021 Arelieptacopi
1624 2927 1862 3030 Maraeottdta.

808 3043 908 3118 CXII
950 3070 982 3118 n
1015 3045 1261 3138 Metropolitae
1293 3043 1417 3114 Barca
1448 3050 1483 3114 et
1512 3043 1745 3137 Pentapoleos
1776 3045 1992 3138 Africanae,
2026 3043 2071 3114 ita

703 3165 791 3236 enim
816 3162 1030 3250 vertendum,
1055 3184 1123 3234 non
1148 3172 1185 3233 ut
1209 3161 1432 3253 Beveregius,
1465 3163 1611 3254 potoque
1635 3159 1769 3232 orbitam
1795 3159 2070 3231 Occidentaliaat

704 3279 769 3365 Qui
795 3283 845 3352 sic
869 3281 1079 3374 interpretari
1105 3277 1222 3367 volet,
1248 3298 1316 3349 uon
1342 3273 1449 3348 verba
1484 3275 1545 3349 sed
1580 3278 1727 3369 origines
1759 3279 1927 3350 nominum
1959 3277 2070 3346 inter·

700 3395 894 3493 prolabitur.
946 3394 1031 3467 Nam
1058 3392 1213 3490 Mopreb,
1240 3395 1304 3464 etsi
1330 3414 1376 3462 ex
1411 3390 1618 3488 etymologia
1645 3391 1861 3466 Occidentem
1894 3389 2070 3484 significet

700 3535 763 3584 usu
788 3523 901 3585 tamen
926 3521 1020 3582 certo
1047 3509 1136 3607 apud
1160 3506 1315 3599 Arabes,
1345 3510 1505 3602 Africam
1535 3507 1713 3602 significat:
1746 3531 1855 3605 neque
1876 3511 1950 3624 l'ln
1973 3509 2069 3587 nnn

702 3632 848 3723 quinque
873 3625 987 3716 orbec,
1014 3626 1074 3699 sed
1099 3627 1329 3722 provinciam,
1361 3625 1422 3698 sub
1451 3627 1594 3720 quinque
1625 3625 1762 3700 urbibus
1794 3626 2068 3721 comprehensam

701 3742 871 3836 designat,
898 3747 973 3817 sive
998 3743 1087 3839 quod
1113 3743 1200 3814 idem
1228 3753 1281 3814 est
1304 3741 1523 3834 Pentapolim.

805 3857 921 3933 CXIII.
948 3884 993 3932 ιιι.
1019 3859 1311 3952 Aretieptacopna
1336 3858 1468 3929 Mtcree
1493 3879 1555 3929 aee
1575 3857 1726 3930 canem
1750 3865 1786 3929 et
1802 3859 1966 3930 ditiorem
1985 3863 2067 3950 ejus,

702 3997 806 4070 caque
832 3977 879 4047 ed
904 3983 1032 4048 terrum
1056 3997 1234 4069 supremae
1264 3973 1456 4046 Ibebetdte.
1508 3974 1555 4047 At
1581 3971 1642 4046 sub
1668 3954 1832 4046 Jacobitis
1858 3975 1983 4062 lilaea,
2007 3996 2069 4047 seu

703 4089 842 4181 Cabiro,
869 4090 933 4165 hoe
960 4101 1013 4166 est
1037 4091 1117 4165 urbs
1143 4100 1242 4163 vetus
1268 4100 1301 4162 et
1326 4111 1436 4180 nova,
1463 4087 1536 4162 solo
1561 4089 1785 4186 Episcopatus
1810 4089 1902 4163 titulo
1928 4093 2069 4182 insignis

703 4219 785 4281 erat
839 4207 938 4294 Quod
964 4228 1057 4281 vero.
1080 4229 1185 4302 eaque
1216 4206 1263 4277 ad
1294 4208 1506 4299 repertorem
1545 4203 1749 4278 lbebetdem
1780 4204 1865 4278 haec
1889 4207 2069 4282 DIoeeesis

699 4327 892 4419 pertigerit,
919 4324 954 4397 id
979 4322 1127 4397 rorasse
1152 4344 1269 4396 verum
1297 4321 1384 4419 apud
1409 4320 1600 4411 Melcbitas,
1632 4326 1687 4417 qui
1712 4321 1941 4396 Jaeobiturum
1967 4345 2067 4396 com-

701 4444 875 4538 paratione
901 4463 1028 4538 paucos
1054 4437 1220 4512 habebant
1243 4438 1467 4535 Episcopatus
1493 4440 1528 4508 in
1553 4436 1740 4512 Thebaide:
1773 4449 1872 4534 atque
1896 4441 1943 4511 ita
1968 4436 2068 4511 facile

702 4558 763 4630 luit
788 4567 824 4630 ut
848 4558 933 4630 baec
964 4556 1161 4652 Metropolis
1195 4554 1237 4628 ad
1269 4558 1477 4652 superiorem
1510 4577 1616 4651 usque
1647 4557 1822 4649 regionem
1852 4559 2067 4652 pertingeret

701 4673 808 4748 Ideo
834 4673 1047 4747 verisimilius
1072 4672 1223 4762 videtur,
1259 4671 1347 4768 qnod
1380 4670 1530 4767 reliquae
1555 4670 1763 4769 Metropoles
1798 4673 1840 4747 ad
1874 4671 2066 4746 inferiorem

701 4793 819 4885 paucis
855 4791 1008 4886 exceptis
1039 4788 1233 4886 Aegyptum
1266 4789 1449 4886 pertinent,
1485 4797 1543 4859 aut
1575 4792 1776 4883 peregrinae
1807 4811 1947 4887 prorsus
1981 4797 2065 4861 sunt

701 4903 783 4976 Inde
809 4907 908 4978 etiam
935 4913 1067 4979 constat
1093 4903 1223 4976 differre
1255 4926 1353 5000 ([ιιιιι
1380 4901 1553 5000 plurimum
1578 4907 1677 4978 istam
1703 4905 1831 4979 sedium
1856 4907 2065 4996 divisionem,

703 5018 746 5093 ab
774 5043 814 5092 ea
842 5043 939 5116 quam
966 5029 1100 5095 autores
1120 5019 1255 5113 Graeci,
1281 5021 1359 5093 lieet
1383 5041 1451 5092 non
1477 5043 1611 5118 semper
1637 5021 1756 5095 eodem
1782 5021 1892 5112 modo,
1919 5043 2064 5119 reprae-

701 5145 842 5212 sentent.
