4736 6064
734 415 818 498 snm
846 415 976 496 emon
1000 419 1246 497 mann
1274 349 1501 497 numeror.
1721 419 1797 494 477

701 691 823 765 Oratio
846 713 913 786 pro
940 691 1009 764 iltis
1035 694 1092 786 poi
1118 675 1304 764 ottotmuot
1330 691 1530 763 oblationes.

534 879 656 952 lterum
681 880 898 976 deprecemur
923 882 1179 977 omnipotentem
1195 882 1321 973 Deum,
1346 882 1479 954 Patrem
1505 879 1639 953 Domini
1666 891 1699 954 ct
1725 881 1800 955 sal-

431 997 558 1068 vatoris
583 995 689 1067 nostri
713 995 796 1069 lesu
827 993 966 1084 Christi,
1000 1018 1063 1092 pro
1095 996 1240 1092 illisqui
1271 996 1458 1070 eburlemnt
1489 1017 1637 1086 munero,
1663 999 1697 1069 in
1724 1020 1801 1087 una,

432 1108 621 1198 catholica,
647 1109 799 1184 Ecclesia
826 1122 961 1202 sancta,
987 1110 1192 1200 oblationes,
1218 1115 1397 1208 primitias,
1425 1111 1570 1186 decimas
1597 1112 1639 1185 ad
1666 1117 1799 1204 gratia-

430 1248 504 1298 rum
530 1229 693 1299 actionem
720 1235 753 1298 et
777 1229 990 1317 memoriam,
1017 1229 1091 1300 sive
1122 1227 1271 1316 multum,
1304 1232 1379 1300 sive
1408 1226 1592 1324 paululum,
1626 1230 1701 1302 sive
1730 1251 1801 1325 pu-

429 1341 537 1433 blice,
563 1345 638 1416 sivo
663 1352 814 1416 secreto:
842 1353 877 1415 ut
903 1346 1002 1415 etiam
1027 1363 1090 1438 pro
1116 1342 1180 1417 illis
1207 1347 1261 1439 qui
1287 1344 1464 1416 voluerunt
1498 1343 1637 1433 offerre,
1674 1355 1707 1416 et
1732 1366 1800 1416 non

429 1470 623 1556 potuerunt:
651 1467 822 1555 acceptum
848 1461 891 1532 sit
915 1467 1031 1532 votum
1056 1468 1091 1530 et
1116 1458 1313 1532 desiderium
1340 1463 1505 1550 omnium,
1537 1461 1571 1530 io
1598 1460 1695 1532 coelo
1722 1463 1800 1556 spi-

430 1574 557 1666 rituali,
584 1579 791 1670 gratiamque
815 1572 1055 1648 benedictionis
1082 1577 1172 1647 omni
1198 1577 1293 1671 operi
1310 1576 1490 1668 concedat,
1517 1577 1568 1648 cui
1582 1585 1733 1672 potestas
1749 1586 1801 1650 est

431 1694 594 1765 Dominus
620 1692 712 1764 Deus
739 1699 864 1763 noster.

532 1809 721 1882 Diaconos.
748 1806 852 1879 Orate
876 1828 938 1901 pro
965 1805 1029 1880 illis
1056 1810 1111 1903 qui
1136 1806 1326 1881 obtulcnmt
1351 1831 1497 1881 munere.

534 1924 726 1999 Sacerdos.
751 1921 894 1995 Domine
932 1925 1024 1997 Deus
1061 1925 1287 2021 omnipotens,
1322 1945 1481 2017 rogamus
1515 1933 1549 1996 ct
1581 1921 1800 2019 deprecamur

431 2052 464 2116 te
490 2066 552 2140 pro
578 2043 643 2116 illis
670 2042 725 2134 qui
751 2037 939 2112 churlenmt
964 2060 1119 2130 munera,
1146 2039 1190 2112 ad
1221 2050 1389 2131 sanctam,
1421 2041 1550 2111 unicam
1586 2049 1620 2111 et
1647 2039 1800 2112 Catholi-

431 2181 505 2231 cam
531 2157 741 2236 aeclesiam,
775 2157 850 2226 sive
875 2152 1009 2225 multum
1036 2156 1110 2226 sive
1135 2152 1318 2249 paululum,
1353 2159 1427 2227 sive
1463 2152 1596 2250 publice
1629 2157 1704 2228 sive
1736 2177 1799 2254 se-

432 2273 540 2346 creto:
568 2283 602 2345 et
626 2295 689 2369 pro
715 2269 779 2342 illis
806 2273 862 2365 qui
887 2268 1064 2341 voluerunt
1089 2291 1153 2340 nee
1178 2279 1373 2366 potuenmt:
1402 2281 1575 2367 acceptum
1609 2274 1653 2344 sit
1683 2280 1800 2344 votum

431 2399 466 2461 et
497 2387 695 2461 desiderium
742 2387 904 2460 omnium:
945 2383 988 2455 da
1028 2383 1092 2458 illis
1126 2385 1332 2476 mercedem,
1373 2396 1407 2458 et
1450 2384 1639 2460 benedictio
1673 2385 1800 2482 duplex

429 2503 494 2578 illis
522 2527 542 2576 a
567 2515 602 2577 te
627 2501 827 2577 concedatur
852 2521 915 2597 por
938 2502 1143 2593 unigenitum
1168 2502 1286 2574 Filium
1313 2513 1420 2576 mum:
1453 2525 1515 2598 per
1541 2523 1638 2597 quem
1665 2515 1700 2577 et
1725 2525 1799 2576 cum

433 2641 517 2715 quo,
544 2630 577 2692 et
603 2643 678 2692 cum
704 2629 819 2693 sancto
834 2617 958 2713 Spiritu
983 2615 1042 2690 tihi
1069 2628 1122 2692 cst
1147 2618 1255 2710 glorio
1282 2629 1317 2692 et
1341 2626 1503 2715 potestas,
1529 2640 1616 2690 nunc
1643 2626 1677 2690 et
1702 2639 1800 2691 sem-

430 2758 504 2833 per,
531 2745 565 2808 ct
589 2738 623 2807 in
649 2733 786 2810 saccula
813 2731 1030 2808 saeculorum.
1059 2734 1180 2807 Amen.

816 2973 852 3044 ll.
896 2975 1018 3044 Oratio
1045 2973 1229 3046 oblationis
1253 2978 1423 3068 mysticae.

534 3148 695 3240 Princeps
719 3143 803 3217 lesu
829 3140 973 3235 Christe,
1006 3148 1101 3238 cujus
1135 3143 1318 3219 substantia
1350 3145 1440 3218 iacta
1471 3168 1539 3219 non
1574 3160 1627 3220 cst
1658 3145 1800 3221 verbum

432 3287 549 3362 purum
582 3264 817 3356 genitoris...
844 3260 935 3332 Patri
968 3267 1002 3330 et
1036 3259 1172 3355 Spiritui
1198 3272 1335 3351 scucto;
1374 3271 1409 3335 tu
1449 3260 1596 3358 aequalis
1631 3285 1669 3337 cs
1702 3267 1799 3361 panis

432 3384 532 3456 vivus
559 3381 615 3475 qui
641 3375 811 3448 descendit
837 3375 879 3448 de
905 3375 1018 3463 coelo,
1046 3379 1102 3470 qui
1126 3379 1218 3471 prius
1245 3378 1334 3451 fuisti
1360 3380 1394 3448 in
1424 3376 1531 3470 figura
1563 3380 1641 3471 agni
1674 3380 1798 3450 inma-

433 3494 533 3568 culati
565 3514 627 3590 pro
659 3495 729 3564 vita
761 3491 890 3564 mundi:
927 3513 1015 3564 nunc
1047 3512 1206 3585 rogamus
1245 3503 1279 3566 et
1312 3491 1528 3567 obsecramus
1561 3491 1800 3586 benignitatem

433 3622 540 3702 mam,
566 3617 695 3681 amator
719 3606 901 3682 hominum:
930 3605 1069 3681 ostendo
1095 3606 1215 3680 faciem
1240 3620 1331 3682 mam
1358 3631 1459 3704 super
1484 3608 1571 3681 hunc
1601 3631 1736 3706 panem,
1765 3617 1800 3682 et

434 3750 535 3824 super
566 3724 652 3798 hunc
685 3723 844 3814 calcem,
885 3745 969 3819 quos
1002 3727 1238 3821 proposuimus
1271 3748 1373 3822 super
1398 3725 1462 3801 hoc
1494 3725 1599 3798 altaro
1629 3726 1800 3822 spirituale

433 3852 538 3918 tuum:
564 3839 715 3929 benedic,
743 3840 912 3914 sanctifica
940 3848 974 3912 ct
998 3840 1135 3937 purifica
1160 3839 1255 3931 illos3
1282 3843 1356 3915 5et
1370 3852 1552 3916 transmutas
1568 3841 1653 3914 hunc
1666 3863 1799 3938 panem,

433 3970 470 4032 ut
494 3959 551 4034 liat
576 3979 698 4053 corpus
726 3966 815 4030 tuum
841 3978 973 4052 purum:
1002 3967 1036 4028 et
1061 3956 1150 4052 quod
1176 3961 1308 4032 mistum
1333 3966 1386 4034 est
1410 3963 1445 4030 in
1478 3957 1543 4030 hoc
1577 3958 1682 4031 calice
1712 3980 1798 4033 san-

434 4078 508 4169 guis
535 4087 609 4154 tuus
635 4078 819 4174 pretiosus,
845 4075 989 4171 fiantque
1015 4075 1113 4150 nobis
1140 4074 1312 4166 omnbus,
1340 4072 1463 4149 oblatio
1491 4072 1534 4146 ad
1560 4073 1735 4164 medelam,
1763 4082 1798 4146 et

434 4192 478 4265 ad
504 4193 643 4266 salutem
669 4195 799 4267 animae
824 4202 960 4267 nosuac
986 4201 1021 4264 et
1046 4197 1225 4291 corporis:'
1239 4195 1315 4288 quia
1341 4201 1376 4263 tu
1403 4212 1440 4264 es
1465 4189 1543 4264 Rex
1558 4193 1702 4263 omnium
1726 4212 1797 4262 no-

435 4321 539 4384 strum
565 4309 695 4384 Christe
722 4311 814 4382 Deus
840 4317 972 4399 noster,
1000 4319 1034 4383 et
1059 4313 1223 4384 mittemus
1250 4308 1308 4383 tihi
1325 4329 1468 4398 sursum,
1494 4307 1798 4396 sanctificationem,

435 4424 578 4520 glorium
604 4437 638 4500 ct
664 4426 911 4516 adorationem,
937 4425 1099 4521 simulque
1124 4427 1216 4499 Patri
1247 4436 1304 4499 tuo
1337 4423 1425 4498 hono
1458 4421 1619 4513 coelesti,
1654 4433 1689 4496 et
1713 4421 1797 4518 Spi-

435 4545 510 4616 ritui
536 4553 593 4615 tuo
619 4553 735 4616 sancto
750 4541 944 4630 vivificanti,
970 4563 1058 4614 nunc
1083 4553 1118 4614 et
1143 4563 1292 4637 semper,
1320 4548 1354 4612 et
1377 4543 1411 4612 in
1428 4537 1561 4615 saecule
1578 4537 1796 4611 sacculorum.

434 4661 555 4734 Amen

537 4775 725 4848 Diccoooa.
751 4773 902 4847 Adorate
927 4773 1035 4845 Deum
1062 4794 1135 4845 cum
1161 4775 1291 4847 timore.

536 4890 699 4984 Populos.
727 4887 849 4962 Coram
876 4901 910 4962 te
936 4886 1079 4961 Domine
1105 4887 1303 4980 adoramus,
1330 4897 1365 4962 et
1389 4887 1611 4981 glorificamus
1637 4897 1680 4960 te.

1526 5005 1608 5080 to*
