4778 6034
400 640 450 718 DE
467 641 721 719 ldlUliGlellll
736 639 987 717 Othll'lhllllbl
1000 637 1149 716 ORlGlllll
1161 638 1209 714 ΕΤ
1221 637 1466 716 litaminis.
1542 634 1606 708 LV

248 827 397 918 guenta,
423 825 586 900 hnmanae
601 829 739 901 rationis
766 827 943 921 oppositio,
968 845 1034 898 non
1053 825 1095 897 ad
1110 822 1338 922 probationem
1356 823 1604 918 adhibebantur,

247 940 307 1014 sed
332 950 487 1038 tanquam
514 941 719 1036 objectiones
744 937 987 1014 refellebantur.
1041 941 1203 1027 Quantum
1233 961 1318 1014 vero
1351 941 1466 1016 similia
1495 940 1603 1015 verba

246 1055 438 1154 simpliciter
464 1067 602 1156 accepta
634 1057 771 1132 valeam
803 1055 845 1128 ad
879 1056 1087 1130 inserendam
1118 1056 1215 1130 iidem
1249 1057 1350 1132 realis
1381 1061 1602 1154 praesentiae,

245 1173 303 1246 vel
329 1195 371 1247 eo
398 1175 504 1248 solum
530 1178 611 1249 satis
638 1175 794 1261 elicitur,
821 1170 909 1268 quod
925 1172 1152 1246 Protestantes
1171 1172 1376 1246 haecomnia
1393 1173 1603 1249 sustulerunt.

246 1287 390 1364 Veteres
417 1289 570 1365 dicebant
595 1291 671 1364 dmm
697 1297 935 1364 sacramentum
961 1286 1193 1386 praeberetur:
1221 1291 1351 1383 Corpus
1370 1290 1513 1362 [briola
1539 1312 1602 1362 re-

246 1403 487 1501 spondebatur,
513 1409 640 1497 Amea,
670 1428 734 1502 qua
761 1403 833 1478 sola
859 1424 947 1477 voce
973 1403 1176 1479 testabantur
1202 1403 1376 1478 Christiani
1400 1406 1539 1480 credere
1565 1429 1603 1481 se

245 1521 279 1594 id
307 1521 396 1618 qood
421 1520 644 1618 suscipiebant
670 1543 747 1595 esse
772 1541 893 1618 corpus
920 1519 1057 1614 Christi,
1084 1531 1118 1594 et
1134 1523 1279 1617 pmmus,
1305 1524 1367 1594 nisi
1391 1519 1544 1615 fallimur,
1572 1523 1605 1596 id

247 1641 387 1730 negavit
410 1637 614 1712 Albertinos.

354 1753 393 1827 In
418 1755 606 1848 Anglicana
639 1751 784 1826 Eduardi
816 1751 871 1825 Vl.
901 1751 1049 1847 Liturgia
1086 1761 1210 1826 mahta
1244 1750 1329 1826 baec
1366 1752 1506 1827 formula
1540 1777 1606 1828 non
1654 1771 1822 1826 conamur:
1842 1773 1869 1826 u
1894 1790 1925 1828 ex

246 1866 385 1961 fuisset,
423 1873 487 1944 nisi
522 1871 671 1943 veritatis
698 1869 761 1943 sibi
787 1871 911 1941 conscii
941 1871 1013 1961 ejus
1045 1870 1187 1944 artifices
1217 1869 1306 1941 ibam
1331 1891 1406 1940 ctum
1431 1891 1520 1942 nova
1546 1895 1606 1946 sua
1619 1863 1808 1960 campanum
1837 1861 1924 1960 utrar-

248 1983 433 2079 'l'beologia
460 1985 629 2059 conciliari
654 2007 722 2059 non
746 2007 848 2081 posse
873 1984 1122 2060 intellexissent.
1174 1977 1268 2056 Hanc
1293 1987 1393 2078 igitur
1425 1987 1498 2078 ejus
1530 1987 1606 2060 loco
1619 1947 1925 2086 Ξῖᾞξζωωὼω

248 2099 498 2176 substituerunt:
525 2103 657 2196 Corpae
681 2103 821 2174 Domiai
846 2105 955 2174 aoatri
979 2103 1062 2175 Jeea
1087 2102 1214 2174 Cbrirti
1239 2101 1328 2196 qaod
1348 2122 1415 2195 pro
1443 2107 1477 2172 te
1495 2100 1608 2174 datram

249 2223 313 2304 ea,
341 2219 511 2289 custodiat
536 2239 676 2312 corpus,
703 2221 1038 2310 eloaimoratuom,
1064 2221 1228 2290 iaciture
1260 2225 1443 2289 aetenam
1494 2216 1538 2292 lit
1564 2219 1607 2292 ad

248 2331 404 2405 calicem:
430 2333 578 2430 Satiprtia
602 2335 648 2406 D.
674 2335 719 2408 N.
744 2336 778 2407 J.
805 2334 841 2405 C.
870 2337 928 2428 pai
948 2355 1016 2427 pro
1044 2340 1078 2406 te
1104 2337 1226 2430 epacta
1251 2338 1311 2421 eet,
1339 2333 1510 2406 cratodiaa
1525 2337 1608 2406 eai-

247 2471 333 2520 mam
364 2456 455 2520 tucca
483 2453 520 2522 ia
552 2453 655 2522 citare
687 2457 870 2524 aeternare.
922 2450 972 2523 lta
1003 2453 1038 2522 in
1071 2453 1176 2548 prima
1211 2450 1354 2524 editione
1388 2453 1465 2524 anni
1500 2449 1610 2524 toti.

247 2563 285 2636 ln
318 2563 465 2638 secunda
498 2564 583 2638 haec
611 2563 719 2639 verba
744 2586 882 2662 prorsus
916 2567 1039 2641 omissa
1072 2576 1168 2657 sunt,
1201 2576 1235 2639 ct
1267 2586 1383 2639 eorum
1416 2566 1493 2638 loco
1527 2565 1611 2638 haec
1748 2655 1752 2669 x

248 2678 437 2755 substituta:
462 2683 596 2776 Accipe
622 2682 947 2770 coronaretur,
975 2685 1011 2753 ia
1035 2684 1309 2754 recordationem
1344 2682 1433 2777 qaod
1459 2681 1611 2756 Christro

246 2817 311 2890 pro
338 2803 374 2868 te
398 2803 547 2870 mortuae
572 2805 640 2888 eat,
668 2801 819 2870 electri
844 2805 878 2870 te
904 2821 950 2870 ea
976 2820 1016 2870 eo
1043 2803 1079 2871 ia
1106 2800 1292 2871 cordetuo
1315 2820 1382 2892 per
1400 2799 1510 2892 fidem,
1538 2821 1611 2870 orca

247 2914 440 3008 pratiarara
462 2916 608 2986 actione.
659 2913 716 2988 Ad
746 2914 897 2987 calicem:
930 2913 1020 2986 Bibe
1041 2915 1107 2986 boc
1132 2917 1169 2985 ia
1199 2915 1489 3005 recordationen,
1522 2913 1612 3008 qaod

248 3027 396 3124 sapsa
429 3028 556 3100 Cbrirti
575 3050 644 3122 pro
672 3037 707 3101 te
733 3033 856 3126 effusae
881 3036 945 3118 eat,
973 3038 1008 3102 et
1030 3033 1165 3126 proiice
1190 3052 1264 3126 ope.
1290 3030 1328 3103 Iu
1349 3030 1499 3122 Liturgia
1525 3051 1611 3124 quae

250 3143 407 3239 deinceps
432 3143 611 3220 reformata
638 3155 707 3232 est,
733 3155 871 3240 chaque
897 3145 1005 3219 forma
1031 3148 1256 3239 conjungitur:
1289 3155 1323 3220 et
1348 3155 1485 3222 servata
1512 3153 1564 3220 est
1590 3167 1610 3216 a

249 3258 367 3332 Jacobi
394 3260 419 3333 l.
446 3270 596 3357 tempore
622 3261 664 3334 ad
689 3259 774 3332 hanc
799 3283 905 3356 usque
932 3262 1028 3334 dem
1079 3263 1117 3334 ln
1149 3261 1300 3354 Liturgia
1332 3271 1444 3334 mmeu
1476 3261 1611 3335 Scotica

250 3397 347 3470 quam
374 3373 516 3450 carolus
541 3377 567 3449 i
593 3385 835 3473 proposuerat,
862 3388 896 3450 et
921 3399 1007 3473 quae
1032 3380 1095 3474 ipsi
1122 3379 1225 3450 exitio
1258 3376 1338 3468 brit,
1374 3378 1520 3452 secunda
1553 3375 1610 3449 illa

252 3511 330 3586 pars
358 3494 481 3568 omissa
507 3500 569 3566 est
620 3493 695 3566 Hae
719 3513 805 3566 vero
831 3496 930 3568 toties
957 3493 1102 3567 rebotae·
1116 3492 1280 3566 iormulae
1312 3495 1509 3566 sacramenti
1544 3491 1610 3564 ad-

253 3609 455 3680 ministrandi
480 3607 564 3682 tales
591 3618 684 3700 sunt,
710 3617 746 3680 ut
771 3630 831 3682 eas
849 3612 1084 3705 pronunciare,
1111 3607 1241 3702 audbe,
1274 3616 1309 3680 et
1329 3611 1438 3680 Amen
1460 3629 1608 3705 respon-

253 3721 331 3794 dere
357 3745 464 3819 aeque
489 3727 638 3820 possint,
664 3726 719 3820 qui
744 3724 871 3797 realem
898 3725 1089 3821 quamdam,
1116 3723 1177 3797 sed
1202 3743 1367 3818 nunquam
1387 3726 1466 3799 satis
1493 3723 1607 3819 expli-

251 3847 356 3912 catam
381 3843 603 3935 praesentiam
629 3851 664 3913 et
687 3844 911 3936 receptionem
926 3844 1077 3939 corporis
1093 3837 1214 3912 Christi
1231 3838 1379 3930 credunt,
1406 3849 1441 3911 ut
1454 3841 1607 3936 puriores

252 3953 443 4048 Anglicani,
470 3964 504 4027 et
529 3959 584 4051 qui
609 3977 683 4029 eam
708 3958 866 4048 rejicirmt.

347 4073 424 4146 Duo
455 4075 565 4170 itaque
590 4076 625 4146 in
651 4076 760 4148 animo
787 4073 943 4147 habuisse
957 4071 1110 4146 videntm
1127 4069 1360 4144 emendatores
1374 4068 1421 4142 illi
1438 4069 1607 4142 doctrinae
1637 4066 1807 4168 dammae}
1826 4069 1928 4138 simpli·
1961 4149 1963 4154 4

251 4196 282 4259 et
307 4183 517 4285 disciplinae3
544 4189 725 4285 simplicem
751 4191 878 4263 scilicet
903 4188 1149 4263 comessionem
1173 4209 1240 4260 uno
1257 4185 1365 4260 verbo
1382 4184 1607 4282 comprehen-
1620 4153 1928 4308 ssgffiiscffiffflssd

250 4325 339 4395 sam,
366 4327 441 4378 cum
466 4308 560 4402 panis
586 4317 800 4381 consecratus
827 4303 1139 4378 communicantibus
1152 4303 1382 4402 praeberetur,
1401 4302 1608 4396 significasse
1621 4327 1677 4379 uem
1692 4327 1790 4382 reterri.

251 4419 335 4494 illum
362 4441 440 4494 esse
466 4442 588 4517 corpus
615 4421 753 4496 Christi:
781 4421 897 4496 saltem
923 4421 1195 4515 significationem
1222 4444 1308 4516 quae
1335 4421 1442 4494 statim
1457 4422 1490 4492 in
1506 4442 1607 4491 men-

251 4543 314 4607 tem
339 4539 488 4629 veniret,
514 4537 613 4610 talem
640 4559 726 4610 esse.
779 4539 864 4610 Tum
890 4539 1072 4632 agnovisse
1097 4537 1203 4610 verba
1231 4559 1316 4633 quae
1342 4539 1427 4608 inter
1458 4535 1608 4632 publicas

254 4651 471 4748 solennesque
496 4675 616 4750 preces
641 4657 840 4745 recitantur,
866 4656 1043 4726 maximum
1070 4653 1113 4727 ad
1136 4652 1236 4727 iidem
1259 4652 1388 4726 illorum
1416 4655 1472 4748 qui
1491 4651 1609 4725 iisdem

253 4777 380 4840 utuntm
415 4769 703 4842 demonstrandum
737 4771 867 4867 pondus
909 4768 1054 4861 babere,
1091 4769 1178 4842 unde
1211 4780 1279 4842 tam
1315 4770 1415 4840 anime
1449 4766 1611 4840 dederunt

255 4902 386 4978 operam
411 4895 448 4958 ut
471 4888 506 4958 in
532 4907 592 4960 sua
617 4885 768 4979 liturgia
794 4885 872 4958 nibil
899 4889 1031 4960 omnino
1053 4885 1141 4981 quod
1156 4885 1199 4958 ad
1212 4884 1314 4958 realis
1329 4887 1609 4958 transmutationis

255 4995 433 5073 docamam
459 5001 612 5092 duceret,
639 5003 896 5098 relinqueretur,
922 5002 1117 5098 tandemque
1142 5025 1234 5077 nova
1270 5001 1410 5075 formida
1436 5005 1609 5098 opiniones

255 5133 360 5190 novas
388 5139 467 5192 suas
493 5119 792 5211 confirmaverunt,
818 5121 863 5192 ita
888 5127 925 5191 ut
948 5141 1010 5216 per
1034 5119 1132 5193 fidem
1164 5121 1286 5217 suscipi
1320 5140 1442 5216 corpus
1475 5116 1610 5208 Christi,
