4778 6034
684 591 733 668 vt
1171 589 1566 675 olssuutntto

685 786 781 857 bisce
816 785 973 880 cllprratm
1002 769 1062 872 sit,
1080 781 1224 877 profice
1258 785 1458 876 respuitur:
1491 788 1593 878 utque
1619 782 1678 853 ubi
1700 788 1853 877 perfecit
1873 807 2000 878 preces
2026 795 2062 858 et

685 905 875 997 pretiorum
895 903 1073 986 actionem,
1088 898 1233 992 populus
1253 901 1312 992 qui
1331 899 1430 969 odeat
1450 901 1566 984 omnis,
1582 897 1761 987 metumtot,
1784 901 1902 974 dicens
1916 901 2058 975 Amen„

686 1016 872 1109 Postquam
897 1035 980 1085 cero
1011 1015 1216 1107 praesidens
1256 1016 1390 1108 pretias
1423 1018 1494 1109 epit
1521 1020 1557 1084 et
1585 1014 1732 1112 populus
1765 1017 1977 1105 matonam,
2006 1022 2065 1112 qui

684 1131 777 1223 opud
790 1151 853 1201 uos
872 1130 1023 1200 Diocom‘
1041 1135 1218 1216 cocuntur,
1248 1128 1454 1200 dubibmmt
1477 1132 1598 1222 cuique
1621 1135 1854 1221 praesentim
1875 1155 2001 1226 ponem
2028 1141 2063 1205 et

686 1248 807 1333 uinum,
844 1251 879 1315 et
910 1267 1053 1338 uquam,-
1091 1251 1126 1314 ct
1159 1244 1206 1313 od
1239 1243 1397 1316 obeuntes
1428 1249 1619 1337 perferunt,
1654 1251 1690 1316 et
1720 1246 1787 1317 boc
1819 1248 2011 1318 alimentum
2037 1271 2062 1317 o

685 1361 785 1432 nobie
811 1360 1004 1453 appelletur
1030 1359 1265 1430 Eucborietr'o.
1308 1358 1393 1443 Quid
1421 1369 1531 1431 autem
1557 1381 1619 1455 per
1645 1360 1731 1434 banc
1744 1383 1867 1434 vocem
1883 1361 2060 1435 Christiani

685 1485 823 1548 veteres
856 1474 1099 1566 intelligerent,
1126 1472 1204 1545 lieet
1239 1473 1281 1545 ad
1313 1472 1467 1548 lnlideles
1501 1472 1680 1565 scriberet,
1713 1497 1779 1548 non
1812 1481 1969 1570 ignorare
1996 1500 2059 1552 nos

686 1593 766 1664 sivit
796 1590 927 1686 Martyr
953 1592 1191 1665 sanctissimus.
1227 1589 1508 1676 Quemadmodum
1535 1595 1631 1679 enim,
1665 1594 1781 1687 inquit,
1810 1615 1877 1685 per
1917 1594 2061 1668 Verbum

687 1707 766 1793 Dei,
795 1728 881 1778 curo
905 1713 1020 1800 soclus
1052 1707 1152 1778 tom
1179 1706 1333 1777 Cbrirtus
1357 1705 1521 1777 Solootor
1547 1713 1673 1794 noster,
1702 1714 1736 1778 et
1761 1729 1886 1802 corpus
1911 1717 1947 1780 et
1971 1732 2060 1781 eon-

686 1825 820 1917 puinem
848 1844 916 1914 pru
949 1822 1059 1894 solute
1090 1827 1210 1892 nostro
1244 1820 1380 1906 babuit·
1413 1824 1468 1891 ilo
1504 1828 1539 1891 et
1574 1844 1646 1893 eum
1679 1827 1737 1917 qui
1772 1846 1838 1916 per
1869 1828 2061 1896 orationem

694 1935 799 2009 Verbi
826 1938 916 2030 quod
942 1938 985 2007 ub
1013 1958 1054 2008 eo
1083 1941 1145 2024 est,
1172 1935 1396 2007 Eucherium
1419 1940 1519 2028 foetu
1546 1943 1605 2025 eet,
1635 1939 1753 2025 cibun,
1771 1961 1818 2009 cm
1844 1961 1909 2033 qoo
1937 1961 2061 2012 corrues

686 2062 837 2143 nostroe,
866 2063 901 2127 et
925 2058 1064 2151 sompnia
1087 2075 1153 2146 per
1178 2055 1396 2124 mutationem
1422 2051 1567 2140 aluntur,
1587 2056 1693 2146 ipriuo
1718 2056 1894 2126 incarnati
1917 2035 2001 2127 lesu
2028 2061 2063 2126 et

613 2203 621 2214 ·
689 2193 828 2242 earnem
854 2179 889 2242 et
913 2175 1110 2266 sanguinem
1137 2191 1211 2241 erse
1238 2169 1352 2238 edocti
1378 2189 1496 2240 mmor.

388 2337 451 2404 Ebu
469 2354 517 2391 ver
504 2337 550 2392 rba
568 2340 608 2392 sor
595 2355 674 2392 ruam
790 2330 886 2402 llaec
918 2332 1036 2403 lustini
1076 2352 1183 2425 pauca
1213 2325 1320 2401 verba
1365 2328 1537 2420 Liturgiae
1578 2331 1704 2402 veteris
1744 2327 1885 2402 formam
1927 2352 2059 2406 omnem

362 2431 435 2560 {¹¹¹¹
422 2439 476 2475 ¹⁰¹¹
488 2423 631 2564 ⁸¹¹¹¹¹¹¹⁸¹
601 2442 631 2478 ¹
633 2441 674 2478 ¹¹¹¹
687 2449 868 2535 continent,
890 2447 1042 2542 quamvis
1064 2444 1324 2518 obscuriusoule.
1359 2441 1477 2514 Nam
1467 2465 1501 2514 ιιι
1522 2443 1715 2538 synaxibus
1739 2450 1849 2517 omnia
1870 2443 1930 2518 sub
1953 2446 2059 2520 oculis

381 2524 486 2578 eergnan
688 2571 723 2634 et
749 2564 924 2634 autoritate
942 2558 1146 2653 gerebantur
1172 2565 1239 2633 τοῦ
1263 2564 1484 2658 προεστῶτος
1508 2559 1744 2652 Praesidentis,
1770 2560 1930 2657 Episcopi
1956 2561 2060 2634 vitle-

686 2677 765 2749 lieet
791 2687 848 2748 aut
873 2674 1082 2772 Presbyteri,
1109 2677 1181 2748 sine
1196 2674 1313 2769 quibus
1333 2675 1443 2746 nullae
1470 2673 1611 2746 fiebant:
1638 2697 1748 2770 neque
1775 2679 1860 2748 enim
1888 2679 2059 2772 quisquam

687 2791 909 2883 existimabit,
937 2813 1176 2887 quemeumque
1211 2785 1432 2864 Christianum
1463 2788 1515 2862 bis
1543 2791 1648 2862 sacris
1684 2790 1834 2864 coetibus
1861 2790 2059 2887 praefuisse.

688 2907 764 2998 Qui,
791 2917 827 2979 ut
842 2908 988 2980 nonnulli
1014 2907 1124 2980 eonati
1151 2913 1238 2998 sunt,
1264 2903 1478 2977 Paradoxum
1503 2905 1590 2978 istud
1617 2904 1763 3001 probare
1790 2917 1974 3000 satageret,
2000 2907 2060 2981 fa-

687 3024 751 3095 cile
777 3021 997 3096 refelleretur.

364 3177 552 3245 Scriptura-um
570 3179 656 3232 tecm.
793 3169 877 3245 Cum
904 3175 1102 3245 sacramenti
1129 3170 1311 3244 celebratio
1339 3173 1573 3266 scripturarum
1600 3169 1690 3244 Novi
1714 3173 1920 3246 Testamenti
1946 3172 2060 3269 publi-

689 3291 820 3362 catione
853 3291 1017 3384 antiquior
1050 3292 1103 3379 sit,
1137 3287 1207 3380 legi
1240 3285 1317 3360 ibae
1348 3308 1415 3360 non
1453 3296 1633 3382 potuerunt
1672 3289 1787 3382 primis
1821 3298 1899 3383 post
1939 3284 2061 3362 Christi

688 3415 830 3476 mortem
856 3403 1075 3499 temporibus:
1102 3407 1167 3476 nisi
1192 3402 1278 3476 forte
1305 3402 1468 3497 quaedam
1501 3401 1684 3499 particulae
1718 3425 1764 3474 ex
1789 3406 1900 3476 veteri
1933 3403 2061 3477 Testa-

689 3529 810 3592 menta.
838 3521 965 3592 Verum
990 3529 1109 3617 postea
1136 3519 1325 3614 quotidiana
1349 3518 1522 3614 disciplina
1548 3518 1768 3592 introductum
1794 3530 1866 3609 est,
1901 3529 1938 3590 ut
1972 3522 2062 3592 scri-

689 3645 806 3731 pturae
824 3636 1025 3729 legerentur.
1052 3637 1184 3708 lnterea
1202 3633 1361 3730 Episcopi
1388 3657 1434 3707 ex
1461 3634 1524 3706 illis
1551 3655 1637 3730 quae
1664 3635 1751 3708 lecta
1778 3645 1873 3706 erant
1898 3635 2063 3731 capitulis,

584 3767 588 3776 '
689 3755 870 3854 occasione
897 3762 1016 3843 sumta,
1044 3753 1086 3824 ad
1112 3751 1228 3824 fideles
1247 3749 1353 3823 verba
1376 3748 1558 3841 faciebant,
1585 3761 1620 3822 et
1646 3750 1735 3845 quod
1761 3773 1865 3824 aureo
1892 3751 1950 3823 illo
1976 3773 2062 3825 sae-

689 3869 765 3940 culo
791 3867 989 3964 Apostolico
1002 3889 1068 3940 non
1091 3866 1282 3962 infrequens
1311 3877 1394 3958 erat,
1421 3870 1476 3960 qui
1503 3867 1659 3939 divinitus
1685 3869 1835 3962 inspirati
1863 3874 1969 3958 erant,
1995 3888 2061 3938 au-

690 3983 864 4057 diebantur
890 4008 909 4056 a
936 3984 1082 4078 reliquis

365 4136 458 4190 ¹²⁸²¹¹¹¹¹
477 4147 502 4192 0²
519 4141 614 4208 hymni.
792 4134 916 4208 Psalmi
948 4145 983 4205 et
1008 4131 1121 4230 hymni
1156 4133 1198 4204 ad
1229 4134 1338 4206 Deum
1370 4131 1593 4206 recitabantur
1628 4132 1684 4206 vel
1716 4133 1932 4224 canebantur,
1959 4130 2062 4204 etad

365 4224 432 4360 flfff
433 4225 667 4376 ,MV
592 4228 676 4280 ‘¹⁸²⁸
668 4251 855 4331 Christum
896 4259 1051 4344 tanquam
1090 4251 1212 4340 Deum,
1249 4251 1337 4344 quod
1377 4251 1501 4322 Plinius
1544 4252 1618 4345 ipse
1657 4260 1806 4322 testatur.
1851 4249 1910 4321 Illa
1952 4257 2062 4320 autem

366 4392 430 4445 aar
417 4329 667 4461 μιιφ
639 4333 913 4464 ’πῘιιριιθΗιῐίοιιθ
949 4389 1024 4437 cum
1055 4368 1185 4460 possint
1217 4365 1357 4458 intelligi
1390 4366 1513 4439 Psalmi
1545 4376 1579 4437 et
1606 4365 1745 4438 Cantica
1780 4367 1907 4437 veteris
1934 4365 2062 4436 Testa-

364 4477 445 4548 itta
484 4478 595 4532 ῧπόπ
616 4484 792 4636 &menti
818 4506 903 4577 quae
930 4507 977 4554 ex
1003 4483 1229 4576 antiquissimu
1256 4481 1468 4553 traditione
1460 4505 1491 4552 m
1514 4480 1676 4554 Ecclesiis
1703 4483 1893 4571 recitantur,
1921 4479 1963 4550 de
1990 4479 2062 4550 aliis

365 4573 488 4702 γρξεῑζφ
615 4587 825 4704 :maeque
853 4598 1165 4694 interpretarilicet,
1193 4597 1234 4668 de
1261 4596 1378 4692 quibus
1391 4594 1558 4669 Eusebius
1584 4597 1727 4690 loquitur
1753 4619 1777 4667 o
1799 4594 1958 4690 fidelibus
1984 4595 2063 4664 olim
2166 4619 2169 4624 ·

432 4739 658 4806 ary
661 4718 902 4806 componitis,
936 4718 971 4784 ln
1004 4715 1122 4808 qulbus
1162 4713 1305 4787 Verbum
1337 4713 1407 4784 Det
1434 4712 1600 4783 ctutum
1636 4713 1841 4808 Tbeolopice
1867 4709 2062 4783 lourlobunt.

690 4831 788 4902 Unde
813 4851 930 4901 eorum
948 4832 1124 4900 autoritate
1149 4833 1249 4899 utitur
1276 4828 1318 4900 ad
1332 4826 1565 4900 confutandam
1581 4829 1786 4918 Artemonis,
1814 4830 1869 4921 qui
1897 4825 2063 4898 Christum

689 4967 806 5039 purum
840 4943 1006 5015 hominem
1041 4965 1119 5015 esse
1156 4942 1304 5038 dicebat,
1337 4943 1502 5016 haeresin.
1555 4941 1643 5015 Nibil
1674 4965 1775 5039 porro
1811 4944 1914 5034 cogit,
1940 4950 1976 5011 ut
2002 4959 2064 5034 per

689 5060 841 5155 Hymnus
868 5059 941 5130 illos
968 5056 1193 5147 intelligantur
1217 5059 1355 5134 Cantica
1370 5129 1374 5136 ,
1389 5060 1526 5134 diverso
1553 5081 1681 5153 genere
1708 5069 1890 5132 metrorum
1916 5075 2063 5151 compo-
