4760 6038
665 521 694 597 c
913 495 919 510 '
1153 527 1533 606 nrssnauarrc

663 723 770 804 neret,
795 712 951 786 habuisse
977 723 1013 786 ut
1039 714 1133 804 alias,
1160 717 1242 786 ritus
1269 737 1349 788 suos
1376 713 1576 814 singulares,
1604 720 1785 792 verisimile
1811 723 1942 794 omnino
1969 726 2030 815 sit;

662 828 741 902 nihil
766 833 910 926 supersit
935 839 1109 926 praeterea
1136 833 1168 902 iu
1195 829 1364 903 literarum
1388 833 1620 924 monumentis,
1648 835 1737 929 quod
1754 836 1798 908 ad
1811 858 1883 928 eos,
1899 837 2029 912 Graeca

662 945 718 1019 illa
745 955 812 1018 tam
839 945 973 1020 Codicis
998 946 1111 1040 Regii,
1138 969 1237 1042 quam
1263 947 1367 1020 altera
1394 947 1547 1038 Calabri,
1586 952 1695 1042 magis
1723 951 1874 1024 accedat:
1901 955 2028 1027 confir-

662 1071 769 1132 metur
796 1085 927 1158 quoque
953 1063 1042 1134 mille
1069 1065 1200 1134 circiter
1222 1086 1385 1136 annorum
1401 1066 1592 1159 antiquitate
1611 1064 1772 1141 stabilitus
1790 1071 1871 1140 ritus
1888 1068 2028 1167 Coptica

663 1178 776 1250 Officia
802 1178 1038 1252 celebrantium
1055 1178 1282 1252 Ecclesiamm
1300 1180 1537 1252 consuetudine
1562 1203 1630 1252 non
1655 1184 1853 1278 interrupta:
1880 1183 2028 1261 Graecas

661 1298 787 1388 passIm
818 1299 1005 1367 orationum
1035 1293 1195 1368 formidas
1228 1295 1346 1368 multas
1377 1294 1500 1367 habeat
1529 1293 1683 1368 Graecae
1715 1300 1852 1390 originis
1888 1299 2028 1392 indices,

663 1410 751 1504 quod
777 1415 811 1482 in
838 1411 910 1485 aliis
937 1410 1057 1504 linguis
1082 1415 1146 1483 vix
1172 1413 1331 1500 occurrit;
1367 1409 1444 1482 nihil
1470 1414 1607 1507 propius
1635 1423 1706 1504 est,
1740 1437 1838 1508 quam
1871 1426 1907 1487 ut
1939 1416 2028 1490 illam

660 1526 845 1622 Liturgiam
872 1532 1037 1624 antiquum
1068 1549 1147 1602 esse
1175 1527 1333 1601 Codicem
1360 1526 1644 1600 sacramentalem
1668 1527 1842 1602 Ecclesiae
1867 1531 2027 1604 Alexan-

661 1643 777 1717 drinae
803 1667 1019 1718 censeamus:
1050 1666 1126 1716 nam
1153 1643 1300 1739 reliquos
1327 1663 1442 1716 omnes
1469 1646 1525 1740 qui
1549 1643 1647 1718 nobis
1673 1647 1743 1717 noti
1769 1654 1856 1738 suut,
1883 1647 1925 1719 ad
1952 1672 2028 1722 eam

661 1783 728 1832 non
754 1763 966 1858 pertinuisse,
992 1771 1060 1833 tam
1086 1771 1179 1832 certo
1206 1768 1338 1833 constat
1362 1781 1460 1855 quam
1486 1760 1574 1854 quod
1599 1763 1755 1832 maxime.

359 1882 648 1952 permacraecampn-
772 1877 844 1950 XL.
897 1875 957 1950 llla
992 1880 1092 1970 igitur
1126 1898 1212 1972 quae
1252 1879 1358 1971 prima
1391 1880 1536 1949 occurrit
1577 1879 1611 1947 in
1650 1875 1762 1970 Regio
1800 1877 1918 1950 codice
1959 1879 2026 1952 Li·
2074 1866 2076 1874 ’

341 1973 647 2026 ⁰⁸⁰²⁸⁸⁰¹¹¹¹¹⁵¹¹⁰⁵³¹¹¹⁵¹⁵⁸·
661 1997 786 2087 turgia,
813 1996 841 2067 si
869 2016 943 2065 cum
969 1991 1102 2085 vulgari
1136 1989 1358 2087 Coptitarum,
1394 2014 1480 2087 quae
1515 1999 1626 2065 exstat
1660 1992 1778 2064 eadem
1807 1996 1842 2064 in
1874 1993 2026 2068 omnibus

661 2109 908 2206 exemplaribus
935 2119 1162 2206 comparetur,
1188 2112 1352 2204 reperitur
1378 2131 1456 2182 esse
1481 2108 1580 2205 plane
1611 2107 1736 2183 similis.
1789 2108 1883 2182 lnitia
1917 2119 2026 2183 tamen

662 2227 867 2322 aliquatenus
894 2226 1065 2316 dillenmt,
1092 2229 1168 2320 quia
1195 2223 1343 2298 Officium
1370 2248 1545 2298 conrnune
1575 2225 1679 2298 tribus
1710 2225 1870 2318 Litargiis
1900 2227 2026 2317 Basilii,

661 2343 835 2436 Gregorii,
870 2352 903 2415 et
937 2339 1074 2438 Cyrilli,
1112 2339 1213 2412 habet
1246 2340 1417 2433 adjunctas
1451 2346 1620 2414 orationes
1653 2341 1806 2416 diversas
1840 2365 1926 2437 quaa
1960 2366 2027 2416 non

659 2458 757 2533 simul
774 2459 940 2546 dicuntur,
968 2457 1028 2531 sed
1049 2459 1239 2550 assignatae
1267 2466 1342 2530 sunt
1362 2457 1505 2532 diversis
1531 2456 1774 2531 festivitatibus.
1827 2459 1933 2530 Deest
1959 2459 2026 2531 ali-

661 2575 738 2672 quid
765 2579 855 2647 initio
883 2573 1008 2646 codicis
1034 2573 1135 2666 Regii
1162 2595 1207 2644 ex
1232 2573 1418 2663 Basilicum
1450 2573 1510 2646 sed
1546 2584 1700 2669 quantum
1725 2597 1791 2647 nno
1827 2573 1884 2647 vel
1920 2575 2025 2648 altero

660 2690 740 2763 lolio
768 2689 1003 2786 comprehendi
1029 2699 1177 2784 poterat,
1203 2692 1376 2784 primaque
1402 2693 1509 2784 oratio
1537 2693 1684 2782 integra,
1711 2701 1762 2762 est
1788 2695 1854 2764 τοῦ
1870 2717 2026 2765 καταπε-

659 2804 850 2900 τάσματος.
899 2805 1088 2901 Sequuntur
1115 2809 1285 2879 orationes
1311 2829 1373 2908 pro
1400 2829 1500 2902 pace,
1527 2829 1588 2879 seu
1618 2803 1665 2879 rai
1692 2803 1880 2904 Εἰρηνικά,
1907 2809 2024 2904 aprilius

660 2931 775 2996 oratur
800 2946 862 3020 pro
894 2926 998 2994 variis
1024 2921 1147 3013 rebus,
1175 2930 1209 2992 et
1234 2925 1403 3017 personis:
1431 2934 1498 2995 tum
1525 2923 1650 3017 aliquot
1676 2921 1718 2994 ad
1745 2922 1894 2996 osculum
1919 2930 2026 3022 pacis,

659 3043 835 3135 statimque
864 3037 977 3138 Ἆρχὴ
1009 3046 1069 3136 τῇς
1100 3036 1354 3140 προςκομιδῆς,
1382 3061 1442 3111 seu
1467 3040 1603 3110 Initium
1636 3037 1827 3127 oblationis,
1860 3051 1894 3112 et
1923 3052 1959 3113 ut
1980 3021 2025 3113 *in

658 3156 829 3229 veteribus
855 3155 1040 3230 Ritualibus
1068 3155 1250 3252 appellatm
1276 3155 1463 3251 aliquando,
1488 3155 1666 3242 litationis,
1694 3158 1771 3250 quia
1797 3156 1924 3228 scilicet
1948 3166 2025 3230 trruc

658 3271 796 3343 infertur
823 3271 945 3346 oblatio
974 3272 1016 3345 ad
1042 3271 1161 3360 altare,
1189 3274 1367 3368 incipitque
1398 3271 1592 3366 Anapbora
1625 3275 1762 3367 proprie
1795 3271 1901 3363 dicta,
1938 3297 2024 3369 quae

661 3387 790 3461 Canoni
816 3398 932 3461 nostro
960 3388 1149 3484 respondet.
1201 3386 1297 3459 Unde
1325 3386 1366 3460 ab
1394 3410 1436 3460 ea
1462 3397 1556 3483 parte
1588 3390 1730 3458 omnium
1759 3410 1844 3482 quae
1871 3387 2024 3486 Coptica,

658 3504 820 3600 Syriaca,
848 3503 1113 3599 autAethiopice
1140 3515 1255 3577 extant
1267 3503 1492 3595 Liturgiarum
1508 3502 1668 3574 ducuntur
1688 3505 1788 3574 initia.
1835 3499 1917 3576 Cum
1939 3529 2024 3579 vero

658 3619 824 3691 Graecam
851 3631 884 3691 et
911 3619 1084 3716 Copticam
1110 3643 1172 3716 per
1198 3630 1313 3716 partes
1340 3623 1424 3691 inter
1458 3641 1496 3691 se
1530 3640 1726 3713 comparare
1758 3641 1826 3691 non
1860 3625 2025 3716 possimus

657 3735 849 3826 commode,
876 3735 973 3830 idque
999 3739 1033 3807 in
1060 3736 1307 3809 Commentario
1335 3734 1377 3807 ad
1409 3735 1545 3807 easdem
1579 3739 1715 3830 proprio
1752 3757 1813 3808 suo
1847 3735 1925 3809 loco
1953 3739 2024 3811 lieri

659 3852 796 3944 debeat,
822 3863 859 3924 ut
884 3863 1039 3947 quantum
1069 3855 1103 3923 iu
1129 3850 1227 3924 nobis
1257 3851 1317 3924 luit
1345 3863 1519 3948 praestare
1549 3855 1660 3923 conati
1695 3873 1827 3941 sumuS,
1861 3854 2024 3948 quaedam

659 3968 867 4041 solummodo
895 3967 1049 4041 Graecae
1074 3968 1255 4061 singularia
1283 3979 1316 4040 et
1342 3991 1387 4040 ex
1414 3967 1531 4064 quibus
1558 3965 1712 4038 daddus
1738 3988 1821 4058 usu,
1854 3979 1888 4040 et
1914 3971 2023 4044 desti-

656 4089 790 4157 natione
818 4088 1009 4178 conjectura
1036 4088 1111 4180 capi
1135 4089 1260 4180 possit,
1288 4084 1553 4160 observabimus.

359 4229 500 4284 corenla
518 4230 642 4300 quaeram
758 4201 845 4273 XLl.
888 4202 926 4273 ln
952 4199 1112 4273 Oratione
1138 4223 1200 4296 pro
1233 4225 1318 4297 pace
1352 4203 1512 4274 memoria
1545 4199 1723 4294 singularis
1749 4199 1784 4272 fit
1809 4200 2022 4274 Patriarchae

337 4317 370 4368 ’ἃ
383 4317 439 4369 ³¹¹ss
452 4317 583 4388 unargus.
653 4317 893 4409 Alexandrini,
934 4341 1008 4389 cum
1047 4317 1113 4388 hoc
1142 4315 1244 4390 titulo.
1304 4313 1407 4414 Εὐχή
1431 4315 1510 4418 περὶ
1543 4321 1612 4390 τοῦ
1633 4312 1754 4390 licina.
1808 4317 1928 4389 Oratio
1955 4338 2022 4411 pro

655 4436 768 4529 Papa.
819 4429 1027 4532 Μνήσθητι
1052 4429 1152 4535 κύριε
1181 4439 1247 4508 τοῦ
1279 4429 1483 4535 oiyawacirov
1507 4431 1568 4508 καὶ
1592 4428 1871 4532 μακαριωτάτου
1896 4431 2023 4532 ἀρχιε-

656 4556 742 4650 ρέως
782 4549 886 4647 ἡμῶν
920 4549 1027 4648 ἅββα
1062 4558 1133 4627 ΛΔ.
1167 4548 1267 4626 adara
1301 4550 1362 4625 καὶ
1396 4547 1625 4652 πατριάρχου
1661 4555 1721 4647 τῆς
1756 4548 2023 4650 μγαλοπόλεως

654 4665 924 4768 Ἀλεξανδρείας.
982 4669 1167 4757 Menenia,
1195 4669 1358 4757 Domine,
1386 4670 1590 4741 sanctissimi
1623 4673 1658 4738 et
1681 4665 1866 4739 beatissimi
1891 4669 2020 4739 Ponti-

654 4789 732 4880 ficio
758 4789 867 4856 nostri
892 4783 1016 4858 Adbuc
1041 4786 1086 4857 N.
1113 4786 1236 4880 Papae
1263 4792 1297 4856 et
1321 4785 1554 4858 Patriorcbae
1579 4805 1723 4879 maguae
1748 4784 2019 4856 arbiaAleaaa-

658 4902 766 4973 driae.
819 4901 874 4972 Ex
899 4901 962 4973 hac
994 4923 1096 4997 porro
1131 4905 1313 4974 memoriae
1339 4901 1492 4995 agendae
1517 4899 1659 4974 formula
1687 4898 1896 4993 intelligitur,
1922 4905 2019 4973 ritum

658 5016 775 5091 codice
801 5039 1017 5114 expressum,
1053 5039 1131 5092 esse
1166 5017 1416 5092 Alexandrinae
1450 5017 1626 5092 Ecclesiae
1658 5020 1842 5114 proprium:
1877 5040 1954 5088 nam
1985 5018 2021 5088 in
