4760 6038
645 566 755 641 CXIV
1128 568 1521 648 nrssnnthtlo

643 759 705 832 sed
732 782 752 831 a
778 758 1026 832 hlubamedanis
1052 756 1222 832 Arabibus
1249 758 1344 830 varia
1369 759 1548 851 exagitati,
1574 729 1738 847 incendia,
1765 757 2011 854 praedationes,

644 876 788 967 caedes,
815 897 978 972 omneque
1003 878 1194 968 injuriarum
1221 895 1327 966 genus
1354 876 1446 969 passi
1472 883 1557 948 snut
1609 874 1667 948 Ab
1694 876 1765 948 istis
1801 885 1911 948 tamen
1944 877 2012 952 tu-

643 1013 745 1084 guam
771 1013 895 1064 novam
922 989 1077 1088 Coptitae
1112 991 1243 1064 discere
1277 1011 1345 1062 non
1376 999 1569 1084 potuerunt,
1602 1012 1676 1064 cum
1710 993 1774 1085 ipsi
1805 1013 1874 1064 non
1907 995 2011 1066 minus
2164 1027 2167 1034 ¹

644 1117 756 1180 notam
775 1118 809 1179 et
828 1107 1022 1202 familiarem
1042 1107 1203 1180 haberent
1223 1105 1422 1196 Arabicam,
1448 1129 1513 1202 qua
1536 1107 1641 1199 vulgo
1658 1104 1852 1196 undamn,
1878 1119 2013 1204 praeter

646 1245 751 1316 quam,
768 1228 802 1296 in
829 1229 935 1298 sacris
963 1225 1103 1298 Officiis:
1117 1247 1238 1320 meque
1253 1221 1502 1318 Liby-Arabes
1519 1233 1573 1295 aut
1594 1221 1869 1319 Liby-Aegyptii
1888 1247 2013 1298 novam

644 1339 790 1434 linguam
815 1363 1007 1436 propagare
1033 1349 1207 1436 poterant,
1235 1363 1309 1410 cum
1336 1336 1432 1410 aliam
1459 1362 1479 1411 a
1506 1342 1670 1412 communi
1686 1339 1927 1415 tuncArabica
1943 1365 2012 1416 non

643 1456 873 1668 habetglper
899 1572 974 1647 illos
1000 1572 1143 1647 Vossius
1167 1569 1347 1646 Africanos
1372 1572 1449 1645 illos
1474 1533 1609 1646 Arabas
1635 1559 1814 1664 intellexit,
1846 1576 1901 1668 qui
1927 1595 2012 1646 sae-

320 1673 354 1709 n
375 1673 467 1796 ΜΓ
522 1670 573 1707 ⁰⁰¹¹
588 1657 630 1707 m-
644 1691 719 1764 culo
744 1689 892 1782 Hegirae
919 1684 973 1760 2⁰.
1000 1688 1216 1764 rebellionem
1244 1687 1408 1760 adversus
1435 1685 1562 1763 Calidas
1588 1689 1806 1777 nudaverunt,
1834 1689 1918 1760 duce
1932 1688 2012 1762 hie-

643 1807 742 1898 hedi,
768 1817 803 1878 et
828 1815 905 1902 post
931 1808 1140 1878 constitutum
1162 1802 1323 1880 inAfrica
1345 1807 1536 1900 imperium,
1561 1813 1785 1900 mutatamque
1805 1803 2013 1897 religionem

644 1927 839 2019 Aegyptum
865 1930 1137 2018 occupaverant,
1163 1942 1342 2016 novaeque
1367 1919 1602 1992 Fatimidarum
1619 1919 1807 2018 Dynastiae
1820 1919 2012 1996 fundatores

642 2040 793 2126 tuorum,
817 2037 953 2114 Arabes
979 2037 1054 2112 illos
1081 2037 1186 2112 fusse
1212 2045 1246 2109 et
1270 2035 1417 2112 Arabica
1440 2035 1592 2128 locutos,
1626 2059 1725 2110 nemo
1759 2039 1815 2132 qui
1846 2037 2013 2110 ilistoriae

644 2154 824 2228 orientalis
850 2155 1062 2228 mediocriter
1087 2156 1213 2250 peritus
1238 2151 1314 2243 huit,
1341 2155 1519 2244 ignoravit
1562 2154 1634 2228 lmo
1659 2151 1794 2229 Arabes
1822 2163 1938 2242 erant,
1964 2175 2010 2224 ex

644 2275 848 2369 penitissima
875 2272 1020 2360 Arabia,
1048 2274 1103 2366 qui
1129 2291 1169 2342 se
1194 2267 1288 2342 Halis
1320 2273 1537 2363 progeniem,
1570 2269 1750 2365 caedisque
1782 2272 1854 2361 ejus
1888 2269 2013 2342 ultores

643 2387 806 2485 professi,
831 2385 1041 2462 Abbassidas
1065 2384 1280 2482 populerunt,
1306 2384 1435 2480 illisque
1462 2396 1619 2480 unquam
1637 2385 1813 2460 haereticis
1835 2396 1869 2458 et
1890 2396 2013 2482 tyran-

643 2509 695 2578 nis
722 2503 897 2576 anathema
925 2503 1171 2574 denunciarunt.
1229 2502 1267 2574 ln
1300 2501 1418 2573 eadem
1453 2501 1585 2574 haeresi
1623 2503 1859 2577 Fatirnidarum
1910 2501 2015 2574 inisse

643 2620 771 2693 incolas
798 2619 890 2693 urbis
916 2618 994 2690 tien
1020 2621 1095 2691 sive
1122 2617 1237 2712 Copti,
1264 2627 1425 2690 testantur
1450 2617 1617 2692 Abulieda
1651 2630 1687 2692 et
1717 2620 1776 2696 ati
1810 2617 2013 2712 Geographi.

644 2737 742 2809 Nulla
769 2759 870 2833 porro
897 2745 968 2808 erat
993 2739 1079 2807 inter
1104 2733 1367 2808 hluhmnedanos
1393 2757 1441 2806 ex
1465 2733 1592 2831 Libya,
1621 2738 1695 2812 sive
1708 2735 1826 2808 Africa
1853 2737 2014 2822 interiori,

646 2863 679 2926 et
703 2855 894 2948 Aegyptios
910 2851 1044 2944 linguae
1064 2851 1257 2923 differentia.
1299 2850 1397 2935 Quod
1414 2873 1498 2924 vero
1521 2856 1725 2925 existimavit
1743 2852 1907 2941 Vossius,
1933 2873 2013 2922 mu-

645 2973 805 3042 tationem
831 2969 965 3060 linguae
991 2966 1111 3040 factam
1139 2988 1217 3042 esse
1244 2969 1333 3038 circa
1360 2963 1561 3042 Yubidarum
1579 2971 1692 3058 initia,
1718 2972 1869 3061 graviori
1889 2967 2013 3040 absur-

646 3087 748 3159 ditate
780 3084 920 3158 laborat.
972 3083 1131 3177 Viguisse
1167 3086 1254 3156 enim
1286 3085 1373 3154 inter
1404 3081 1610 3160 Christianos
1645 3085 1835 3180 Aegyptios
1868 3083 2014 3178 lingarum

648 3200 821 3298 Copticam
849 3204 1035 3296 quingentis
1063 3209 1119 3272 aut
1143 3202 1313 3274 sexcentis
1341 3203 1435 3272 annis
1463 3211 1578 3292 antea,
1612 3224 1685 3274 etun
1713 3204 1853 3295 primum
1879 3200 2012 3276 Arabes

648 3323 681 3391 in
707 3321 900 3415 Aegyptum
927 3320 1129 3411 irruperunt,
1156 3340 1202 3388 ex
1216 3313 1372 3404 historia,
1398 3315 1491 3390 libris
1505 3315 1769 3406 Ecclesiastico,
1797 3318 2014 3414 omnibusque

644 3437 863 3508 monumentis
890 3436 1074 3504 certissime
1100 3434 1365 3524 demonstratum
1393 3436 1452 3508 sed
1479 3459 1589 3532 neque
1624 3437 1688 3510 alia
1719 3437 1834 3530 lingua
1869 3437 2014 3508 locutum

644 3553 843 3641 Antonium,
871 3564 1071 3648 sanctosque
1097 3554 1210 3649 plmes
1237 3555 1321 3628 alios
1348 3551 1597 3640 Anachoretas,
1631 3556 1686 3648 qui
1718 3551 1849 3626 Graece
1875 3555 2014 3628 nescie-

644 3665 744 3759 bant,
771 3694 877 3766 aeque
905 3679 1030 3742 certum
1057 3680 1126 3760 est3
1159 3681 1193 3744 et
1224 3674 1296 3763 ejus
1323 3669 1490 3766 Epistolas
1517 3692 1559 3740 ea
1585 3668 1697 3762 lingrrn
1725 3673 1866 3765 scriptas
1894 3679 2012 3740 extare

645 3789 678 3856 iu
705 3786 917 3860 Monasteriis
945 3785 1155 3878 Thebaidos,
1183 3790 1277 3862 testis
1304 3798 1357 3860 cst
1382 3785 1587 3860 hbulbircat.

753 3903 860 3988 Quam
892 3925 977 3977 vero
1017 3904 1249 3978 introductioni
1293 3903 1456 3999 Copticae
1495 3901 1629 3994 linguae
1665 3901 1837 3997 Epucham
1874 3904 2013 3978 Vossius

648 4021 834 4108 constituit,
862 4042 902 4091 ea
927 4021 1038 4113 potins
1066 4019 1234 4094 censenda
1255 4018 1455 4114 estEpooha
1470 4017 1561 4091 illius
1585 4021 1653 4110 jam
1668 4017 1842 4090 obsoletae
1859 4029 1896 4090 at
1908 4041 2014 4114 prope

649 4135 849 4232 deperditae.
878 4135 1008 4231 Quippe
1036 4133 1077 4206 ab
1114 4139 1208 4208 annis
1243 4157 1350 4232 prope
1385 4137 1553 4208 sexcentis
1588 4133 1835 4222 Alexandrino,
1868 4134 2014 4207 Kahirae

648 4274 733 4346 quae
761 4251 860 4326 sedes
887 4261 960 4323 erat
986 4254 1102 4344 regni,
1129 4260 1163 4322 et
1187 4256 1221 4324 in
1248 4262 1317 4326 tota
1344 4251 1493 4324 inferiori
1518 4253 1700 4346 Aegypto,
1726 4273 1806 4324 usus
1824 4250 1909 4323 illius
1931 4249 2013 4322 vul-

646 4371 738 4461 garis
773 4367 881 4442 nullus
902 4376 1005 4459 erat,
1036 4368 1124 4440 unde
1157 4367 1299 4458 iactum,
1333 4379 1370 4442 ut
1400 4373 1484 4440 inter
1515 4367 1634 4440 doctos
1660 4367 1774 4458 solos,
1801 4378 1835 4440 at
1861 4372 1893 4440 in
1919 4365 2012 4440 libris

648 4494 849 4558 conservata
875 4483 985 4557 inerit.
1037 4484 1114 4557 Non
1139 4483 1215 4558 illos
1242 4486 1378 4560 dicimus
1406 4484 1448 4558 de
1478 4482 1561 4556 lutili
1586 4485 1832 4580 Aegyptiorum
1859 4482 2012 4556 Theolo-

647 4606 724 4694 gia‚
751 4612 807 4674 aut
832 4599 981 4674 Deorum
1007 4623 1142 4674 suorum
1167 4600 1306 4691 fabulis,
1335 4597 1647 4697 apotelesmatibns‚
1680 4601 1819 4695 aliisque
1846 4600 2013 4695 supersti-

647 4721 755 4790 tiosae
780 4720 937 4791 vanitatis
976 4721 1239 4812 commentariis,
1266 4739 1407 4814 quorum
1432 4739 1477 4789 ne
1501 4715 1580 4788 leve
1607 4715 1738 4811 quidem
1761 4715 1915 4790 iudicium
1947 4738 2013 4788 oo-

649 4835 768 4906 currit:
796 4833 855 4908 sed
882 4833 1075 4929 Scripturas
1101 4857 1221 4908 sacrae
1245 4837 1416 4930 utriusque
1441 4832 1645 4908 Testamenti
1670 4835 1868 4924 versiones,
1894 4832 2012 4905 bitarr-

646 4952 724 5042 gias
759 4959 794 5021 et
829 4948 943 5023 Officia
977 4949 1267 5025 sacramentorum
1302 4953 1462 5026 omnium:
1498 4949 1630 5024 tandem
1666 4947 1827 5022 formulas
1864 4959 2012 5021 actorum

651 5064 854 5158 solennium,
881 5075 1015 5163 praeter
1042 5089 1125 5162 quae
1151 5067 1231 5142 nihil
1248 5068 1387 5164 Coptico
1404 5069 1561 5163 scriptum
1577 5069 1749 5164 reperitur.
1776 5067 1884 5140 Nemo
1904 5077 2014 5140 autern
