4778 6034
644 533 758 607 XXIV
992 593 996 602 .
1140 528 1517 608 bissiniltio

644 722 927 819 temporafnisse
957 728 1151 814 usurpatas3
1178 725 1212 788 et
1238 715 1315 810 quid
1339 735 1408 786 non
1433 712 1498 786 hoc
1524 715 1558 785 in
1584 735 1711 806 genere
1737 717 1895 810 peccavit
1915 715 2018 790 Alla-

645 839 733 911 tius?
759 836 947 910 Ecclesiam
972 838 1016 906 ita
1042 853 1268 929 propugnare,
1295 828 1440 924 prodere
1467 839 1529 902 est

334 962 404 1015 utun
421 959 533 1030 proban
546 960 631 1013 arven
751 951 899 1024 Probant
924 951 1183 1023 Protestantium
1209 945 1429 1037 objectiones,
1460 944 1580 1017 Jacobi
1605 945 1789 1038 Litargiam
1816 942 2018 1041 syllabatim,

318 1054 477 1118 ⁸¹⁸²¹¹⁰⁶¹¹⁸⁸·
643 1079 680 1142 ιιι
714 1067 756 1138 ad
787 1088 850 1138 nos
886 1067 1059 1161 pervenit,
1078 1057 1135 1134 vab
1170 1083 1212 1133 eo
1244 1063 1402 1154 scripturn
1435 1081 1504 1130 non
1537 1059 1659 1134 fuisse:
1688 1062 1750 1134 sed
1776 1063 2019 1155 supposititirnn

644 1185 782 1276 alicujus
808 1180 948 1254 hominis
974 1177 1142 1271 flagitiose
1169 1179 1237 1248 otio
1264 1197 1327 1249 suo
1363 1173 1526 1247 abutemis
1553 1174 1679 1249 foetum
1706 1199 1798 1267 esse,
1830 1197 1898 1248 non
1930 1196 2019 1269 pro-

644 1299 732 1372 bant.
785 1295 912 1367 Verum
946 1299 975 1368 si
1009 1293 1114 1366 semel
1153 1292 1356 1381 constiterit,
1397 1290 1484 1384 qnod
1518 1294 1737 1364 certissimum
1773 1300 1836 1378 est,
1877 1311 1953 1361 aum
1984 1292 2018 1361 iri

643 1412 808 1486 Ecclesiis
835 1411 1035 1482 Palaestinis
1061 1416 1252 1502 usurpatam
1279 1409 1313 1476 in
1340 1409 1446 1480 sacris
1469 1411 1638 1502 mysteriis
1664 1405 1876 1479 celebrandis
1901 1403 2018 1497 fnisse,

644 1537 800 1598 servatur
825 1525 872 1597 illi
898 1548 959 1598 sua
986 1525 1129 1616 dignitas
1157 1530 1191 1594 et
1218 1524 1390 1594 autoritas.
1442 1521 1480 1594 ld
1504 1544 1608 1617 porro
1636 1545 1682 1593 ex
1708 1526 1783 1617 ipso
1810 1519 2018 1597 Balsamonis

645 1644 820 1714 iesimonio
848 1639 936 1734 quod
963 1639 1067 1710 refert
1091 1638 1247 1727 Rivetus,
1274 1659 1293 1706 a
1320 1659 1359 1708 se
1384 1657 1454 1708 non
1473 1636 1686 1728 intellectum,
1713 1636 1890 1709 manifeste
1916 1649 2017 1736 patet

643 1756 732 1829 Nam
757 1757 892 1828 illarous
928 1754 1178 1828 Alexandrinus
1215 1754 1269 1846 qui
1303 1773 1378 1822 eum
1411 1751 1619 1842 consulebat,
1653 1753 1836 1826 testabatur
1870 1757 1959 1828 illam
1985 1758 2019 1827 in

642 1872 791 1967 partibus
820 1871 942 1966 Syriae
969 1870 1173 1942 celebratam
1198 1867 1315 1958 fuisse,
1342 1877 1378 1938 nt
1404 1867 1509 1939 Marci
1526 1866 1710 1960 Liturgiam
1736 1871 1770 1940 in
1787 1869 2019 1944 Alexandrina

641 1987 821 2087 Dioecesi,
838 1985 961 2080 Neque
988 1986 1214 2080 supposititias
1241 1981 1329 2070 illas,
1362 1992 1419 2053 aut
1445 1982 1605 2054 confictas
1638 2006 1657 2054 a
1690 1981 1929 2078 nebulonibus,
1963 1991 2018 2083 qui

642 2105 783 2175 sementi
809 2100 994 2173 dominicae
1021 2103 1147 2170 citanda
1175 2099 1526 2192 superseminaverint,
1553 2097 1630 2168 dicit
1644 2097 1843 2172 balsamon:
1870 2101 2018 2174 sedeas

640 2240 709 2289 non
734 2219 906 2289 recenseri
932 2220 967 2287 in
994 2211 1132 2286 canone
1159 2213 1424 2307 scripturarum,
1458 2221 1492 2284 et
1521 2213 1742 2304 rejiciendas,
1775 2237 1843 2287 non
1871 2215 1915 2289 ob
1943 2239 2018 2288 earn

641 2353 779 2403 causam
813 2355 900 2426 quae
925 2329 1049 2403 Riveto
1085 2328 1241 2424 palmaris
1274 2336 1350 2418 est,
1388 2327 1478 2423 quod
1508 2328 1608 2400 multa
1643 2331 1872 2424 superstitiosa
1905 2335 2019 2403 conti-

641 2456 751 2518 neant.
779 2446 905 2534 Verum
931 2445 1113 2517 modestius
1141 2447 1222 2536 agit,
1248 2465 1312 2514 neo
1337 2445 1445 2516 minus
1471 2447 1596 2538 inepte,
1624 2443 1701 2515 durn
1727 2467 1768 2517 ea
1795 2445 2017 2521 sola.ratione

641 2561 893 2657 supprimendas
920 2560 995 2634 illas
1018 2561 1155 2652 judicat,
1182 2561 1259 2653 quia
1286 2580 1402 2630 omnes
1428 2557 1604 2631 Ecclesiae
1639 2563 1736 2631 ritum
1769 2559 2015 2648 Constantino-

640 2676 805 2773 politanae
839 2679 934 2771 sequi
963 2676 1099 2748 debent:
1112 2709 1113 2712 ¹
1128 2697 1213 2770 qnae
1247 2678 1332 2744 ratio
1367 2698 1442 2747 curn
1468 2674 1723 2746 Protestantium
1760 2675 1888 2770 placitis
1915 2701 2015 2750 conr-

641 2814 740 2864 mune
770 2792 849 2862 nibil
882 2790 1002 2882 habet,
1036 2794 1157 2887 quippe
1190 2789 1306 2884 quibus
1340 2811 1408 2861 non
1443 2793 1551 2882 magis
1577 2789 1691 2861 Basilii
1725 2800 1759 2862 et
1785 2790 2015 2889 chrysostomi

641 2908 813 3000 Litargiae
840 2929 944 2980 sanae
972 2906 1138 2998 videntur,
1165 2929 1263 3000 quarn
1289 2903 1410 2976 Jacobi
1437 2914 1472 2977 et
1497 2905 1614 2980 Marci.
1665 2893 1668 2898 ’

350 3029 481 3099 tuturrgtee
500 3030 589 3086 ticoni
603 3042 630 3085 a
745 3024 792 3095 At
818 3023 891 3096 illas
920 3022 1070 3095 Graecas
1096 3033 1233 3094 veteres
1267 3043 1331 3092 usu
1366 3020 1638 3115 amplissimarum
1666 3020 1892 3095 Ecclesiarum
1926 3047 2016 3097 con-

315 3113 630 3254 ¹¹:¹⁸‘fflfs'llff‘g‘
643 3149 794 3214 sacratas
820 3138 944 3230 fuisse,
980 3141 1010 3211 si
1042 3140 1186 3212 nescivit
1215 3135 1378 3227 Rivetns,
1415 3147 1470 3207 aut
1496 3136 1727 3226 dissimulavit,
1754 3150 1880 3210 certum
1907 3151 2017 3215 tamen

316 3219 440 3341 ,1„y„q
643 3264 714 3326 est:
748 3275 814 3348 quo
847 3253 922 3327 solo
956 3263 1152 3346 argrunento
1188 3274 1252 3324 nec
1285 3250 1444 3325 confictas
1476 3251 1550 3326 illas
1585 3275 1675 3340 esse,
1702 3275 1766 3324 nec
1793 3259 2017 3350 supposititias

643 3371 896 3443 demonstratur.
931 3368 1051 3442 Jacobi
1084 3369 1210 3441 titulum
1244 3370 1373 3462 accepit
1402 3367 1707 3465 Hierosolymitana
1733 3369 1902 3462 Litargia,
1930 3371 2018 3466 qnod

640 3489 674 3558 in
707 3509 748 3558 ea
791 3484 945 3559 Ecclesia
988 3483 1029 3556 ab
1065 3483 1232 3580 Apostolo
1271 3483 1406 3555 fundata
1440 3483 1678 3558 celebraretur.
1740 3485 1836 3557 Unde
1871 3485 2016 3582 cyrillus

642 3602 792 3694 ejusdem
817 3599 1018 3697 Episcopus,
1045 3599 1225 3697 particulas
1252 3602 1377 3696 aliquot
1403 3622 1450 3672 ex
1477 3621 1518 3671 ea
1545 3596 1660 3688 refert,
1688 3603 1720 3670 in
1747 3604 1816 3673 suis
1845 3601 2015 3674 cateche-

641 3717 743 3789 sibus.
776 3717 861 3788 Hinc
894 3727 972 3787 nata
1004 3727 1057 3788 est
1090 3719 1236 3810 suspicio
1269 3715 1390 3788 bomini
1416 3714 1718 3803 confidentissimo,
1752 3726 1788 3787 ut
1821 3716 1947 3790 fraudis
1982 3722 2016 3789 in

640 3832 871 3926 componenda
907 3831 1026 3903 eadem
1060 3831 1211 3924 Liturgia
1247 3831 1427 3923 artificem,
1463 3854 1537 3904 earn
1577 3853 1623 3902 ex
1658 3831 1721 3904 illis
1757 3836 2015 3908 consarcinasse

643 3952 881 4037 somniaverit3
910 3958 944 4019 et
961 3945 1164 4020 catecheses
1180 3956 1290 4018 tamen
1308 3946 1393 4020 falso
1414 3942 1542 4041 cyrillo
1560 3946 1658 4018 tribui
1672 3945 1809 4040 judicat,
1838 3971 1924 4043 quae
1944 3959 2018 4022 sunt

640 4059 837 4136 ἀσύστατα.
864 4064 979 4158 ltaque
1007 4085 1053 4134 ex
1079 4084 1143 4133 una
1172 4071 1228 4134 aut
1254 4061 1358 4134 altera
1384 4061 1536 4158 periodo,
1564 4061 1707 4134 obscure
1729 4061 1916 4155 designata,
1942 4089 2015 4137 cum

642 4182 727 4250 inter
763 4200 823 4250 eos
858 4182 913 4273 qni
946 4200 1017 4248 rem
1051 4187 1217 4250 noverant
1251 4188 1331 4250 nota
1367 4181 1448 4252 satis
1481 4187 1593 4268 esset,
1625 4175 1716 4248 facta
1748 4189 1801 4250 est
1826 4182 1956 4272 integra
1984 4188 2018 4252 et

642 4297 721 4368 satis
748 4293 850 4386 longa
877 4293 984 4365 Officii
1009 4291 1229 4366 Eucharistici
1258 4292 1451 4365 celebrandi
1486 4294 1602 4366 forma.
1654 4293 1796 4388 Reliqua
1830 4317 1915 4389 quae
1946 4317 2016 4390 po-

642 4412 760 4481 tiorem
788 4420 822 4482 et
847 4413 1021 4505 mysticam
1054 4413 1215 4480 actionem
1249 4413 1420 4481 continent
1454 4409 1632 4501 designare
1667 4407 1823 4482 criticus.
1836 4410 2016 4485 debuisset.

642 4524 711 4597 Sed
737 4526 861 4619 pendet
887 4529 996 4615 animi,
1025 4536 1059 4597 et
1085 4549 1162 4598 nurn
1189 4524 1394 4598 catecheses
1422 4549 1467 4597 ex
1493 4525 1654 4618 Liturgia,
1684 4536 1740 4597 aut
1766 4549 1812 4598 ex
1839 4550 1880 4598 ea
1909 4525 2017 4599 cate-

642 4638 761 4711 cheses
788 4638 952 4712 formatae
980 4644 1055 4733 sint,
1082 4645 1115 4712 in
1137 4642 1245 4714 medio
1262 4643 1432 4736 relinquit:
1460 4663 1543 4735 quas
1570 4643 1792 4732 conjecturas,
1814 4643 1908 4715 velut
1923 4642 2017 4732 aegri

643 4759 784 4843 somnia,
812 4758 840 4826 si
867 4759 1060 4846 recitentur,
1087 4757 1244 4830 refellere
1272 4779 1356 4854 opus
1383 4779 1450 4828 non
1477 4765 1538 4828 est.
1567 4755 1742 4841 Quomodo
1770 4762 1868 4830 etiam
1896 4761 1924 4830 si
1950 4757 2018 4828 Li-

644 4873 753 4960 turgia
780 4868 899 4941 Jacobi
935 4874 1135 4944 zizaniorum
1169 4878 1273 4945 instar
1308 4876 1417 4967 segeti
1452 4872 1637 4944 dominicae
1665 4878 1926 4968 superseminata
1953 4881 2017 4962 est,

641 4993 708 5054 tam
737 4995 925 5056 accuratam
951 4985 1050 5058 habet
1083 5009 1157 5058 curn
1185 4990 1256 5063 aliis
1289 4988 1428 5062 Graecis
1455 4986 1746 5063 conformitatem?
1775 4989 1845 5063 cnr
1860 4993 1894 5062 in
1920 5009 2018 5061 unam
