4622 6040
573 550 626 624 40
1081 547 1438 625 LlTllllGlb

679 736 863 810 Sacerdos.
915 735 1061 828 Dignum
1087 746 1121 806 et
1143 737 1268 827 justum
1294 743 1364 824 est,
1391 735 1467 829 quia
1493 743 1528 805 tu
1553 755 1638 806 vere
1665 734 1784 826 dignus
1802 757 1860 808 es:
1882 739 1945 828 ju-

574 867 662 929 stum
689 864 723 925 et
749 863 916 943 sanctum,
943 854 1149 925 conveniens
1177 862 1211 924 et
1236 857 1483 942 necessarium,
1511 851 1702 941 animabus,
1734 852 1945 948 corporibus,

573 969 808 1067 spiritibusque
835 974 976 1060 nostris,
1009 979 1145 1042 aeterne
1169 969 1331 1059 Domina,
1363 968 1508 1040 Domine
1539 968 1633 1040 Deus
1660 969 1760 1040 Pater
1786 973 1946 1066 omnipo-

575 1100 676 1180 tens,
703 1109 836 1182 semper
852 1097 886 1158 et
900 1090 934 1158 in
948 1089 1037 1158 omni
1051 1085 1129 1158 loco
1146 1084 1378 1158 dominationis
1395 1095 1491 1175 tuae,
1517 1093 1554 1156 ut
1574 1084 1706 1157 laudem
1725 1095 1780 1176 te,
1806 1087 1946 1182 psallam

576 1205 653 1293 tibi,
678 1202 875 1276 benedicam
903 1203 979 1292 tibi,
1005 1205 1152 1275 serviam
1179 1200 1254 1293 tibi,
1281 1201 1419 1275 adorem
1444 1211 1496 1290 te,
1521 1204 1649 1292 gratias
1663 1223 1763 1294 agam
1778 1200 1854 1292 tibi,
1881 1226 1946 1276 ce-

575 1318 702 1392 lebrem
728 1330 762 1391 te
789 1330 823 1391 et
850 1319 1010 1393 confitear
1034 1317 1093 1390 tibi
1120 1318 1173 1389 die
1199 1341 1239 1388 ac
1265 1321 1387 1407 nocte,
1412 1316 1509 1390 labiis
1533 1317 1815 1408 indesinentibus,
1843 1319 1946 1392 corde

575 1458 741 1530 nunquam
768 1434 895 1525 silenti,
922 1446 956 1508 et
980 1434 1078 1508 laude
1104 1457 1174 1508 non
1199 1438 1390 1530 interrupta.
1424 1434 1477 1506 Tu
1503 1439 1625 1506 creasti
1653 1433 1770 1508 coelos
1798 1444 1832 1506 et
1859 1459 1945 1530 quae

575 1557 610 1623 in
642 1551 746 1624 coelis
777 1561 870 1642 sunt,
905 1563 1027 1625 terram
1054 1561 1088 1624 ct
1115 1553 1226 1624 omnia
1260 1575 1346 1646 quae
1378 1554 1411 1622 in
1443 1573 1485 1623 ea
1515 1562 1611 1642 sunt,
1643 1555 1766 1644 maria,
1800 1549 1945 1640 flumina,

574 1668 706 1758 fontes,
733 1679 766 1740 et
791 1664 947 1764 paludes,
975 1677 1009 1740 et
1034 1689 1261 1763 quaecumque
1287 1672 1320 1740 in
1347 1671 1395 1740 eis
1422 1676 1507 1742 sunt.
1552 1668 1605 1740 Tu
1631 1671 1754 1741 creasti
1779 1665 1945 1742 bominem

578 1784 621 1856 ad
646 1788 825 1877 imaginem
851 1794 886 1856 et
911 1783 1152 1857 similitudinem
1177 1793 1282 1875 mam,
1310 1795 1344 1857 et
1370 1788 1480 1858 omnia
1507 1788 1630 1858 creasti
1647 1787 1681 1856 in
1699 1786 1860 1881 sapientia
1876 1793 1946 1874 tua,

578 1904 613 1972 in
639 1900 762 1974 lumine
796 1912 853 1973 tuo
880 1924 986 1991 vero,
1021 1903 1191 1994 unigenito
1224 1900 1291 1974 filio
1325 1912 1409 1992 tuo,
1443 1902 1608 1990 Domino,
1640 1887 1734 1990 Deo',
1765 1901 1946 1975 Salvatore

577 2029 612 2090 et
641 2018 741 2111 Rege
771 2027 889 2092 nostro
919 2019 1002 2091 Jesu
1036 2015 1193 2090 Christo:
1224 2029 1363 2115 propter
1398 2017 1487 2113 quod
1518 2019 1644 2110 gratim
1672 2020 1802 2110 egimus
1828 2017 1885 2090 tibi
1910 2029 1947 2090 et

577 2133 746 2208 offerimus
774 2134 851 2227 tibi,
878 2138 976 2230 eique
1003 2133 1099 2208 simul
1125 2144 1160 2206 et
1184 2134 1320 2229 Spiritui
1337 2143 1476 2222 sancto,
1503 2133 1653 2205 Trinitati
1675 2144 1830 2225 sanctae,
1856 2157 1946 2207 con-

580 2249 786 2325 substantiali
813 2261 847 2324 et
872 2248 1149 2344 indivisae„boc
1175 2251 1372 2325 sacrificium
1399 2248 1596 2323 rationabile
1631 2258 1665 2322 et
1696 2249 1761 2323 boc
1792 2253 1946 2323 ministe-

574 2370 663 2438 rium
688 2371 911 2457 incruentum,
938 2366 1025 2461 quod
1051 2366 1193 2438 otienmt
1218 2366 1277 2440 tibi
1304 2390 1421 2446 omnes
1447 2367 1562 2464 populi
1588 2365 1630 2439 ab
1658 2375 1733 2439 ortu
1749 2365 1830 2439 solis
1841 2388 1946 2462 usque

578 2481 620 2554 ad
648 2505 821 2572 occasum,
848 2507 868 2554 a
895 2486 1132 2578 septemtrione
1159 2481 1201 2553 ad
1229 2493 1393 2577 austrum,
1421 2487 1496 2580 quia
1522 2505 1644 2555 nomen
1665 2485 1772 2573 tuum,
1792 2484 1947 2575 Domine,

578 2623 733 2692 magnum
758 2612 810 2673 est
837 2605 871 2671 in
905 2599 1057 2673 omnibus
1082 2599 1237 2693 gentibus
1264 2611 1298 2672 et
1327 2603 1474 2673 inmani
1497 2599 1574 2671 loco
1607 2599 1749 2670 ollerunt
1776 2602 1945 2672 incensum

577 2719 778 2788 nominituo
801 2725 940 2807 sancto,
969 2725 1003 2787 et
1034 2717 1231 2790 sacrificium
1252 2739 1388 2814 purum,
1411 2717 1508 2791 simul
1531 2739 1605 2788 cum
1633 2714 1699 2789 hoc
1726 2715 1888 2788 sacrificio
1915 2727 1950 2789 et

576 2829 641 2903 ,hac
668 2831 847 2906 oblatione.

779 3079 954 3152 Sacerdos
981 3084 1110 3176 accipit
1137 3079 1340 3154 thuribulum
1366 3085 1401 3152 et
1427 3077 1542 3150 adolet
1563 3080 1742 3148 incensam.

691 3300 833 3372 Dondne
867 3303 1039 3373 miserere.
1098 3300 1271 3394 Rogamus
1309 3310 1344 3372 et
1381 3299 1596 3372 obsecramus
1632 3295 1812 3369 bonitatem
1847 3305 1951 3390 tuam,

575 3425 708 3488 amator
732 3414 909 3488 bominum.
962 3415 1144 3506 Memento,
1170 3417 1314 3490 Domine
1339 3421 1451 3513 pacis,
1485 3416 1598 3504 unius,
1631 3416 1768 3504 unicae,
1801 3425 1950 3508 sanctae,

579 3531 787 3622 Catholicae,
815 3542 849 3604 et
874 3531 1092 3628 Apostolicae
1117 3531 1302 3606 Ecclesiae.

680 3649 869 3720 Diacoaoe.
924 3647 1027 3720 Orate
1053 3672 1115 3745 pro
1142 3672 1228 3744 pace
1253 3653 1361 3743 unius,
1391 3658 1539 3740 sannae,
1568 3645 1761 3720 Catholicae
1788 3654 1822 3717 et
1846 3643 1951 3739 Apo-

579 3765 717 3838 stolicae
743 3761 937 3855 Ecclesiae,
971 3788 1034 3860 pro
1070 3764 1177 3840 salute
1202 3767 1417 3861 populorum,
1451 3775 1486 3837 et
1511 3767 1689 3839 securitate
1716 3764 1951 3856 cujuscumque

578 3882 657 3973 loci,
684 3891 718 3954 et
743 3891 780 3954 ut
805 3881 1004 3952 dimittantur
1030 3879 1127 3954 nobis
1153 3892 1293 3977 peccata
1319 3893 1443 3955 nostra.

681 3996 865 4069 Sacerdos.
921 3995 1016 4082 Quae
1042 4006 1095 4069 est
1120 4021 1141 4070 a
1166 3997 1285 4071 linibus
1313 3998 1354 4070 ad
1380 3998 1463 4071 bnes
1490 4008 1601 4072 terrae
1627 4005 1690 4070 eto.
1717 4001 1755 4066 at
1779 3989 1823 4065 in'
1843 3995 1953 4066 noea

576 4115 713 4188 Baetra
1159 4205 1161 4209 ¹

681 4232 825 4303 Domine
851 4231 1024 4302 miserere.
1076 4229 1227 4304 lnbrmos
1254 4231 1366 4328 populi
1391 4234 1437 4302 tui
1464 4253 1558 4304 sana.

684 4347 870 4418 Dianam.
925 4344 1028 4417 Orate
1054 4366 1115 4441 pro
1142 4345 1290 4442 patribus
1317 4357 1351 4420 et
1376 4347 1530 4420 fratribus
1561 4347 1692 4418 nostris.

683 4460 866 4534 Sacerdos.
918 4459 1026 4534 Visita
1053 4481 1114 4536 eos
1136 4464 1170 4534 in
1191 4464 1429 4537 misericordia.
1472 4465 1521 4536 Et
1536 4465 1715 4557 perficitor
1733 4482 1779 4530 ec
1794 4460 1953 4532 matiooe

578 4581 712 4651 incensi
737 4576 883 4648 dilaculo
910 4577 989 4652 diei.
1042 4575 1159 4654 Patres
1185 4577 1371 4676 fratresque
1397 4589 1532 4653 nostros
1559 4599 1703 4676 peregre
1728 4574 1910 4672 profectos.

684 4693 871 4771 Diaconos.
924 4693 1027 4766 Orate
1066 4715 1128 4790 pro
1163 4695 1334 4792 patribus,
1374 4696 1598 4792 fratribusque
1642 4695 1766 4766 noeais
1806 4709 1952 4792 peregre

581 4810 750 4908 profectis.

686 4924 870 4996 Sacerdos.
922 4923 967 4997 Et
991 4949 1053 5022 pro
1080 4926 1144 5003 illis
1172 4933 1228 5025 qui
1264 4931 1525 5024 designavenmt
1556 4927 1601 5000 ad
1627 4947 1865 5021 quemcumque
1892 4922 1954 4996 lo-

579 5064 656 5114 cum
682 5039 850 5137 proticisci
876 5049 938 5112 etc.
990 5042 1177 5137 Perficitar
1204 5070 1249 5118 ec
1275 5049 1394 5120 cadero
1419 5050 1578 5120 oratione
1603 5047 1742 5116 incensi.
1789 5041 1955 5114 Serenum
