4760 6038
765 617 946 694 LXXXVI
1253 621 1641 700 nlsstturlrio

766 809 878 882 solnm
904 809 1004 882 docet
1028 833 1092 884 nos
1117 814 1152 882 in
1178 833 1239 885 sua
1266 809 1309 882 ad
1333 807 1485 882 Marcum
1510 811 1731 906 responsione
1757 811 1957 904 Balsamon,
1984 817 2138 890 extitisse

767 947 829 999 suo
869 927 1005 998 saeculo
1042 925 1232 1018 Ecclesiae,
1274 929 1308 998 in
1341 923 1458 1020 quibus
1491 926 1631 1017 Jacobi,
1670 926 1844 1023 Marcique
1885 928 2057 1023 Litargiac
2096 933 2139 1006 ad

767 1038 1017 1113 Sacramentum
1052 1041 1283 1115 Eucharistiae
1317 1039 1550 1114 celebrandum
1595 1041 1846 1135 adhiberentur,
1886 1045 1973 1139 qnod
2007 1046 2139 1122 aliunde

764 1160 829 1228 -vix
856 1156 986 1231 discere
1011 1158 1145 1248 licebat,
1172 1167 1262 1231 tanta
1288 1157 1349 1230 fuit
1369 1166 1530 1248 autorum,
1558 1161 1614 1252 qui
1630 1157 1672 1230 de
1691 1157 1835 1232 Orientis
1861 1159 1963 1236 rebus
1985 1165 2138 1258 scripse-

765 1281 842 1344 runt
874 1273 969 1362 olim,
1014 1277 1177 1370 imperitia
1211 1284 1267 1346 aut
1298 1273 1520 1367 indiligentia:
1560 1297 1637 1345 nam
1672 1299 1692 1346 a
1724 1273 1866 1368 Graecis
1900 1301 1997 1373 quam
2030 1301 2138 1374 pauca

764 1387 829 1460 lroo
854 1391 888 1460 in
914 1411 1041 1482 genere
1067 1390 1295 1488 exspectanda
1322 1393 1406 1483 sint,
1438 1390 1537 1463 docet
1570 1389 1710 1465 hominis
1746 1393 1832 1465 inter
1863 1414 1923 1466 eos
1958 1394 2138 1468 doctissimi

763 1504 975 1578 Balsamonis
1007 1507 1207 1604 exemplum.

440 1631 561 1703 Origines
580 1635 751 1706 urrargamm
867 1623 987 1695 XVIII.
1025 1625 1119 1710 Quae
1145 1645 1230 1696 vero
1256 1583 1392 1695 ulterius
1420 1626 1507 1696 scire
1531 1625 1701 1715 intererat,
1728 1623 1997 1717 ntLiturgiarum
2015 1624 2138 1724 Copti-

440 1718 672 1776 Alexandrinarum
700 1725 750 1777 ob-

438 1808 611 1863 scurissimae.

763 1760 878 1811 carum
910 1742 1059 1831 origines
1092 1751 1299 1829 teneremus,
1332 1742 1377 1811 ita
1404 1737 1549 1812 obscura
1581 1739 1644 1810 lruo
1669 1761 1776 1836 usqne
1802 1739 1951 1832 fuerunt,
1986 1754 2022 1816 ιιι
2047 1765 2138 1816 con-

758 1857 896 1945 jecturis
912 1865 1046 1946 tantum,
1064 1879 1132 1930 non
1149 1859 1249 1929 certis
1263 1854 1527 1952 probationibus,
1546 1877 1592 1928 ex
1605 1866 1756 1928 autorum
1769 1855 2136 1954 relllannscriptorum

760 1970 920 2042 librorum
948 1975 1135 2046 testimonio
1162 1975 1285 2069 petitis,
1313 1975 1501 2067 quaestioni
1526 1994 1595 2044 non
1621 1970 1663 2043 ad
1690 1972 1794 2044 solam
1816 1971 2047 2065 eruditionem,
2075 1974 2137 2048 sed

760 2086 939 2161 adientes
966 2089 1151 2161 traditionis
1179 2087 1377 2184 aperiendos
1404 2091 1635 2179 necessariae,
1660 2087 1721 2159 lux
1748 2085 1857 2184 aliqua
1884 2100 2002 2196 posset
2028 2113 2135 2163 acce-

759 2202 849 2275 dere.
902 2203 989 2276 Nam
1009 2205 1098 2300 quod
1107 2205 1255 2277 Arabica
1273 2202 1413 2277 Graecis
1429 2206 1612 2276 vetustiora
1631 2203 1787 2296 Scaliger
1811 2208 2027 2297 existimavit,
2046 2229 2133 2304 per-

758 2321 874 2413 spicue
888 2318 1006 2394 falsum
1024 2331 1087 2411 est,
1102 2344 1176 2393 oum
1192 2344 1238 2392 ex
1252 2317 1399 2417 Gopticis
1415 2319 1661 2416 exemplaribus
1675 2324 1791 2394 versio
1807 2318 1955 2393 Arabica
1969 2320 2060 2395 lacta
2077 2328 2134 2410 sit:

756 2434 812 2507 illa
825 2457 909 2509 vero
923 2443 972 2509 tot
986 2457 1092 2509 voees
1107 2435 1270 2527 Graecas,
1286 2445 1334 2508 tot
1345 2435 1506 2509 formulas
1519 2435 1637 2508 eadem
1648 2435 1762 2529 lingua
1779 2447 1963 2532 conceptas
1978 2435 2135 2548 habeant,

756 2561 793 2623 ιιι
805 2555 969 2625 vetustior
986 2575 1101 2625 corum
1118 2555 1214 2646 origo
1229 2553 1418 2648 quaerenda
1432 2554 1483 2631 sit.
1524 2550 1609 2624 uum
1622 2574 1708 2624 vero
1734 2551 1798 2624 huc
1823 2575 1931 2648 usquc
1957 2562 2025 2626 tam
2040 2555 2134 2632 multi

754 2669 790 2737 in
815 2652 937 2741 Critic'a
965 2673 1163 2767 praesertim
1192 2668 1430 2742 Ecclesiastico
1460 2689 1498 2740 se
1527 2671 1757 2759 exercuerint,
1793 2680 1828 2742 et
1853 2668 1998 2764 quotidie
2023 2691 2168 2747 exer-r

754 2793 863 2874 ceant,
890 2807 988 2858 nemo
1016 2785 1105 2882 quod
1131 2789 1233 2860 sciam
1262 2786 1303 2858 de
1322 2784 1528 2880 Coptitarum
1547 2783 1712 2877 Litargiis
1732 2787 1777 2855 ita
1800 2782 1975 2875 jndicavit,
2001 2789 2131 2880 atejus

751 2900 876 2990 judicio
901 2901 1055 2975 videatur
1082 2901 1369 2998 adquiescendum.
1424 2898 1588 2972 Graecam
1611 2901 1775 2992 originem
1800 2921 1915 2974 omnes
1933 2915 2132 2997 agnoscunt,

754 3025 788 3087 et
819 3016 853 3088 id
884 3021 916 3088 in
949 3028 1080 3113 promtu
1113 3028 1204 3091 erat:
1248 3017 1309 3091 sed
1342 3036 1548 3089 communem
1582 3024 1618 3088 ιιι
1654 3015 1792 3111 reliquis
1832 3019 2131 3094 sacramentalibus

755 3131 877 3206 Officiis
894 3138 1058 3227 originem
1074 3135 1147 3208 illas
1160 3133 1287 3207 habere
1305 3136 1589 3223 existimaverunt,
1609 3134 1655 3204 ita
1675 3141 1712 3204 ιιι
1728 3135 1931 3230 praecipuae
1946 3139 2131 3228 orationes,

752 3247 830 3320 illae
856 3253 1053 3345 praesertim
1080 3274 1166 3347 qnae
1193 3253 1419 3344 augustiorem
1446 3251 1534 3322 sacri
1560 3249 1732 3321 ministerii
1757 3259 1886 3345 partem
1913 3252 2130 3344 constituunt,

712 3382 722 3390 ·
753 3387 851 3458 quam
878 3366 1048 3439 Cononem
1077 3367 1297 3463 appellamus,
1324 3365 1451 3438 scilicet
1477 3389 1497 3437 a
1522 3363 1755 3455 Praelatione,
1782 3374 1817 3437 et
1841 3364 1982 3438 Sursum
2010 3367 2129 3456 eorda,

463 4185 550 4241 Critici
566 4187 685 4258 plerique
705 4188 738 4241 de

426 4273 478 4327 illis
492 4290 627 4343 perperam
645 4276 738 4341 conJ'e-

427 4368 572 4416 etuverunt.

750 3480 927 3576 usquead
954 3487 1229 3574 communionem,
1254 3485 1361 3554 minus
1388 3483 1558 3555 varietatis
1575 3479 1751 3571 haberent,
1778 3490 1877 3576 atque
1905 3481 1948 3554 ad
1973 3484 2128 3579 primae-

750 3619 829 3668 vum
854 3598 1074 3695 Apostolicae
1100 3599 1283 3672 traditionis
1301 3595 1476 3693 exemplar
1502 3599 1646 3695 scriptae
1667 3596 1790 3687 iurent,
1816 3599 1850 3668 in
1874 3596 1946 3672 aliis
1964 3601 2128 3691 majorem

751 3712 814 3788 sibi
842 3719 897 3811 qni
922 3715 1091 3809 Litargias
1119 3721 1323 3813 scripserant
1355 3710 1542 3786 libertatern
1575 3716 1781 3786 sumsissent.
1833 3711 1953 3809 Neque
1980 3713 2127 3790 absurda

750 3851 833 3902 sane
859 3829 943 3903 haec
970 3836 1082 3929 opinio
1110 3830 1276 3906 censenda
1303 3841 1375 3921 est,
1411 3853 1527 3907 omnes
1560 3837 1647 3905 enim
1683 3854 1805 3931 preces
1833 3843 1868 3905 et
1893 3836 2128 3906 caeremoniae

751 3944 793 4016 ad
819 3948 1023 4040 primaevum
1058 3947 1138 4019 illud
1171 3955 1270 4043 caput
1300 3946 1519 4043 Apostolicae
1551 3949 1733 4023 traditionis
1764 3948 1972 4041 referuntur,
2004 3972 2025 4021 a
2060 3970 2127 4044 quo

752 4065 780 4134 si
805 4062 864 4134 vel
887 4062 1010 4136 leviter
1034 4063 1205 4152 recedunt,
1231 4085 1398 4157 nunquam
1425 4064 1467 4136 ab
1494 4063 1648 4137 Ecclesia
1674 4065 1837 4161 probatae
1864 4070 2083 4162 reperiuntur.

854 4178 945 4251 XIX.
988 4179 1115 4252 Verum
1148 4182 1285 4276 propius
1321 4181 1513 4274 quaerenda
1545 4191 1618 4254 erat
1645 4185 1741 4274 origo
1756 4182 1980 4274 liturgiarum
1994 4182 2124 4278 Aegy-

748 4297 944 4391 ptiacorum,
971 4307 1108 4390 eratque
1136 4295 1378 4391 quodammodo
1406 4299 1466 4372 sub
1495 4297 1697 4370 eruditorum
1714 4298 1831 4388 oculis,
1859 4308 1893 4371 et
1910 4321 1986 4372 eam
2007 4317 2122 4390 agno-

750 4433 847 4486 scere
874 4409 973 4484 iacile
1000 4414 1139 4508 quisque
1163 4414 1339 4509 potuisset,
1365 4417 1429 4488 nisi
1457 4410 1569 4487 critici
1596 4418 1708 4486 omnia
1734 4414 1998 4488 conturbassent.
2032 4413 2121 4485 Dum

748 4529 833 4598 enim
862 4526 904 4599 de
920 4525 1060 4600 Graecis
1087 4551 1173 4623 quoe
1200 4541 1376 4624 supersunt
1400 4529 1559 4622 Liturgiis
1585 4534 1719 4602 nimium
1745 4534 2004 4627 praecipitanter
2025 4529 2121 4622 judi-

748 4653 928 4733 caverunt,
963 4666 1071 4739 neque
1105 4644 1162 4716 vel
1194 4647 1325 4718 unicam
1360 4671 1380 4718 a
1412 4655 1496 4718 tetra
1527 4653 1669 4720 cens'ura
1700 4649 1878 4718 immunem
1904 4645 2120 4742 reliquerunt,

747 4766 914 4854 prostratu
949 4769 1001 4832 est
1033 4760 1120 4854 apud
1153 4782 1269 4834 omnes
1304 4761 1432 4834 illarum
1469 4763 1648 4853 autoritas,
1689 4760 1775 4834 adeo
1807 4771 1843 4834 ut
1877 4762 1987 4852 nulla,
2023 4784 2121 4858 quam

747 4877 832 4946 inter
858 4877 970 4971 spuria
997 4883 1031 4946 et
1056 4879 1264 4972 supposititia
1291 4880 1413 4973 scripta
1439 4899 1504 4949 non
1530 4880 1720 4970 rejecerint,
1746 4877 1861 4952 relicta
1886 4882 1937 4953 sit.
1990 4880 2121 4975 Nempe

748 5012 844 5085 qnam
872 4993 906 5062 in
932 4991 1159 5086 expendendis
1186 4996 1394 5089 antiquorum
1409 5003 1561 5066 autorum
1587 4993 1745 5090 operibus
1767 4995 1918 5087 regulam
1945 4992 2120 5066 commode

748 5119 782 5180 et
808 5109 976 5203 sapienter
1003 5104 1160 5182 adhibere
1185 5108 1352 5204 Theologr'
1377 5108 1497 5202 solent,
1524 5117 1559 5183 ιιι
1585 5133 1632 5183 err
1657 5113 1745 5183 uotis
1771 5119 1957 5206 temporum
1985 5118 2019 5183 ct
2045 5109 2118 5184 aliis
