4778 6034
367 3194 407 3249 na
420 3197 470 3250 illis
481 3198 602 3267 Litargiis
611 3199 678 3255 Pro-

366 3291 489 3336 testanteo
507 3284 624 3352 imperite
632 3287 678 3352 ju-

366 3368 523 3424 dicaverunt·

699 593 798 668 Xlill
1196 596 1578 676 DISSllllTllTIO

804 783 860 855 Ex
885 783 949 859 illis
975 787 1074 877 igion
1101 806 1188 879 quae
1214 781 1278 853 huc
1302 804 1410 877 usque
1437 783 1524 855 dicta
1551 791 1646 872 sunt,
1673 794 1765 856 certa
1792 786 1903 880 capita
1916 807 2005 880 quae
2027 788 2072 861 ad

699 898 966 993 perspiciendam
992 898 1217 991 Liturgiarum
1242 919 1360 970 veram
1387 907 1422 970 et
1445 896 1628 990 legitimam
1652 897 1813 990 formam,
1846 909 1914 972 tum
1942 901 1985 973 ad
2010 902 2070 975 ie-

700 1014 838 1086 rendum
866 1015 908 1086 dc
935 1012 1074 1088 Graecis
1100 1014 1295 1109 Latinisque
1322 1013 1480 1105 judicium
1513 1015 1660 1084 maxime
1691 1013 1882 1104 comer-um,
1917 1015 2071 1088 videntur

699 1149 805 1224 posse
840 1128 962 1220 colligi.
996 1129 1021 1201 1.
1073 1129 1207 1202 Veteris
1247 1137 1281 1200 et
1311 1128 1530 1222 Apostolicac
1564 1126 1737 1220 Liturgiae
1772 1128 1914 1202 formam
1947 1128 2070 1206 frustra

698 1246 815 1337 quaeri
840 1247 874 1314 in
901 1265 1000 1316 sacra
1028 1243 1220 1340 Scriptura,
1247 1243 1337 1338 quod
1362 1252 1549 1334 agnoscunt
1573 1243 1820 1334 Protestantes,
1857 1254 1957 1339 atque
1983 1246 2069 1319 adeo

698 1358 923 1452 quaerendum
950 1379 1029 1430 esse
1054 1361 1261 1454 primaevum
1287 1357 1366 1430 illud
1392 1358 1567 1453 exemplar
1591 1362 1625 1429 in
1651 1356 1826 1432 Ecclesia:
1860 1359 1925 1432 hoc
1959 1363 2069 1432 estin

697 1475 862 1544 communi
889 1472 1150 1545 Christianorum
1178 1475 1322 1546 omnium
1354 1494 1530 1546 consensu.
1565 1474 1606 1546 ll.
1646 1474 1683 1545 ln
1717 1495 1816 1546 unam
1852 1474 2069 1568 eamdemque

696 1583 839 1658 formam
866 1589 1055 1658 consentire
1082 1569 1241 1677 Latinas,
1268 1586 1436 1678 Graecas,
1463 1597 1499 1659 et
1525 1609 1641 1662 omnes
1669 1588 1857 1662 Orientales
1883 1588 2067 1664 Ecclesias.

696 1700 752 1772 ΠΙ.
778 1700 830 1773 Ea
857 1705 889 1772 in
917 1701 1034 1797 quihus
1061 1705 1180 1773 rituum
1207 1705 1352 1775 omnium
1382 1702 1595 1793 Latinorum,
1631 1701 1838 1776 Graecorum
1870 1715 1904 1776 et
1938 1704 2067 1778 onon-

695 1814 810 1887 talium
837 1836 1021 1890 consensus
1049 1820 1260 1910 agnoscitur,
1286 1827 1400 1913 partes
1433 1818 1632 1892 essentiales
1665 1818 1837 1911 Liturgiae
1870 1841 1968 1904 esse,
2003 1841 2067 1893 se-

696 1928 837 2002 cundum
865 1953 948 2026 quas
975 1932 1018 2003 de
1044 1953 1085 2005 ea
1112 1942 1165 2006 est
1186 1931 1417 2024 judicandum,
1444 1932 1591 2028 reliquae
1616 1933 1838 2006 indifferentes
1856 1933 1973 2006 haberi
1999 1935 2067 2007 de-

694 2044 785 2117 hent
837 2045 905 2118 lllis
932 2050 976 2118 ita
1003 2049 1208 2137 constitutis,
1240 2047 1362 2139 jndicia
1395 2047 1651 2122 Protestantium
1686 2050 1729 2121 da
1762 2048 1902 2122 Graecis
1935 2049 2067 2140 iacobi,

695 2160 821 2253 Marci,
847 2160 962 2234 Basilii
989 2171 1024 2234 et
1049 2159 1282 2258 chrysostomi
1309 2162 1548 2259 expendemus.

1241 2582 1429 2704 curun
1469 2585 1526 2668 m.

694 2772 783 2860 (leid
798 2773 1020 2864 judicandum
1050 2776 1095 2845 eit
1126 2774 1170 2845 de
1196 2778 1344 2870 antiquio
1371 2777 1517 2849 Graecis
1541 2777 1685 2868 Jocoht,
1719 2781 1848 2867 Marci,
1877 2778 2003 2850 Basilii
2029 2786 2065 2851 et

1161 2893 1389 2986 Chrpeostomi
1423 2897 1599 2992 Litorpiio.

772 3139 932 3244 Junrcm
959 3167 1217 3240 Protestantium
1254 3166 1295 3238 de
1332 3165 1473 3240 Graecis
1500 3168 1658 3261 Liturgiis
1691 3191 1808 3264 parum
1842 3189 1950 3260 aequa
1986 3193 2065 3244 csse

691 3282 863 3355 mhabitur
892 3303 1011 3373 nemo,
1039 3285 1095 3378 qui
1121 3287 1226 3373 sciet,
1260 3292 1416 3378 quantum
1443 3283 1521 3356 illac
1550 3283 1813 3374 Reformationi,
1840 3285 1931 3354 circa
1966 3280 2064 3354 fidem

692 3397 934 3486 Eucharistiae,
961 3407 996 3470 et
1021 3398 1107 3470 illius
1134 3395 1358 3470 celebrandae
1384 3400 1518 3471 modum
1541 3399 1796 3470 incommodent.
1823 3399 1860 3470 ln
1888 3399 1961 3470 aliis
1976 3401 2063 3471 enirn

692 3517 892 3609 antiquitatis
909 3512 1172 3586 Ecclesiasticae
1198 3514 1430 3602 monumentis,
1450 3517 1648 3608 praesertim
1660 3537 1744 3587 vero
1762 3515 1894 3608 seriptis
1921 3524 2063 3586 saneto·

689 3653 763 3702 naun
788 3630 923 3702 Patrum
951 3629 1172 3724 explicandis,
1207 3628 1282 3700 dum
1309 3633 1491 3702 sententias
1524 3633 1720 3726 perspicuas
1752 3629 2063 3700 commentariorum

690 3768 824 3820 suorum
851 3746 999 3820 tenebris
1025 3745 1211 3833 involmmt,
1238 3747 1267 3816 si
1294 3744 1452 3818 suhactos
1487 3748 1522 3816 in
1556 3769 1671 3818 eorum
1697 3746 1841 3818 lectione
1868 3742 2062 3837 Theologos

688 3884 806 3957 parum
833 3871 1065 3950 commovent,
1092 3871 1127 3932 at
1153 3860 1324 3955 discipulis
1360 3869 1394 3932 el
1430 3861 1602 3934 Ministerii
1637 3860 1822 3933 candidatis
1858 3859 1967 3930 iucum
2001 3857 2062 3931 la-

689 3981 792 4048 ciunt:
828 3979 894 4048 imo
931 3987 965 4049 ct
997 3977 1071 4049 aliis
1103 3977 1158 4071 qui
1190 3974 1375 4070 plusculum
1410 3976 1604 4050 eruditionis
1630 3975 1757 4049 hahere
1782 3975 1950 4064 videntur,
1986 3995 2061 4044 cum

688 4115 766 4166 raro
795 4115 882 4187 quae
904 4095 1049 4185 juvenes
1077 4092 1258 4180 didicimus,
1286 4113 1386 4166 senes
1406 4101 1591 4164 retractare
1608 4092 1787 4182 soleamus,
1815 4100 1849 4162 at
1875 4091 2062 4180 magistro-

686 4231 760 4280 rum
787 4208 916 4280 dictatis
941 4209 1136 4303 plerumque
1163 4210 1424 4302 acquiescamus.
1455 4205 1616 4281 Catholici
1641 4231 1717 4280 cum
1743 4207 1786 4278 de
1812 4206 1971 4296 Liturgiis
1997 4203 2061 4276 illis

686 4346 755 4396 non
788 4326 870 4396 satis
905 4322 995 4396 helle
1031 4325 1271 4414 existimarent,
1299 4346 1481 4419 eorumque
1515 4327 1692 4396 autoritate
1726 4325 1788 4394 vix
1819 4329 2001 4408 uterentur,
2028 4319 2061 4391 id

688 4443 776 4511 enim
804 4439 896 4512 solus
923 4463 1030 4535 prope
1056 4439 1137 4511 fecit
1164 4438 1331 4531 Georgius
1359 4437 1568 4534 Cassander,
1596 4438 1768 4510 audaciam
1794 4434 2060 4508 Protestantihus

687 4552 894 4643 addiderunt,
920 4558 1132 4649 praesertim,
1159 4577 1235 4625 cum
1260 4554 1334 4626 illas
1362 4559 1396 4627 in
1415 4555 1556 4650 Synodo
1571 4553 1763 4626 Florentina
1791 4575 1810 4624 a
1841 4554 1964 4624 nostris
1990 4548 2059 4622 ho-

685 4665 827 4738 minibus
853 4671 1065 4764 impugnatus
1091 4668 1263 4758 videbant,
1290 4679 1347 4741 aut
1372 4679 1439 4743 tam
1465 4670 1596 4741 frivolis
1612 4670 1816 4762 argumentis
1837 4665 2060 4757 confirmatas,

684 4781 875 4854 utiliorum
898 4786 968 4875 jam
990 4783 1124 4862 taedeat
1150 4793 1185 4855 et
1199 4787 1315 4877 pigeat
1334 4786 1545 4858 mediocriter
1571 4784 1731 4856 eruditum
1758 4785 1911 4876 quemvis
1938 4781 2060 4854 Theo-

682 4895 808 4987 logum.
860 4897 908 4968 At
934 4901 962 4972 si
989 4900 1241 4992 exquisitionem
1269 4895 1412 4972 Criticen
1446 4901 1479 4971 in
1508 4903 1633 4972 nostris
1667 4901 1787 4971 merito
1815 4895 2059 4986 desideramus,

683 5009 784 5081 mutto
811 5015 919 5104 magis
946 5015 981 5083 in
1006 5013 1282 5105 Protestantihus,
1310 5038 1353 5088 co
1372 5017 1571 5111 praesertim
1590 5036 1688 5110 quem
1714 5033 1832 5086 omnes
1858 5011 1965 5084 terme
1993 5034 2057 5084 re-
