4680 6044
591 639 643 713 nn
661 635 869 714 ittunttnn
887 635 1078 713 conticuit
1094 636 1125 714 S.
1147 637 1292 714 BASILH.
1554 637 1627 712 189

249 823 308 889 liti.
357 823 434 900 Sed,
458 822 539 904 quod
560 821 682 904 majoris
705 821 763 885 hoo
785 824 816 884 in
838 837 953 904 genere
966 822 1134 884 autoritatis
1157 829 1214 900 est,
1238 823 1326 886 etiam
1339 829 1409 903 post
1422 840 1517 886 annos
1531 840 1628 906 prope

250 927 404 990 ducentos
425 925 647 1005 Episcoporum
669 923 909 1003 subscriptiones
931 919 1058 1002 legimus
1081 920 1272 1002 Aegyptiace
1296 921 1410 1000 factas,
1440 923 1545 1002 quales
1569 943 1628 986 ex-

250 1033 319 1087 tant
342 1025 456 1105 aliquot
478 1024 509 1086 in
533 1021 668 1085 Concilio
680 1022 833 1103 Ephesinc
857 1027 888 1082 et
907 1016 1160 1083 calchedonensi:
1184 1021 1254 1102 quia
1275 1021 1419 1102 Episcopi
1432 1020 1549 1086 Graece
1568 1041 1628 1086 ne-

249 1123 401 1188 sciebant.
447 1120 602 1195 Quomodo
625 1123 717 1203 igitur
740 1139 827 1184 sacra
850 1119 1007 1197 fecissent,
1042 1118 1210 1200 Officioque
1240 1121 1458 1200 celebrassent,
1481 1123 1539 1184 nisi
1567 1139 1628 1202 pu-

248 1223 355 1286 blicus
375 1221 475 1286 multis
498 1223 528 1284 in
551 1220 627 1284 locis
649 1220 770 1302 linguae
793 1219 929 1300 vulgaris
952 1237 1025 1282 usus
1047 1221 1077 1280 in
1100 1219 1196 1281 sacris
1210 1219 1326 1282 fuisset.
1363 1219 1437 1283 Cum
1449 1221 1541 1302 igitur
1554 1239 1628 1282 cer·-

248 1332 316 1386 tum
339 1321 495 1400 videatur,
519 1321 656 1383 extitisse
679 1320 840 1400 antiquitus
862 1316 1007 1401 vulgares
1021 1318 1124 1400 lingua
1137 1320 1326 1400 Aegyptiaca
1339 1336 1444 1384 sacrae
1457 1321 1627 1400 scripturae

247 1423 533 1504 interpretationes,
557 1437 669 1500 easque
692 1418 879 1482 inllcclesiis
902 1417 963 1500 legi
986 1417 1102 1496 solitas,
1124 1419 1288 1481 verisimile
1304 1420 1424 1482 omnino
1447 1426 1494 1482 est
1510 1435 1627 1482 morem

247 1520 380 1604 legendi
402 1521 505 1602 lingua
526 1517 691 1582 vernacula
714 1520 879 1599 scripturas
903 1519 1139 1598 antiquissimum
1167 1519 1246 1582 inter
1273 1520 1445 1601 Aegyptios
1475 1537 1562 1595 essc;
1596 1527 1627 1582 et

248 1641 322 1685 curn
346 1620 398 1702 qui
420 1638 437 1680 a
460 1619 632 1700 quingentis
656 1627 687 1681 et
710 1618 835 1698 amplius
858 1619 944 1682 annis
967 1617 1098 1698 obtinet,
1122 1625 1154 1680 ut
1183 1627 1342 1700 postquam
1373 1618 1500 1699 Coptice
1528 1617 1626 1681 lectae
1693 1629 1700 1640 '

247 1729 341 1800 sunt,
366 1719 498 1782 Arabica
521 1735 561 1780 ex
582 1717 659 1780 libro
682 1718 891 1798 interpretatio
915 1717 1086 1819 earumdem
1108 1717 1246 1799 legatur,
1269 1735 1339 1780 esse
1362 1718 1546 1782 conformem
1568 1737 1627 1781 ve-

248 1822 311 1882 teri
336 1817 524 1900 disciplinae,
548 1835 647 1898 neque
671 1825 784 1880 certam
806 1835 936 1898 unquam
949 1817 1085 1901 regulam
1098 1817 1203 1895 fuisse,
1227 1819 1284 1880 etsi
1306 1819 1338 1880 in
1356 1817 1627 1882 Constitutionibus

246 1919 362 2001 Cyrilli
385 1917 406 1982 f.
429 1916 553 1979 tentati
577 1918 776 1978 contrarietas
798 1917 943 1997 quaedam
967 1924 1129 1999 appareat,
1152 1925 1186 1978 ut
1208 1933 1270 1979 non
1292 1935 1332 1979 ex
1354 1917 1449 1996 libro,
1480 1918 1535 1980 sed
1557 1917 1626 1980 viva

249 2018 432 2084 Sacerdotis
454 2035 532 2079 voce
555 2014 703 2078 lectiones
727 2025 965 2096 exponerentur.
1010 2015 1129 2096 Quippe
1151 2015 1420 2097 Interpretationes
1441 2026 1474 2079 ut
1497 2036 1549 2079 cas
1563 2035 1623 2078 vo-

247 2126 324 2181 cent
347 2116 497 2194 Arabico,
521 2115 811 2195 lescastrensem
834 2117 945 2196 duplici
973 2133 1065 2178 sensu
1096 2115 1293 2196 accipiuntur.
1338 2117 1452 2179 Primus
1477 2116 1625 2180 literalem

246 2217 430 2282 versionem
452 2215 618 2296 significat,
642 2233 719 2296 quae
743 2215 910 2279 certissime
933 2214 1112 2278 lectionibus
1136 2214 1263 2295 Coptice
1285 2215 1387 2294 factis,
1410 2218 1509 2279 statim
1529 2216 1627 2298 subji-

247 2321 343 2382 citur.
390 2315 545 2379 Secundus
568 2317 748 2396 sensusqui
772 2333 832 2376 non
855 2316 951 2378 minus
977 2314 1120 2398 frequens
1148 2323 1211 2395 est,
1246 2315 1385 2399 designat
1407 2317 1628 2397 expositionem

245 2417 449 2494 liberiorem,
472 2413 683 2496 humiliumque
706 2433 761 2477 seu
783 2433 954 2478 sermonem
977 2415 1015 2478 de
1038 2418 1186 2497 scriptura
1209 2433 1287 2496 quae
1300 2415 1422 2498 legitur,
1446 2421 1477 2477 et
1494 2415 1532 2478 ad
1554 2417 1628 2478 istas

246 2515 379 2593 verius,
411 2521 443 2576 at
470 2515 596 2594 opinor,
624 2512 735 2575 referri
764 2523 892 2596 possunt
923 2533 958 2576 ea
989 2515 1158 2576 testimonia
1187 2527 1264 2596 quae
1293 2515 1431 2596 superius
1460 2515 1627 2578 retulimus.

246 2615 330 2677 Nam
367 2631 523 2677 sermones
552 2615 622 2676 viva
645 2613 745 2692 potius
769 2629 845 2676 voce
866 2619 956 2694 quam
980 2631 1019 2676 ex
1042 2613 1149 2677 codice
1170 2615 1423 2695 pronunciantur3
1445 2614 1518 2678 licet
1539 2621 1629 2695 post-

245 2713 379 2776 modum
402 2729 441 2774 eo
464 2711 624 2775 deventum
648 2711 737 2774 fuerit
759 2729 815 2792 per
838 2713 1034 2777 Sacerdotum
1052 2714 1262 2795 ignorantiam,
1285 2720 1318 2774 ut
1340 2713 1408 2776 illae
1427 2712 1629 2776 etiamlnter-

243 2812 442 2893 pretationeo
463 2813 653 2890 spirituales,
678 2811 737 2885 (ita
758 2829 887 2892 namque
911 2811 1110 2875 distinctionis
1133 2812 1231 2894 gratia
1253 2829 1347 2894 saepe
1368 2813 1575 2895 appellantur)
1597 2812 1628 2874 in

247 2910 403 2974 formulas
425 2927 546 2991 quoquc
568 2910 798 2992 redigerentur,
822 2919 852 2972 et
873 2911 987 2992 poprdo
1009 2911 1197 2994 legerentur.

345 3009 459 3082 Quaeri
481 3011 569 3072 etiarn
591 3008 741 3072 hocloco
763 3017 869 3091 posset
892 3028 930 3072 cn
953 3029 993 3072 ex
1016 3010 1243 3089 consuetudine,
1267 3029 1355 3092 quam
1367 3011 1448 3072 mille
1465 3011 1549 3072 annis
1570 3027 1628 3072 an-
1674 3010 1788 3082 Antiqua
1814 3012 1951 3082 disciplina

248 3110 420 3190 tiquiprem
450 3125 519 3170 esse
543 3108 728 3189 judicamus,
760 3109 884 3192 legendi
916 3110 1081 3191 scripturas
1112 3128 1216 3173 sacras
1247 3109 1373 3191 Coptica
1401 3111 1520 3194 lingua,
1550 3113 1767 3196 quae‘tffl}enum
1788 3099 1865 3198 tuerit
1882 3102 1952 3154 circa

247 3217 331 3271 tunc
353 3206 489 3290 vulgaris
512 3215 595 3288 erat,
619 3208 679 3271 duo
703 3205 851 3289 quaedam
875 3207 1050 3290 disciplinae
1074 3211 1171 3290 capita
1194 3209 1264 3272 elici
1284 3216 1409 3291 queant:
1432 3211 1559 3292 primum
1582 3191 1784 3272 est⁵⁰¹¹ptumo
1800 3184 1933 3242 ΜΝ*

248 3325 290 3370 an
317 3313 353 3368 ut
376 3325 456 3368 nunc
486 3325 526 3370 ex
555 3308 752 3370 veneratione
780 3308 979 3388 antiquitatis,
1009 3309 1149 3392 legantur
1179 3308 1248 3371 illae
1279 3310 1385 3372 eadem
1414 3311 1480 3390 ipsa
1514 3309 1628 3392 lingua,

248 3406 396 3489 quamvis
419 3423 479 3469 non
502 3407 627 3488 amplius
658 3407 826 3471 intellecta:
857 3409 897 3469 ita
926 3425 1046 3488 quoque
1079 3409 1148 3470 dum
1175 3409 1338 3472 vernacula
1368 3415 1452 3488 erat,
1480 3408 1629 3472 lectiones

248 3508 476 3586 scripturarum
500 3503 617 3568 Graece
640 3509 787 3587 primum,
809 3515 917 3587 postea
941 3507 1067 3588 Coptice
1090 3509 1207 3570 fuerent.
1253 3507 1423 3570 Secundum
1453 3525 1491 3569 an
1518 3509 1549 3570 in
1571 3525 1629 3568 ve-

250 3606 318 3670 teri
341 3604 481 3666 Ecclesia
504 3605 709 3668 ,alexandrina
732 3613 859 3686 utraque
883 3605 985 3689 lingua
1008 3607 1196 3690 legerentur.
1240 3607 1286 3670 De
1307 3609 1405 3688 primo
1419 3607 1490 3670 nibil
1507 3613 1630 3688 praeter

247 3706 451 3786 conjecturas
474 3706 622 3767 occurrit:
646 3704 701 3767 sed
722 3712 822 3767 tamen
844 3722 905 3767 non
928 3706 1048 3768 omnino
1070 3705 1299 3782 inverisimiles‚
1323 3725 1401 3787 quae
1417 3705 1566 3769 ducuntur
1588 3723 1630 3767 ex

247 3806 322 3869 aliis
345 3803 502 3886 Liturgiae
524 3803 661 3885 partibus
685 3801 802 3866 Graece
827 3804 923 3866 adbuc
945 3806 1141 3885 pronunciari
1163 3805 1268 3890 solitjs.
1315 3805 1404 3868 Tales
1427 3814 1496 3868 sunt
1523 3821 1628 3867 omnes

244 3907 459 3968 Diaconorum
481 3903 711 3966 acclamationes
735 3900 868 3982 Στῶμεν
889 3901 1007 3976 καλῶς.
1029 3895 1275 3990 Προςεύξασθε.
1303 3891 1533 3978 Εἰςοῖνατολᾶς
1547 3896 1628 3984 βλέ-

246 4021 351 4067 πετεε
387 4009 418 4063 et
446 4003 612 4064 communia
640 4001 690 4064 illa
709 3990 794 4066 {trau
822 3991 883 4076 τοὶς
903 3997 1050 4089 καρδίας.
1098 4005 1223 4068 Sorotm
1254 4005 1360 4069 cordo.
1405 4003 1556 4065 llabeanus
1586 4003 1630 4065 cd

245 4103 427 4165 Dominum.
473 4099 598 4163 Gratias
625 4120 760 4182 cyamus.
827 4103 957 4183 Dipnam
985 4111 1015 4164 et
1031 4105 1147 4182 justam
1174 4112 1227 4168 cst.
1279 4103 1418 4166 Sanctus.
1469 4103 1628 4166 Confessio

246 4200 326 4266 frdci
350 4197 390 4260 ad
412 4203 648 4263 communionem
679 4199 797 4280 Corpus
823 4211 976 4277 sanctum,
993 4233 995 4236 ·
1011 4209 1070 4266 etc.
1099 4221 1176 4283 quae
1205 4205 1302 4288 omnia
1331 4202 1447 4266 Graeca
1477 4203 1626 4280 dicuntur,

246 4305 380 4365 servata
404 4317 445 4361 ex
468 4300 679 4381 antiquissimis
700 4299 856 4382 Liturgiae
878 4299 1029 4379 formulis,
1052 4319 1128 4383 quae
1152 4301 1269 4366 Graece
1287 4304 1503 4386 peragebatur.
1547 4302 1628 4364 Fieri

246 4402 350 4483 igitur
373 4399 481 4478 potuit,
504 4407 537 4462 ut
559 4419 599 4462 cx
621 4399 726 4462 eadem
750 4400 931 4480 antiquitatis
953 4403 1142 4478 reverentia,
1166 4419 1243 4482 quae
1258 4401 1334 4464 tales
1349 4402 1514 4479 orationes,
1538 4401 1627 4463 etiam

246 4501 363 4582 ignota
386 4497 487 4580 lingua
510 4499 661 4577 servavit,
683 4499 853 4579 scripturae
877 4519 917 4561 ex
939 4501 1091 4581 primitivo
1121 4501 1235 4564 Codice
1266 4501 1384 4564 Graeco
1413 4501 1625 4580 recitarentur,

246 4607 318 4661 turn
342 4597 535 4679 Aegyptiace
557 4606 793 4678 exponerentur.
836 4597 953 4660 Etenim
976 4601 1006 4662 in
1037 4601 1111 4662 actis
1142 4600 1295 4680 omnibus,
1325 4619 1403 4682 quae
1433 4619 1499 4663 cum
1527 4599 1627 4682 aliqua

248 4696 449 4762 solemnitate
472 4696 674 4776 celebrantur,
697 4714 769 4759 usus
791 4697 913 4779 linguae
929 4697 1065 4762 Graecae
1087 4717 1157 4763 sero
1180 4700 1311 4781 perstitit
1332 4707 1363 4763 et
1385 4703 1415 4764 in
1430 4699 1550 4782 publica
1571 4718 1628 4763 re·
1691 4751 1696 4762 .

247 4795 453 4860 nunciatione
475 4797 731 4874 Patriarcharum,
755 4797 924 4878 Systaticae
938 4797 1103 4877 Epistolae,
1126 4816 1204 4880 quae
1227 4799 1353 4880 primum
1375 4808 1406 4863 et
1432 4801 1629 4882 praecipuum

248 4895 420 4958 electionis
451 4903 482 4957 et
513 4896 709 4960 ordinationis
739 4896 873 4978 legitime
902 4894 1000 4959 factae
1037 4899 1236 4961 testimonium
1266 4897 1476 4978 continebant,
1508 4899 1629 4982 publice

249 4991 474 5058 scribebantur
497 5001 528 5057 et
549 4995 753 5058 recitabantur
775 4993 907 5072 Graece,
932 4993 1057 5075 Coptice
1080 5005 1111 5060 et
1132 4997 1281 5077 Arabica,
1309 5005 1342 5060 ut
1364 4997 1556 5062 observatum
1579 5017 1626 5066 an.

250 5095 281 5158 J.
310 5090 346 5156 C.
373 5091 480 5157 tlcttt.
505 5095 535 5156 in
557 5093 680 5158 Macarii
702 5094 805 5158 LlllX.
828 5096 1055 5178 inauguratione
1064 5103 1205 5184 ⁴testatur
1228 5097 1294 5180 ejus
1321 5096 1446 5160 historia
1468 5107 1499 5162 et
1528 5099 1630 5163 talium
