4670 6034
689 561 821 665 niun
1028 593 1031 600 ·
1170 593 1550 672 nrssnrrruro

394 794 511 849 sumam
528 798 561 852 uc
577 796 678 874 ittuju-
761 812 763 821 ·
794 781 853 854 lX.
900 781 1030 854 Eodem
1064 780 1170 854 terme
1204 791 1354 876 tempore
1388 778 1544 854 Claudius
1577 781 1783 872 Salmasius,
1816 804 1890 853 cum
1917 782 2060 878 aliquam

367 878 472 935 urorum.
693 900 727 968 in
752 895 845 968 libris
873 896 1194 993 Coptico-Arabicis
1228 919 1365 992 operam
1400 901 1583 992 posuisset,
1616 899 1699 970 vidit
1734 896 1866 992 aliquid,
1901 906 1935 970 et
1966 921 2058 972 non-

692 1013 779 1086 nulla
811 1016 845 1084 in
877 1014 981 1086 literis
1015 1013 1057 1085 ad
1085 1017 1211 1086 amicos
1240 1015 1388 1108 scripsit,
1424 1036 1510 1108 quae
1546 1016 1630 1085 recti
1666 1013 1708 1085 de
1744 1037 1784 1085 ea
1810 1012 1922 1104 lingua
1946 1015 2059 1106 judicii

693 1140 921 1222 argumentum
948 1152 1026 1202 esse
1052 1137 1208 1224 possunt:
1237 1127 1297 1201 sed
1324 1152 1397 1200 curn
1424 1139 1560 1223 praeter
1585 1129 1706 1201 cutum
1733 1129 1932 1202 allircbero
1951 1129 2058 1204 Glos-

692 1249 816 1319 sarium
841 1249 902 1319 vix
930 1245 1102 1342 quidquam
1119 1247 1271 1334 vidisset,
1298 1268 1365 1318 non
1383 1268 1444 1318 eos
1464 1267 1667 1342 progressus
1695 1243 1834 1334 iecerat,
1860 1255 1896 1316 ut
1923 1245 1965 1318 ad
1992 1249 2056 1319 Li-

690 1364 816 1455 turgias
842 1362 1105 1458 interpretandas
1137 1371 1253 1457 posset
1279 1361 1452 1433 accedere.
1496 1362 1581 1448 Quia
1608 1371 1718 1434 tamen
1743 1360 1898 1453 religioni
1926 1359 2056 1435 Catho-

689 1477 776 1549 bcae
802 1487 996 1574 perpetuum
1029 1481 1083 1550 vir
1114 1478 1193 1550 nihil
1226 1481 1333 1550 minus
1368 1501 1465 1573 qnam
1499 1476 1692 1570 Theologus
1724 1474 1846 1548 bellum
1881 1476 2057 1571 indixerat,

690 1593 832 1689 aliquam
859 1594 1039 1683 secundae,
1067 1617 1153 1689 quae
1180 1591 1346 1686 Gregorio
1374 1593 1581 1685 adscribitur,
1608 1593 1802 1691 particulam
1820 1595 1925 1666 semel
1938 1599 2056 1688 attigit,

689 1713 724 1782 in
749 1709 899 1805 Epistola
927 1711 970 1781 ad
990 1710 1152 1781 loannem
1162 1709 1349 1799 Dallaeum,
1376 1733 1462 1805 quae
1487 1720 1599 1781 tamen
1624 1732 1692 1782 non
1718 1709 1850 1807 prodiit,
1877 1713 1942 1782 nisi
1968 1711 2055 1784 sub-

687 1825 757 1898 lato
791 1828 924 1900 cuivis
951 1825 1127 1898 Salmasio.
1185 1827 1235 1899 lta
1260 1848 1345 1899 vero
1380 1830 1413 1897 in
1448 1824 1550 1897 tribus
1583 1825 1757 1898 admodum
1783 1825 1914 1898 lineolis
1941 1828 2056 1922 expli-

688 1942 803 2014 candis
837 1951 992 2014 versatus
1025 1953 1095 2032 est,
1129 1951 1165 2014 ut
1197 1941 1336 2038 ubique,
1376 1939 1454 2014 alibi
1489 1947 1587 2014 etiam
1622 1965 1696 2013 cum
1728 1943 1822 2014 locus
1850 1965 1918 2014 non
1953 1953 2055 2034 esset,

687 2054 946 2160 αἰγυπτιάζων,
985 2081 1028 2132 ne
1062 2057 1203 2132 verbum
1238 2059 1368 2154 quidem
1403 2061 1491 2129 circa
1536 2069 1661 2130 textum
1695 2059 1868 2154 Copticum
1905 2056 2054 2150 ejusdem

679 2179 848 2266 ,orationis
875 2176 1008 2264 lecerit;
1043 2175 1102 2248 sed
1129 2174 1299 2250 Arabicae
1332 2176 1479 2248 versioni
1507 2173 1712 2264 adhaerens,
1749 2196 1824 2245 eam
1850 2176 1995 2270 pessime
2021 2181 2055 2243 et

688 2291 911 2364 infidelissime
945 2290 1134 2382 reddiderit,
1168 2292 1255 2362 undo
1282 2294 1364 2363 satis
1391 2289 1467 2385 quid
1494 2293 1528 2362 in
1552 2299 1622 2363 toto
1651 2312 1755 2385 opera
1781 2299 1955 2386 praestare
1982 2311 2051 2384 po-

688 2411 821 2497 tuisset,
855 2407 993 2498 intelligi
1025 2415 1146 2501 potest.
1199 2405 1365 2478 Nonnulla
1391 2409 1446 2479 vir
1472 2405 1590 2480 doctus
1623 2409 1656 2478 in
1691 2408 1778 2479 notis
1811 2405 1853 2478 ad
1887 2403 2053 2478 Gabrielis

686 2521 980 2617 Philadelpbiensis
1016 2545 1121 2617 opera
1157 2521 1292 2594 exiliis
1318 2521 1476 2615 Liturgiis
1502 2523 1660 2614 laudavit,
1696 2522 1757 2594 sed
1783 2545 1829 2593 ex
1855 2522 1927 2595 sola
1954 2522 2052 2593 Ara-

685 2637 761 2710 bica
788 2642 954 2712 versione.
991 2639 1041 2710 lta
1072 2641 1172 2731 igitur
1206 2637 1334 2710 illarum
1360 2641 1486 2732 versio,
1519 2650 1552 2710 et
1579 2661 1665 2733 quae
1692 2638 1734 2709 de
1761 2637 1889 2709 illarum
1916 2637 2053 2710 historia

688 2764 722 2826 ct
747 2757 938 2850 antiquitate
965 2754 1027 2826 dici
1055 2754 1188 2847 debent,
1214 2777 1305 2827 nova
1330 2777 1470 2851 prorsus
1492 2765 1567 2827 sunt
1593 2764 1627 2826 et
1643 2751 1774 2826 Criticis
1800 2757 1933 2843 intacta,
1960 2777 2052 2849 quo-

685 2891 756 2940 rum
783 2868 990 2943 feracissima
1018 2881 1138 2960 tamen,
1167 2875 1196 2943 si
1223 2893 1309 2966 quae
1334 2893 1489 2967 unquam,
1516 2879 1631 2944 nostra
1657 2868 1740 2943 haec
1768 2879 1861 2942 aetas
1887 2869 1956 2941 fuit.

397 3016 565 3087 Scatrgcuue
581 3019 672 3072 pq„
789 2987 831 3058 Χ.
866 2986 1032 3082 Josepbus
1066 2986 1196 3084 quidem
1224 2985 1377 3079 Scaliger
1404 3011 1450 3059 ex
1477 2990 1571 3079 cujus
1597 2984 1802 3059 Bibliotheca
1828 2989 1967 3082 primum
1993 2987 2051 3059 lu-

360 3105 488 3156 ¹⁰¹¹tr¹¹¹i⁸
513 3107 671 3205 untiquioreu
686 3123 759 3173 cem
785 3102 950 3191 viderunt,
978 3105 1220 3198 antiquissimas
1246 3101 1319 3174 illas
1347 3125 1425 3176 esso
1450 3115 1543 3176 recte
1565 3103 1737 3196 judicavit,
1765 3102 1824 3175 scd
1858 3105 1903 3174 ita
1930 3112 1976 3191 ut,
2004 3125 2049 3174 cx

361 3202 419 3240 ⁰⁸⁸⁰
434 3187 545 3245 ΕΜ·
686 3219 758 3309 ejus
786 3222 960 3308 sententia,
988 3216 1436 3292 Graecarumbodlemarum
1452 3223 1675 3315 antiquitatem
1703 3217 1907 3314 superarent.
1939 3217 2051 3289 Verba

360 3343 410 3416 Ep.
425 3345 486 3398 tti-
686 3335 758 3425 ejus
794 3345 869 3406 sunt
903 3335 946 3406 ad
979 3333 1127 3407 Marcum
1161 3334 1348 3411 Velserum.
1401 3335 1477 3430 Epo
1508 3340 1554 3406 mi
1595 3335 1751 3427 Velrere,
1786 3335 1897 3406 audeo
1933 3334 2050 3404 dicere

684 3449 784 3544 lonpc
810 3454 1002 3546 inteprioro
1028 3458 1062 3523 ct
1086 3456 1275 3523 vetustiora
1299 3452 1361 3523 illo
1377 3451 1536 3524 Arabica
1553 3475 1637 3540 croc,
1665 3474 1763 3545 qaam
1780 3457 1857 3524 aaut
1873 3473 1917 3522 co
1934 3450 2052 3544 quibua

686 3566 814 3638 Graeci
839 3567 941 3638 bodie
967 3573 1121 3641 utuntur:
1156 3568 1247 3662 qood
1268 3557 1442 3661 probandi
1466 3572 1498 3640 ai
1522 3567 1604 3638 mibi
1637 3571 1823 3640 accercitus
1848 3571 2049 3660 imponatur,

685 3689 720 3754 et
745 3683 888 3754 libenter
911 3687 1043 3778 secero,
1071 3690 1213 3756 atvero
1239 3687 1366 3756 cicero.
1402 3683 1527 3757 Verum
1555 3682 1630 3778 quid
1658 3706 1704 3755 ex
1729 3682 1784 3754 illa
1801 3686 2051 3777 comparatione

684 3799 821 3892 intelligi
855 3799 958 3872 vellet
992 3799 1158 3894 Scaliger,
1192 3799 1280 3873 baud
1306 3799 1405 3872 facile
1438 3803 1645 3896 perspicitur.
1690 3799 1777 3871 Nam
1811 3796 1957 3870 Arabica
1995 3797 2049 3868 illa

684 3915 834 3988 Arabum
868 3919 901 3987 in
935 3918 1096 4014 Aegypto
1131 3917 1352 3991 dominatione
1388 3919 1570 4013 antiquiora
1609 3938 1676 3988 non
1708 3936 1805 4004 esse,
1840 3917 1907 3986 imo
1942 3913 2049 3986 multis

685 4035 779 4103 annis
805 4011 1012 4124 recentiora,
1052 4031 1200 4105 dubitare
1235 4056 1301 4105 non
1334 4041 1453 4134 potest.
1491 4032 1622 4129 Quippe
1648 4033 1881 4126 Aegyptiacae
1915 4029 2048 4122 linguae

684 4166 779 4218 usum
805 4151 897 4244 prius
923 4148 1130 4221 intercidisse
1164 4171 1307 4222 neeesse
1342 4159 1424 4240 erat,
1459 4171 1557 4244 quam
1582 4149 1752 4221 Arabicae
1778 4149 1930 4218 versioni
1955 4145 2048 4220 locus

685 4283 762 4335 esse
788 4273 913 4360 posset.
966 4265 1082 4360 Itaque
1117 4264 1173 4336 illa
1199 4269 1366 4338 recentior
1398 4265 1502 4337 tribus
1528 4267 1660 4336 circiter
1687 4262 1848 4335 aetatibus
1876 4285 1954 4335 csse
1981 4265 2047 4337 de-

682 4376 763 4471 buit,
792 4405 887 4477 quam
916 4379 1091 4478 Coptioum
1118 4382 1301 4479 exemplar,
1329 4403 1375 4453 ex
1401 4402 1467 4476 quo
1493 4382 1678 4452 certissime
1698 4379 1840 4451 lormata
1867 4389 1934 4451 est':
1961 4382 2047 4454 istud

683 4517 767 4568 vero
793 4496 834 4568 de
859 4495 998 4570 Graecis
1022 4521 1221 4593 expressum
1241 4497 1343 4570 baisse
1360 4508 1485 4569 certum
1501 4507 1645 4587 estnon
1671 4499 1787 4568 minus.
1821 4496 1868 4567 At
1888 4493 2047 4566 hodierna
2184 4527 2185 4530 ¹

684 4610 828 4701 Graeca,
852 4613 968 4709 quibus
983 4613 1106 4686 Graeci
1121 4625 1265 4706 utuntur,
1283 4613 1400 4686 eadem
1420 4615 1551 4686 omnino
1569 4634 1647 4684 esse
1668 4634 1754 4707 quae
1769 4610 2046 4707 usurpabantura

656 4817 659 4826 Ι
683 4732 797 4824 primis
809 4728 985 4802 Ecclesiae
1003 4731 1159 4823 saeculis,
1171 4739 1238 4804 tam
1256 4729 1356 4803 facile
1372 4729 1625 4817 demonstratur,
1646 4737 1682 4800 ut
1703 4729 1827 4823 opponi
1841 4725 1919 4798 nihil
1935 4732 2044 4819 queat.

684 4845 801 4939 Neque
821 4843 854 4914 id
871 4847 992 4939 opinor
1005 4845 1160 4940 Scaliger
1180 4847 1296 4920 voluit.
1318 4846 1445 4918 Verum
1458 4867 1530 4915 cum
1552 4843 1670 4916 inillis
1690 4866 1777 4938 quae
1795 4847 1884 4939 typis
1897 4861 2046 4912 excusae

684 4971 759 5034 sunt
773 4961 942 5053 liturgiis,
958 4967 1155 5056 praesertim
1169 4963 1284 5036 Basilii
1299 4973 1333 5034 et
1350 4959 1594 5056 chrysostomi,
1609 4959 1727 5056 quibus
1744 4959 1826 5033 solis
1841 4958 1960 5029 dudum
1970 4954 2045 5026 Ec-

684 5077 786 5176 clesia
814 5075 944 5150 Graeca
970 5080 1017 5149 uti
1044 5078 1153 5172 solet,
1181 5079 1333 5171 adjumcta
1360 5077 1460 5150 multa
1488 5081 1570 5170 sint,
1601 5079 1676 5150 sive
1701 5079 1735 5148 in
1760 5078 1833 5172 ipsa
1860 5076 2045 5148 orationum
