4670 6046
408 875 439 929 P.
457 876 500 928 at.
520 877 535 928 l.
557 878 600 933 19.

1271 591 1502 670 NOTAE

907 864 1184 936 Misericordiam
1210 865 1279 936 illis
1305 869 1363 958 qui
1388 869 1424 935 in
1446 868 1663 959 poersiteotio
1688 861 1775 953 sunl,
1803 872 1866 937 etc.

427 1081 490 1135 ¹¹¹³!-
517 1083 588 1138 Patr.
611 1086 685 1138 Ata.
795 1073 878 1150 Hinc
902 1085 1138 1163 demonstratur,
1169 1083 1385 1146 Paenitentiam
1412 1086 1442 1146 in
1466 1071 1593 1165 Coptica]
1622 1085 1761 1148 Ecclesia
1789 1085 1889 1148 locum
1918 1085 1989 1150 olim
2017 1089 2072 1150 ha-

371 1182 399 1234 p.
418 1167 480 1218 505.

700 1187 814 1265 baisse,
838 1188 948 1250 dudum
971 1195 1040 1250 ante
1063 1187 1216 1250 obscoena
1240 1187 1290 1249 illa
1313 1195 1447 1268 tempora
1470 1186 1611 1264 loannis,
1639 1195 1668 1250 et
1690 1188 1785 1250 llarci
1816 1189 1869 1252 lilii
1896 1189 1992 1253 Zoraa
2013 1192 2072 1255 Pa-

699 1289 915 1367 triancharum,
947 1290 997 1369 qui
1026 1287 1256 1350 Conlessionem
1286 1295 1497 1368 peccatorum,
1533 1295 1563 1349 et
1591 1285 1766 1364 Cononem,
1795 1287 1861 1350 sive
1891 1287 2071 1354 laboriosam

699 1387 926 1465 Paenitentiam,
950 1385 1057 1448 tollere
1081 1387 1181 1448 conati
1204 1394 1290 1462 sunt,
1315 1383 1352 1447 de
1375 1404 1434 1467 qua
1456 1387 1650 1449 innovatione
1679 1385 1788 1448 dictum
1820 1394 1867 1449 est
1890 1388 1920 1449 in
1943 1389 2070 1453 Historia

699 1484 915 1560 Alexandrina,
939 1493 970 1547 et
993 1483 1071 1548 alibi.
1095 1485 1172 1546 Esse
1196 1485 1225 1545 in
1248 1484 1445 1561 Poenitentia,
1468 1491 1563 1547 status
1587 1491 1644 1563 est,
1667 1493 1700 1546 ut
1723 1503 1828 1548 eorum
1842 1485 1945 1566 quiin
1967 1487 2071 1552 eadem

700 1585 837 1646 oratione
865 1591 1152 1660 commemorantur,
1183 1583 1259 1644 varii
1290 1591 1368 1645 sunt.
1414 1584 1482 1646 Non
1511 1602 1587 1646 uero
1617 1585 1643 1645 is
1673 1584 1759 1646 locus
1789 1585 2003 1667 intelligendos
2026 1595 2071 1650 est

701 1682 738 1744 de
761 1682 882 1763 publica
904 1683 965 1760 illa,
988 1681 1084 1763 qualis
1107 1683 1137 1743 in
1160 1699 1217 1744 usu
1239 1690 1305 1744 erat
1328 1683 1430 1763 primis
1453 1684 1611 1746 Ecclesiae
1634 1683 1782 1762 saeculis,
1807 1685 1992 1764 poenitentia
2016 1704 2070 1747 cu-

695 1781 748 1862 jus
762 1780 883 1860 dudum,
908 1789 1120 1862 praeterquam
1144 1780 1180 1842 ad
1195 1780 1333 1860 publicos
1356 1791 1537 1862 peccatores
1554 1781 1769 1858 emendandos,
1793 1781 1950 1864 disciplina
1963 1785 2072 1846 ondssa

701 1889 758 1942 est.
804 1881 863 1944 Sed
885 1879 934 1941 hic
958 1879 1149 1961 intelligendi
1179 1886 1248 1941 sunt
1269 1881 1327 1957 illi,
1357 1883 1408 1962 qui
1439 1880 1517 1943 lacta
1547 1878 1627 1961 apud
1657 1879 1852 1943 Sacerdotem
1880 1879 2070 1944 confessione

595 1985 596 1988 ’
701 1977 864 2054 Uononen,
886 1978 945 2041 hoc
969 1985 1016 2041 est
1038 1997 1153 2059 poenas
1177 1980 1338 2041 canonicas
1361 1980 1575 2060 suscipiebant,
1605 1986 1635 2041 et
1663 1979 1791 2060 aliquam
1814 1979 1932 2042 illarum
1955 1988 2070 2062 partem

701 2076 939 2158 compleverant,
962 2084 1122 2158 antequam
1145 2078 1384 2140 communionem
1407 2079 1667 2142 sacramentorum
1692 2078 1872 2157 obtinerent,
1897 2098 1914 2141 a
1938 2097 1997 2160 qua
2019 2097 2070 2140 ar-

700 2176 847 2239 cebantur
868 2194 924 2256 per
945 2174 1069 2256 aliquod
1091 2177 1235 2257 temporis
1258 2176 1455 2239 intervallum.
1500 2175 1583 2238 llaec
1612 2175 1767 2258 disciplina
1796 2176 1891 2240 fusius
1921 2178 1992 2240 alibi
2014 2197 2070 2240 ex-

698 2282 839 2358 ponetur,
862 2294 902 2337 ex
924 2275 1015 2336 variis
1038 2275 1212 2352 autoribus,
1235 2282 1297 2336 tum
1320 2294 1359 2338 ex
1382 2274 1555 2338 Canonibus
1583 2276 1862 2356 poenitentialibus,
1892 2279 1943 2358 qui
1970 2283 2071 2340 antam

698 2375 729 2438 in
752 2373 914 2439 Codieibus
937 2375 1157 2455 manuscriptis.
1201 2374 1420 2437 Paenitentium
1451 2392 1571 2456 quoque
1606 2376 1716 2438 mentio
1744 2375 1775 2438 fit
1805 2395 1835 2457 p.
1866 2373 1919 2440 32.
1951 2378 2002 2458 qui
2023 2377 2070 2438 in·
2131 2439 2134 2444 ,

698 2473 794 2557 telligi
817 2473 895 2535 torte
918 2472 1040 2552 debent,
1063 2491 1120 2554 per
1142 2491 1195 2536 eos
1218 2473 1269 2553 qui
1291 2475 1323 2535 in
1346 2471 1543 2552 Confessiooe
1564 2480 1642 2537 sont.

966 2731 1073 2803 Orate
1094 2754 1163 2824 pro
1191 2733 1288 2826 Repe
1314 2739 1433 2805 nostro
1461 2733 1629 2806 Christum
1655 2740 1800 2806 ommate.

798 2939 947 3018 Sannum
970 2952 1046 3014 haec
1068 2950 1195 3016 formula
1219 2961 1267 3015 est
1288 2973 1329 3016 ex
1350 2939 1448 3017 veteri
1470 2953 1645 3039 disciplina,
1670 2959 1739 3015 ante
1763 2961 1939 3036 occupatam
1962 2975 1980 3019 a
2002 2957 2070 3019 llu-

699 3054 872 3118 hamedanis
901 3056 1086 3139 Aegyptum,
1109 3057 1140 3118 in
1163 3055 1281 3119 Graeco
1304 3053 1368 3118 τῶν
1391 3045 1537 3137 εὐσεβῶς
1557 3041 1841 3138 paschasinum
1869 3077 1948 3139 quaa
1978 3061 2071 3124 verba

699 3155 858 3217 versiones
880 3155 1031 3218 Arabicae
1055 3155 1201 3236 quaedam
1225 3155 1452 3235 expresserunt.
1493 3155 1609 3237 Nempe
1632 3173 1700 3218 cum
1721 3165 1887 3239 regnarent
1910 3157 2071 3222 Christiani

697 3252 914 3334 lrnpcratores‚
943 3254 1019 3316 haec
1046 3253 1175 3317 lormula
1202 3257 1417 3335 usurpabatur,
1447 3275 1524 3337 quae
1554 3264 1661 3337 postea
1688 3256 1719 3317 in
1746 3255 1831 3318 libris
1860 3266 1984 3320 sertata
2012 3267 2069 3338 est,

698 3353 845 3435 adjunctis
868 3362 967 3416 tamen
989 3353 1091 3416 verbis
1113 3353 1234 3433 ultimis,
1259 3357 1327 3436 quia
1342 3373 1398 3435 pro
1420 3355 1618 3436 principibuS,
1641 3353 1876 3436 qualescumque
1897 3359 1967 3436 siut,
1983 3365 2071 3420 orant

698 3452 879 3532 Orientales,
902 3455 928 3515 si
949 3453 1148 3516 Nestorianos
1172 3453 1355 3534 exeipimos;
1377 3455 1407 3514 in
1431 3472 1559 3534 quorum
1578 3454 1712 3536 liturgia
1736 3457 1880 3518 memoria
1903 3455 1935 3518 lit
1957 3455 2073 3536 ltepsoa

696 3552 852 3628 Fideliom,
874 3570 936 3615 non
958 3551 1094 3615 aliorum.
1140 3553 1187 3614 Ex
1209 3551 1261 3615 illo
1289 3552 1359 3615 loco
1382 3559 1467 3614 recte
1491 3553 1654 3616 Salmasius
1681 3553 1836 3636 Liturgiae
1866 3556 2072 3637 antiquitatem

698 3651 902 3732 commendat,
933 3658 1074 3732 tanquam
1105 3652 1237 3733 scriptae
1259 3651 1314 3715 sub
1346 3651 1523 3715 Christianis
1552 3653 1728 3735 Aegyptum
1758 3653 1977 3732 obtinentibus,
2003 3653 2070 3734 quis

695 3769 753 3833 pro
776 3749 835 3814 illis
858 3758 972 3829 oratur,
996 3757 1026 3812 et
1049 3749 1107 3812 illis
1131 3751 1181 3831 qui
1204 3760 1274 3814 sunt
1296 3753 1327 3813 in
1349 3751 1473 3815 Palatio.
1514 3751 1573 3815 Sed
1596 3750 1739 3814 Palatium
1767 3767 1828 3813 non
1859 3754 1956 3836 magis
1981 3751 2071 3814 enri-

696 3850 820 3931 stianos,
853 3868 941 3931 quam
962 3848 1198 3912 liuhumedenos
1221 3852 1377 3932 principes
1400 3851 1555 3931 designat,
1589 3869 1688 3930 neque
1720 3848 1759 3912 ad
1788 3850 1927 3914 familiam
1953 3853 2071 3935 regiam
2115 3875 2118 3884 ’

694 3949 804 4012 reterri
827 3950 927 4029 debet,
950 3948 1005 4012 sed
1029 3948 1065 4011 ad
1086 3948 1197 4012 fratres
1220 3949 1431 4028 Orthodoxos,
1455 3949 1514 4010 hoe
1537 3955 1584 4011 est
1609 3949 1762 4012 Jacohitas
1787 3947 1995 4030 Christianos,
2020 3949 2070 4030 qui

694 4056 766 4111 tunc
789 4057 875 4111 erant
897 4051 927 4111 in
949 4048 1058 4111 Aulico
1082 4049 1258 4113 ministerio.
1304 4049 1414 4112 llultos
1438 4047 1516 4110 enim
1538 4046 1631 4111 lutssa
1654 4049 1705 4128 qui
1728 4049 1907 4128 scripturam
1931 4051 1962 4112 in
1989 4049 2071 4113 Aula

696 4147 825 4227 Sullani,
855 4155 905 4212 aut
932 4148 963 4210 in
990 4147 1106 4210 Divano
1136 4157 1332 4227 exercerent,
1359 4153 1442 4229 patet
1471 4164 1512 4208 ex
1541 4148 1633 4209 variis
1662 4146 1813 4209 llistoriae
1841 4147 2069 4210 Alexandrinae

693 4248 771 4311 locis
779 4269 788 4325 3
812 4247 892 4329 quod
915 4248 1030 4328 pariter
1051 4247 1228 4328 saepissime
1251 4249 1376 4332 contigit
1399 4248 1429 4308 in
1451 4244 1531 4308 Aula
1552 4244 1759 4328 Bagdadensi‚
1790 4246 1841 4308 ubi
1870 4247 1954 4310 multi
1978 4246 2071 4310 Chri-

694 4348 783 4410 stiani
805 4364 914 4428 magna
937 4346 1017 4428 apud
1047 4346 1193 4427 quosdam
1221 4347 1331 4410 Callias
1355 4348 1516 4408 autoritate
1538 4343 1722 4422 llonuerunt,
1749 4346 1922 4409 Nestoriani
1946 4345 2072 4427 praeci-

694 4465 766 4529 pue.
811 4445 889 4508 Hinc
910 4461 1004 4526 saepe
1026 4453 1156 4526 utraque
1178 4446 1317 4508 Ecclesia
1339 4444 1516 4520 lacebitica,
1540 4450 1571 4505 et
1591 4443 1789 4520 Nestorisue,
1813 4445 1950 4507 maximis
1974 4443 2071 4506 turbis

694 4563 751 4627 per
772 4545 891 4608 illorum
913 4543 1064 4607 hominum
1087 4544 1276 4607 ambitionem
1300 4545 1412 4625 agitata
1435 4550 1503 4605 est:
1527 4549 1558 4604 et
1579 4541 1610 4603 in
1623 4541 1767 4624 Aegypto
1790 4542 1847 4605 sub
1869 4542 1982 4605 ultimis
1999 4541 2071 4606 Sul-

695 4645 784 4722 tanis,
809 4641 916 4705 Tuscis
939 4651 970 4705 et
994 4641 1152 4722 Circassis,
1176 4662 1252 4725 quos
1276 4643 1459 4705 Mamalucos
1482 4648 1610 4720 vocant,
1633 4641 1811 4704 durissimae
1832 4643 2071 4721 persecutiones

695 4743 846 4806 excitatae
869 4750 945 4804 sunt.
981 4740 1077 4815 Quam
1091 4743 1254 4806 lectionem
1277 4751 1400 4806 secutus
1422 4740 1673 4804 lucritllaronita
1695 4738 1847 4820 lnterpres
1871 4759 1939 4802 curn
1962 4741 2070 4804 vertit:

695 4841 839 4905 Memorato
861 4841 989 4904 Domine
1010 4840 1126 4922 Rapum
1148 4843 1200 4922 qui
1220 4847 1291 4903 suat
1310 4841 1397 4903 electi
1417 4843 1449 4902 in
1467 4838 1654 4920 perfectione
1671 4839 1817 4917 pietatis,
1840 4845 1870 4900 et
1891 4858 1998 4900 comm
2020 4839 2073 4919 qui

694 4949 764 5004 amc
785 4942 924 5022 stipendi,
947 4957 1006 5002 non
1029 4939 1101 5002 satis
1125 4939 1312 5024 intelligitur,
1335 4958 1402 5003 cum
1424 4937 1604 5004 sententiam
1633 4935 1758 5000 similem
1787 4954 1887 5018 neque
1911 4935 2071 5020 Copticus,

694 5058 793 5122 neque
816 5038 965 5102 Arabicus
987 5045 1088 5102 textos
1111 5037 1249 5103 oderant.
