4670 6046
675 617 716 692 lu
740 615 947 693 mundun
975 610 1154 690 cuniculi
1181 613 1212 690 S.
1237 612 1381 689 unsttlt.
1633 609 1706 682 325

428 799 462 863 ln
495 799 627 862 secunda
651 797 858 863 Confessionis
888 806 974 881 parte
997 797 1110 879 legitur
1140 788 1160 880 ἦ
1189 783 1272 880 adp&
1294 783 1455 871 ζωοιεοιός
1477 813 1553 857 caro
1574 795 1706 874 vivifiea,

343 915 431 981 quam
454 917 561 962 vocem
585 896 723 980 Coptitae
745 900 888 962 retinent:
911 896 1030 960 Arabes
1052 915 1109 977 per
1131 907 1192 966 'tot
1219 915 1296 977 quae
1318 913 1430 974 corpus
1451 893 1610 977 significat,
1633 893 1708 956 red-

342 999 499 1078 diderunt,
531 996 612 1079 quod
633 997 711 1060 idem
741 1005 797 1060 est.
840 996 886 1060 De
913 1013 1007 1076 voce,
1035 998 1178 1076 oimficc:
1201 993 1336 1076 quaestio
1360 994 1448 1054 etiam
1476 991 1547 1055 olim
1575 991 1629 1054 luit
1651 992 1706 1054 sub

341 1097 458 1160 Joenne
480 1096 653 1160 Patriaroha
674 1096 793 1162 LXXll.
817 1097 867 1178 qui
894 1096 1046 1160 ordinatus
1076 1101 1123 1158 est
1144 1112 1223 1158 anno
1252 1093 1279 1157 J.
1304 1092 1337 1157 C.
1362 1089 1455 1155 lidi.
1479 1109 1546 1154 cum
1569 1091 1706 1154 llouachi
1771 1101 1834 1152 ilar.
1862 1100 1931 1154 Pare.
1954 1101 2027 1156 Ata.

342 1195 477 1260 nonnulli
501 1215 566 1259 eam
589 1196 729 1259 novitatis
753 1202 926 1280 arguerent.
971 1195 1012 1258 At
1042 1193 1083 1256 illi
1114 1213 1131 1256 a
1153 1194 1285 1257 llaoario
1309 1189 1477 1254 Semnudae
1499 1189 1652 1272 Episcopo
1676 1200 1707 1253 ct
1734 1205 1760 1257 P·
1779 1188 1840 1238 ⁵26.

343 1296 419 1374 aliis,
443 1296 601 1359 autoritate
625 1294 729 1378 Cyrilli
753 1296 804 1376 qui
827 1314 863 1357 ee
888 1311 962 1358 usus
989 1293 1087 1357 fuerat
1109 1292 1253 1356 confutati
1282 1299 1360 1354 sunt.
1403 1290 1521 1352 Nullum
1544 1307 1618 1352 vero
1642 1289 1707 1382 Co-

343 1395 440 1458 dicem
462 1394 590 1458 vidimus
613 1394 664 1456 ubi
686 1413 723 1457 ea
744 1412 804 1457 non
826 1394 955 1478 legatur.
992 1395 1076 1468 Quae
1099 1391 1137 1456 de
1160 1392 1266 1456 eadem
1289 1390 1487 1454 confessione
1509 1389 1635 1452 dicenda
1651 1408 1707 1452 su-

340 1501 478 1578 persunt,
501 1493 568 1556 suse
592 1495 784 1576 exposuimus
807 1495 837 1556 in
861 1493 1081 1557 Commentario
1104 1492 1142 1554 ad
1164 1492 1266 1556 Basilii
1290 1490 1445 1572 Copticam
1466 1489 1641 1572 Liturgiam.
1675 1487 1707 1550 ln

344 1591 457 1657 Codice
486 1592 613 1671 Graeco,
643 1600 767 1674 praeter
792 1611 858 1655 eam
879 1591 1037 1656 Rubrioam
1067 1610 1144 1674 quae
1172 1591 1379 1654 Elevationom
1407 1588 1604 1670 praescribit:
1633 1585 1709 1649 aliae

342 1691 443 1755 nullae
466 1698 546 1756 sunt.
592 1691 653 1756 Sed
675 1709 742 1754 cum
764 1693 795 1753 in
817 1691 950 1773 Coptiois
971 1693 1046 1755 ritus
1068 1691 1231 1754 minutatim
1254 1690 1433 1770 explicatur,
1457 1687 1591 1750 eumdem
1614 1686 1708 1749 luisse

342 1792 422 1873 apud
451 1809 505 1852 eos
534 1791 584 1871 qui
607 1790 724 1854 Graece
751 1809 839 1854 sacra
867 1791 1078 1870 celebrabant,
1103 1809 1162 1854 non
1186 1797 1234 1853 est
1256 1787 1460 1852 dubitandum.
1506 1787 1536 1851 Si
1560 1789 1611 1869 qui
1629 1786 1707 1848 lorte

342 1887 471 1952 Codices
492 1889 691 1972 liturgiarum
722 1889 857 1953 Graecos
886 1889 1082 1953 Alexandrini
1109 1890 1194 1954 Ritus
1222 1890 1450 1964 nanciscentur,
1481 1887 1605 1951 exiliis
1633 1903 1708 1968 quas

341 1987 536 2052 indicarimus
559 1991 655 2068 notis,
677 1990 753 2053 hano
775 1990 928 2052 materiam
950 1989 1072 2052 ulterius
1094 1990 1245 2054 illustrare
1266 1995 1418 2070 poterunt.

429 2087 658 2152 Observandum
681 2107 800 2171 quoque
823 2089 921 2152 obiter
943 2097 990 2152 est
1012 2090 1042 2151 in
1064 2089 1199 2172 Liturgio
1219 2088 1255 2150 Ι).
1288 2087 1381 2150 llaroi
1418 2087 1578 2150 turbatum·
1597 2085 1707 2167 aliquid

340 2186 454 2262 videri,
478 2204 545 2249 oum
566 2186 682 2250 &ncta
703 2189 833 2265 sanctis,
856 2187 1014 2251 dicendum
1037 2190 1208 2272 assignetur
1223 2194 1292 2250 ante
1307 2187 1510 2263 Fractionem,
1534 2185 1707 2268 quodstare

341 2303 402 2350 non
425 2293 540 2368 potest:
563 2304 631 2348 nam
652 2286 702 2349 illa
725 2285 809 2368 prius
832 2287 897 2350 lieri
920 2287 1025 2367 debet,
1048 2304 1109 2349 non
1130 2289 1226 2350 minus
1250 2304 1336 2368 quam
1360 2287 1547 2370 consignatio
1576 2293 1606 2348 et
1633 2285 1705 2347 unio

341 2386 498 2466 utriusque
520 2387 652 2468 speciei,
676 2394 834 2468 antequam
855 2388 999 2468 mysteria
1023 2388 1180 2450 eleventur
1203 2395 1234 2450 et
1255 2384 1368 2467 populo
1384 2384 1591 2450 ostendantur.
1631 2385 1705 2446 Tum

341 2482 541 2548 consessione
577 2485 672 2565 diota,
706 2487 805 2549 stetim
838 2487 1035 2550 communicat
1061 2485 1229 2564 Sacerdos,
1264 2505 1335 2548 mox
1366 2484 1431 2548 aliis
1465 2485 1701 2548 communionem

277 2595 280 2600 '
341 2583 498 2648 distribuit.

451 2927 487 3008 Ὀ
512 2929 612 3016 Ande
635 2933 728 3031 λέγει
753 2929 903 3030 ψαλμὸν
927 2929 971 3008 ν’.
1023 2933 1175 3026 Populus
1201 2933 1285 3004 dicit
1309 2932 1479 3004 Psolmum
1505 2933 1567 3004 50.

431 3139 563 3220 Ennoea
586 3152 709 3234 lactum,
734 3160 766 3215 ut
788 3154 942 3217 Sacerdos
964 3173 1107 3218 excusum
1130 3155 1178 3218 sit
1224 3154 1357 3218 Psalmus
1381 3154 1488 3216 dicitur
1518 3153 1554 3214 ad
1584 3151 1705 3215 miseri-

341 3255 475 3318 cordiam
498 3271 515 3314 a
537 3252 603 3316 Deo
627 3251 859 3335 implorandam,
886 3254 1063 3335 veniamque
1085 3265 1287 3339 peccatorum.
1310 3244 1514 3332 Κοινωνικόν,
1537 3258 1633 3319 oratio
1659 3263 1706 3318 est

341 3371 381 3418 ex
403 3372 505 3418 earum
527 3369 643 3436 genero
665 3371 741 3434 quae
765 3352 903 3414 dicuntur
924 3360 993 3417 ante
1015 3358 1268 3420 communionem:
1291 3356 1428 3419 modulus
1451 3373 1507 3420 seu
1528 3341 1707 3442 apondprov

340 3457 371 3520 in
393 3456 528 3538 vulgaris
552 3453 677 3517 Graecis
699 3455 858 3538 Litargiis,
881 3461 913 3517 ut
936 3463 1019 3518 notat
1049 3456 1193 3533 Goarius,
1221 3456 1292 3537 quid
1322 3455 1402 3537 apud
1431 3455 1565 3519 Graecos
1596 3457 1705 3518 dicitur
1753 3459 1857 3513 Euolat
1872 3478 1898 3530 p.
1919 3461 1979 3512 uo.

342 3565 410 3620 ante
433 3555 610 3618 fractionem
617 3575 626 3630 ;
648 3553 696 3618 hic
719 3554 831 3617 rectius
852 3563 923 3636 post
946 3573 1025 3634 eam,
1049 3564 1079 3619 et
1101 3558 1276 3639 priusquam
1303 3555 1470 3617 communio
1502 3554 1704 3619 distribuatur.

340 3657 417 3720 Esse
441 3661 538 3718 autem
561 3653 709 3735 ejusmodi
729 3643 901 3719 κοινωνικὰ
922 3655 1058 3734 diversa,
1088 3655 1253 3718 secundum
1277 3654 1391 3717 dierum
1404 3655 1595 3734 varietatem,
1619 3655 1706 3718 locus

340 3755 388 3818 hie
411 3760 547 3818 testatur.
594 3752 668 3816 Sunt
690 3753 741 3816 illo
764 3752 891 3836 duplicis
914 3756 1050 3837 generis:
1079 3773 1146 3816 nam
1176 3755 1322 3836 quaedam
1351 3755 1381 3815 in
1414 3753 1557 3838 liturgiis
1588 3753 1706 3816 adscri-

339 3852 467 3932 buntur,
491 3861 521 3916 et
543 3853 682 3916 dicuntur
703 3852 842 3934 publice,
871 3862 1037 3936 praeeunte
1066 3853 1210 3918 Diacono.
1255 3852 1361 3916 Altera
1382 3854 1492 3935 privati
1515 3854 1603 3916 olllcii
1626 3861 1705 3930 sunt,

341 3952 439 4035 qualia
461 3959 565 4015 extant
587 3953 617 4014 in
639 3951 805 4037 Horologio
829 3952 1027 4033 Graecorum,
1051 3973 1086 4016 ea
1109 3955 1139 4016 in
1161 3961 1247 4035 parte
1275 3971 1353 4034 quae
1383 3953 1490 4016 dicitur
1510 3941 1707 4016 Ἀκολουθία

339 4049 397 4138 τῆς
426 4041 521 4137 ἁγίας
551 4035 788 4136 praetiosae,
821 4053 872 4115 ubi
908 4053 1069 4117 nonnullae
1105 4056 1258 4117 orationes
1298 4053 1508 4135 reperiuntur,
1538 4053 1647 4116 Basilio
1677 4061 1708 4115 et

342 4149 558 4232 Chrysostomo
581 4150 725 4230 tributae,
750 4160 780 4214 et
802 4170 926 4233 quorum
949 4171 1057 4235 magna
1078 4172 1150 4236 pars
1173 4172 1213 4215 ex
1235 4152 1508 4236 illorumLiturgiis
1531 4153 1709 4234 deprompta

342 4258 396 4313 est.
441 4248 583 4314 Codicem
605 4269 665 4332 quo
687 4240 855 4316 κοινωνικοὶ
876 4251 1147 4317 Alexandrinorum
1170 4255 1394 4332 contineantur,
1425 4253 1537 4315 nullum
1563 4252 1707 4328 vidimus3

342 4343 477 4413 extitisse
492 4357 591 4414 tamen
610 4369 671 4414 non
688 4357 735 4414 est
752 4352 961 4417 dubitandum:
985 4373 1053 4418 nam
1066 4354 1273 4419 Ecclesiastioi
1293 4352 1361 4416 libri
1379 4353 1491 4435 aliquot
1509 4359 1708 4414 recensentur

343 4448 380 4509 ab
402 4447 588 4528 Abulbircat,
613 4452 664 4532 qtri
686 4451 738 4514 vix
761 4456 965 4532 reperiuntur:
989 4462 1020 4516 et
1043 4475 1083 4518 ex
1105 4453 1155 4517 tali
1178 4470 1303 4515 numero
1321 4451 1454 4515 nonnulli
1477 4469 1547 4514 esse
1570 4458 1706 4531 possunt,

341 4547 392 4629 qrri
413 4535 584 4613 κοινωνικὰ
605 4551 803 4616 continerent.
849 4551 958 4616 Graeci
979 4554 1066 4636 hujus
1089 4554 1212 4638 generis
1235 4551 1398 4614 secundum
1411 4551 1509 4614 liitum
1522 4548 1708 4613 Alexandri-

340 4666 411 4711 num
433 4648 524 4711 multo
545 4651 678 4712 rariores
700 4658 785 4730 sunt,
818 4651 886 4733 quia
909 4651 1230 4734 Constantinopolitoni
1259 4651 1450 4714 Patriarclrae
1480 4669 1582 4714 omnes
1614 4649 1708 4712 lernae

343 4757 595 4830 suppresserunt,
618 4751 669 4830 qui
692 4749 729 4812 ab
751 4749 909 4814 Ecclesiae
932 4771 1006 4816 suae
1029 4753 1247 4817 consuetudine
1270 4750 1382 4814 diversi
1403 4758 1514 4814 essent.
