4778 6034
493 494 544 619 DE
559 515 815 607 tumultuum
830 512 1086 592 ORlElll'llhlthl
1097 513 1247 592 orturus
1261 514 1309 589 ET
1323 512 1572 590 hUTORIThTE.
1677 507 1728 582 lx

459 703 646 778 Orientales
683 701 835 774 eamdem
877 699 1081 796 disciplinam
1115 699 1277 773 habentes
1314 722 1401 795 quae
1443 655 1581 792 reliquls
1619 697 1723 772 Chri·
1773 695 1914 748 ⁰¹l⁰¹¹¹⁸¹⁶1
1931 699 2047 764 quamvis

354 824 469 898 stianis
500 820 683 892 communis
709 825 794 908 erat,
828 816 919 888 illam
953 815 1103 890 similiter
1139 819 1172 888 in
1209 817 1345 889 Oriente
1383 825 1659 911 propagaverunt
1691 781 2048 935 etffffipffifflffl

352 939 497 1034 posteris
524 935 793 1008 transmiserunt:
819 954 928 1026 noque
955 941 1066 1002 nmen
1093 935 1201 1004 statim
1227 933 1316 1004 illarn
1343 933 1581 1027 perscripsisse
1596 929 1723 1005 viden·
1736 953 2044 1020 ronuenruncapane.
2075 945 2077 949 “

353 1063 414 1124 tur.
441 1051 486 1123 Ut
511 1053 556 1120 ita
583 1059 776 1135 statuamus,
802 1045 882 1118 facit
908 1048 1040 1137 insigne
1065 1069 1149 1141 prae
1176 1051 1319 1120 caeteris
1336 1046 1450 1118 Basilii
1477 1045 1593 1139 Magni
1620 1053 1722 1122 testi-

352 1169 508 1258 monium,
536 1167 591 1258 qui
616 1163 716 1234 multa
743 1183 827 1256 quae
855 1160 897 1232 ad
923 1184 987 1234 nos
1009 1161 1091 1236 sola
1125 1162 1300 1234 traditione
1325 1171 1552 1257 pervenerunt
1579 1185 1723 1236 enume-

353 1304 454 1370 rans,
482 1280 640 1371 adjungit.
700 1277 814 1350 Verba
839 1300 963 1349 aurroc
997 1279 1229 1349 invocationis
1263 1281 1299 1348 in
1333 1281 1594 1348 consecratione
1623 1279 2048 1372 pnrcbflrri·<¹⁶⁸r·'r¹tr⁸⁰r⁶²⁰

354 1403 388 1467 et
415 1395 545 1482 calicia,
574 1397 649 1488 puis
680 1399 875 1464 sanctornm
906 1392 1004 1463 nobis
1030 1397 1159 1486 scripto
1187 1394 1362 1465 tradidit?
1394 1392 1443 1463 lta
1478 1396 1565 1465 enim
1597 1390 1727 1464 Graeca
1740 1370 1821 1419 ‘'²7'

353 1510 517 1584 vertenda
544 1517 630 1596 sunt,
657 1529 725 1578 non
749 1517 787 1578 ut
803 1531 823 1578 a
837 1507 945 1578 multis
967 1506 1090 1578 facturn
1118 1517 1182 1598 est,
1210 1511 1265 1603 qui
1291 1503 1477 1586 ἀνάδειξιν
1502 1512 1728 1582 ostensionem

355 1649 415 1700 seu
442 1625 664 1696 decadonem
690 1622 918 1694 Eucharistiae
944 1625 1212 1716 interpretantur,
1240 1623 1301 1695 sed
1333 1633 1447 1694 contra
1475 1628 1599 1696 autoris
1626 1647 1727 1697 men-

355 1753 431 1814 tem.
485 1741 740 1812 invocationem
778 1748 882 1810 vocat
916 1737 1059 1809 Basilius
1100 1739 1271 1812 canonem
1313 1739 1465 1810 Missae:
1508 1742 1583 1833 quia
1618 1743 1727 1814 multis

354 1851 567 1951 ἐπικλήσεσι,
601 1873 660 1926 seu
688 1851 969 1928 invocationibus·
984 1862 1125 1942 constat,
1152 1856 1238 1924 inter
1265 1875 1347 1949 quas
1376 1857 1556 1948 praecipua
1584 1865 1637 1926 est
1663 1879 1728 1926 ce-

356 1969 460 2044 lebris
487 1969 556 2058 illa,
584 1978 617 2040 et
643 1990 741 2063 quarn
768 1989 884 2040 omues
912 1967 1099 2040 Orientales
1124 1968 1298 2059 Liturgiae
1325 1977 1592 2064 repraesentant,
1618 1971 1729 2050 Invo-,

355 2090 443 2159 cutio
476 2086 617 2180 Spiritus
653 2087 760 2156 sancti
793 2087 826 2155 in
858 2083 946 2156 dona
977 2086 1161 2179 proposita,
1188 2086 1283 2175 cujus
1309 2087 1528 2156 meminerunt
1553 2085 1726 2170 henaena,

354 2200 557 2298 Epiphanius
594 2209 628 2272 et
654 2199 745 2271 multi
771 2199 845 2288 alii,
880 2209 916 2271 ut
948 2221 1010 2273 suo
1044 2201 1122 2271 loco
1149 2199 1285 2272 dicetur.
1338 2201 1435 2273 Unde
1462 2204 1492 2272 si
1523 2223 1592 2274 nou
1619 2210 1725 2286 certo,

356 2317 474 2391 saltem
499 2315 723 2389 verisimiliter
749 2317 884 2387 omnino
918 2313 1142 2404 concluditur,
1176 2325 1253 2388 ante
1284 2316 1400 2388 Basilii
1431 2327 1582 2412 tempora
1608 2317 1728 2388 Litau-

356 2435 429 2525 gias
458 2430 609 2505 Graecas
634 2430 739 2504 literis
774 2453 842 2503 non
867 2429 974 2506 fuisse
999 2435 1226 2525 consignatas.
1262 2431 1389 2504 Suadet
1414 2430 1448 2502 id
1475 2435 1573 2504 etiam
1597 2431 1727 2504 Eccle-

356 2551 512 2620 siasticae
539 2547 732 2642 disciplinae
758 2549 855 2636 ratio,
883 2570 969 2642 quae
994 2550 1155 2642 mysteria
1186 2557 1278 2620 tanto
1312 2548 1442 2622 silentio
1476 2551 1546 2640 tegi
1576 2547 1726 2639 jubebat,

355 2674 484 2735 utnon
509 2665 573 2734 nisi
599 2664 745 2750 initiatis,
772 2673 806 2734 et
831 2661 981 2735 breviter
1014 2663 1158 2758 quidem,
1193 2666 1259 2734 imo
1294 2662 1545 2736 obscuriuscula
1572 2663 1729 2758 explica-

355 2787 481 2868 rentur,
509 2778 598 2873 quod
636 2778 745 2850 multis
777 2787 931 2850 veterum
964 2781 1160 2852 testimoniis
1187 2779 1398 2851 manifestum
1432 2789 1502 2869 est,
1529 2783 1727 2874 praesertim

353 2897 387 2966 in
413 2892 631 2968 Sermonibus
658 2893 700 2964 ad
713 2894 881 2988 populun,
908 2894 966 2966 ubi
990 2894 1150 2989 frequens
1177 2903 1230 2966 est
1264 2893 1319 2966 illa
1345 2891 1622 2992 ἀποσιωπήσεως
1647 2895 1726 2967 lor-

355 3011 458 3099 mula,
492 3011 631 3081 Norunt
663 3012 801 3095 initiati,
838 3019 872 3078 ut
902 3011 957 3081 illa
992 3009 1168 3106 Epiphanii
1194 3014 1370 3103 occipiens
1395 3009 1438 3083 τό
1464 3009 1505 3084 ‹ts
1531 3009 1659 3084 καὶτὸ
1686 3009 1727 3084 di·

354 3126 420 3198 boc
448 3133 483 3197 et
507 3125 583 3198 hoc.
635 3125 683 3198 At
708 3128 737 3198 si
765 3147 851 3220 quae
885 3125 927 3195 ad
960 3124 1055 3218 hujus
1090 3128 1241 3222 mysterii
1274 3126 1370 3197 fidem
1406 3125 1635 3222 pertinebant,
1661 3149 1729 3199 non

357 3243 452 3315 aliter
479 3265 576 3338 quarn
603 3243 684 3314 viva
714 3263 815 3330 voce,
842 3250 878 3310 ut
910 3238 1118 3336 Symbolum,
1144 3239 1359 3314 tradebantur
1391 3244 1577 3334 initiandis,
1605 3253 1727 3339 quarrto

354 3361 461 3430 miuus
496 3356 597 3430 scribi
623 3367 778 3452 poterant
809 3365 866 3427 aut
900 3354 1068 3430 debebant
1109 3380 1231 3430 areana
1270 3380 1443 3430 sacrorum
1481 3359 1605 3450 verba,
1639 3380 1726 3454 quae

356 3471 398 3543 ad
425 3473 519 3545 solos
544 3471 734 3568 Episcopus
762 3482 796 3544 et
822 3471 1025 3548 Sacerdotes
1052 3471 1257 3570 spectabant.
1307 3474 1461 3546 Occurrit
1485 3479 1520 3548 in
1546 3478 1726 3571 primorum
1773 3483 1775 3486 ’

357 3589 567 3660 saeculorum
600 3587 747 3660 historiis
787 3587 1056 3683 frequentissima
1090 3589 1274 3660 traditionis
1311 3610 1483 3661 sacrorum
1523 3590 1729 3662 volruniuum

356 3708 529 3794 memoria,
563 3703 605 3776 de
637 3725 701 3798 qua
738 3703 859 3776 tamdiu
892 3727 967 3778 cum
999 3704 1183 3775 Donatistis
1210 3711 1371 3775 certatrun
1401 3702 1463 3774 luit
1489 3701 1530 3775 ab
1558 3703 1728 3778 Antcarm

356 3817 521 3892 Patribus
573 3817 679 3890 Erant
711 3819 756 3890 illi
792 3841 911 3892 sacrae
945 3821 1127 3915 scripturae
1153 3817 1301 3909 codices,
1334 3829 1368 3892 et
1401 3818 1509 3891 nullus
1547 3821 1729 3892 memoriae

356 3933 512 4029 prodidit,
538 3936 624 4006 inter
659 3934 733 4006 illos
765 3934 1048 4008 Sacramentalenr
1074 3933 1175 4032 ullum
1207 3933 1361 4006 traditum
1392 3933 1578 4007 infidelibus
1608 3934 1726 4022 luisse,

359 4048 476 4143 quibus
511 4048 595 4122 haec
630 4049 855 4124 Eccleslarum
883 4051 990 4147 spolia
1022 4053 1154 4122 cariora
1186 4049 1288 4144 longe
1320 4050 1429 4124 lutura
1454 4049 1605 4139 ficissent,
1633 4071 1729 4144 quarn

359 4162 565 4259 exemplaria
592 4169 777 4261 scripturae
804 4189 936 4256 sacrae,
963 4168 1058 4257 cujus
1081 4165 1354 4261 qualemcumque
1369 4169 1591 4258 cognitionem
1618 4163 1729 4238 hube-

357 4277 447 4352 bant
489 4280 554 4365 Qui
581 4285 668 4352 enirn
700 4304 761 4377 per
787 4291 949 4353 tormenta
976 4305 995 4352 u
1024 4281 1219 4354 Christianis
1252 4292 1343 4354 tanto
1371 4281 1478 4356 studio
1506 4280 1729 4355 sciscitaban-

357 4404 422 4482 tur,
458 4395 536 4490 quid
571 4399 604 4466 in
637 4396 832 4492 Synaxihua
866 4407 1042 4490 ageretur,
1076 4401 1186 4469 omnia
1219 4420 1266 4469 ex
1297 4396 1392 4470 libris
1425 4397 1728 4471 Sacramentalibus

358 4514 447 4584 scire
482 4513 686 4605 potuissent,
719 4535 858 4607 quorum
893 4517 926 4584 in
961 4517 1043 4586 actis
1077 4513 1282 4609 Martyrum,
1318 4523 1374 4584 aut
1406 4517 1439 4585 in
1467 4512 1578 4588 Gestis
1614 4524 1730 4587 contra

323 4635 325 4640 '
356 4623 552 4717 D'onatistas
578 4627 701 4698 nullum
728 4638 821 4699 extat
846 4633 1034 4722 uestigium.

461 4741 498 4813 ln
534 4740 665 4815 Graeca
698 4743 853 4818 Ecclesia
889 4745 986 4834 nihil,
1021 4755 1056 4817 ut
1091 4745 1238 4835 videtur,
1272 4748 1436 4842 antiquius
1471 4751 1627 4843 scripturn
1666 4756 1731 4838 est,
1762 4757 1961 4812 consarcinatus
1977 4755 2053 4825 Apo-

358 4856 446 4950 quod
474 4857 605 4952 quidem
632 4859 674 4931 ad
701 4882 818 4933 saeros
844 4860 1073 4934 Eucharistiae
1104 4863 1186 4933 ritus
1218 4884 1406 4958 precesque
1431 4863 1606 4954 referatur,
1634 4887 1730 4958 quarn
1744 4844 1851 4944 ’ΨΜ
1865 4841 2056 4942 ldq“⁰‘¹.⁸¹¹⁸³'

358 4989 399 5042 ea
426 4970 534 5044 iorma
562 4997 649 5069 qnae
675 4975 788 5048 ultimo
811 4974 1087 5050 constitutionum
1109 4976 1378 5072 Apostolicarum
1404 4978 1489 5051 libro
1517 4983 1640 5052 inserta
1667 4993 1731 5074 est,
1745 4937 2053 5084 {hulzffifflum

382 5109 495 5152 sennar
1374 5153 1378 5161 n
1501 5095 1525 5166 2
