4670 6046
731 643 809 718 264
1197 643 1635 724 COMMENTARIUS

732 830 851 891 nionem
867 829 1014 894 absolvet.
1037 830 1110 892 Cam
1131 829 1288 893 Diaconrcs
1299 832 1407 910 junior
1423 831 1488 906 erit,
1512 851 1549 892 ne
1561 840 1742 910 praesumat
1757 832 1801 892 ad
1817 833 1979 912 quidquam
2000 851 2101 895 eorum

732 947 809 1008 qaae
831 930 964 991 dicimus
983 929 1158 1008 faciendum
1179 931 1338 992 accedere:
1360 929 1390 990 id
1411 935 1459 990 est
1477 927 1601 990 calicem
1621 929 1909 992 communicantibus
1928 933 2099 1014 porrigere,

733 1034 784 1088 aut
807 1047 847 1090 ex
869 1028 1021 1091 cochleari
1043 1029 1235 1109 sanguinem,
1258 1028 1307 1090 vel
1330 1028 1491 1108 particulas
1515 1029 1653 1090 intinctas
1677 1029 1843 1108 praebere,
1868 1051 1906 1091 ae
1927 1032 2043 1093 scilioet
2062 1033 2099 1094 ob

731 1129 937 1206 experientiae
958 1131 990 1190 in
1012 1128 1120 1190 ritibus
1141 1130 1243 1190 sacris
1265 1127 1427 1207 defectum,
1451 1127 1565 1208 aliquid
1586 1147 1627 1188 ee
1648 1129 1745 1189 calice
1766 1128 1879 1210 elinandi
1898 1137 1952 1192 aut
1959 1133 2099 1209 particen-

731 1227 779 1288 las
800 1229 832 1288 in
855 1234 969 1288 terram
992 1228 1104 1288 cadere
1126 1229 1223 1304 sinat,
1246 1245 1334 1307 quom
1357 1226 1583 1309 negligentiam,
1605 1234 1638 1288 ut
1660 1245 1731 1288 mox
1752 1229 1911 1308 videbitur,
1939 1238 1969 1291 et
1992 1239 2099 1293 cavent

731 1344 934 1408 magnopere,
958 1333 989 1387 et
1010 1325 1117 1407 poenis
1140 1326 1292 1388 canonicis
1315 1324 1478 1389 vindicant.
1523 1324 1636 1387 Postea
1663 1330 1899 1390 commmioncm
1927 1328 2015 1390 dabit
2034 1331 2099 1391 sin-

729 1427 809 1506 qulis
840 1427 892 1505 qui
920 1426 963 1486 ad
990 1425 1088 1486 altare
1115 1426 1378 1499 ministraverunt,
1406 1443 1529 1504 cumque
1558 1423 1740 1501 absolverit,
1770 1445 1806 1489 os
1834 1445 1920 1488 mam
1952 1427 2100 1508 absterqet

731 1525 875 1604 mappula
897 1541 988 1603 queam
1010 1525 1042 1584 in
1063 1542 1154 1584 manu
1172 1523 1264 1586 babet
1278 1523 1444 1598 Diaconos,
1462 1523 1559 1584 lumen
1578 1542 1682 1585 coram
1693 1525 1779 1586 disco
1795 1525 1985 1604 praeferaris.
2009 1525 2099 1589 Cuma

731 1642 788 1703 que
821 1621 974 1684 Sacerdos
1002 1621 1169 1684 absolverit
1203 1624 1438 1684 communionem
1470 1624 1693 1698 mannaan,
1727 1624 1844 1703 deferet
1872 1626 1988 1688 drbcum
2014 1647 2101 1706 mper

731 1741 853 1783 manum
874 1740 960 1782 mmm
988 1723 1145 1783 sinistram
1172 1741 1240 1784 cum
1268 1721 1426 1800 mappula,
1460 1739 1514 1782 scu
1541 1722 1607 1783 oela
1635 1724 1771 1803 sericeo,
1806 1726 1891 1803 cujus
1921 1744 1996 1786 orae
2022 1727 2099 1786 intra

732 1823 847 1884 discam
870 1823 914 1882 ita
936 1821 1095 1901 colliqatae
1117 1829 1218 1896 munt,
1246 1828 1279 1882 ut
1299 1829 1389 1882 entra
1417 1839 1478 1881 non
1502 1820 1719 1899 propendeant.
1772 1822 1855 1884 Deus
1877 1824 2098 1902 probibentur

731 1921 804 2001 quid
825 1940 865 1980 ec
886 1921 1057 1999 marparita
1079 1937 1133 1980 seu
1155 1939 1195 1980 ee
1221 1920 1382 1998 partiendus
1409 1920 1613 1996 amnecratis,
1646 1921 1817 1984 adbaerent
1844 1931 1898 1984 aut
1929 1924 1962 1983 in
1991 1929 2099 1984 terram

731 2021 862 2082 decidat
905 2017 1021 2081 Caoeat
1042 2021 1133 2080 etiam
1156 2019 1313 2098 diliqenter
1334 2017 1508 2094 Dmcoreus,
1530 2038 1569 2079 ne
1597 2019 1739 2108 cocblear
1764 2042 1805 2084 ea
1831 2022 1927 2102 ipsim
1953 2041 2043 2084 marm
2069 2025 2099 2082 ia

731 2121 857 2180 calicem
879 2118 1023 2180 labatur:
1051 2119 1085 2180 id
1114 2119 1144 2179 si
1164 2117 1329 2194 acciderit,
1356 2117 1440 2180 aliud
1464 2135 1557 2178 mann
1583 2135 1640 2179 srra
1667 2121 1817 2182 mauman
1839 2128 1937 2200 petat:
1965 2120 2100 2200 Deaeque

730 2224 852 2280 nomint
871 2236 909 2277 ne
930 2217 1004 2278 illud
1025 2219 1163 2278 amnicae
1185 2220 1238 2277 aut
1264 2222 1352 2294 toque
1381 2233 1457 2276 snae
1484 2211 1618 2294 affricet,
1650 2226 1705 2278 aut
1732 2219 1843 2297 aliquis
1870 2219 1966 2292 abra,
1999 2219 2042 2280 ita
2067 2225 2099 2280 ut

730 2317 891 2398 quidquam
913 2318 945 2376 in
967 2325 1079 2378 terram
1102 2317 1240 2392 decidat,
1265 2322 1319 2375 aut
1345 2314 1419 2374 illud
1440 2315 1547 2392 ipsum
1578 2333 1619 2376 ee
1640 2334 1673 2377 se
1695 2317 1836 2395 eacidm,
1868 2325 1899 2378 et
1925 2321 1957 2378 ia
1990 2325 2099 2380 terram

730 2417 867 2479 labatur:
898 2433 936 2476 ea
958 2416 1036 2476 enim
1059 2417 1096 2476 de
1118 2433 1214 2476 cama
1234 2414 1305 2491 Dei,
1335 2413 1543 2492 imminensque
1564 2413 1798 2494 indrynationem
1820 2417 2028 2496 experiretur,
2062 2413 2098 2476 ob

731 2533 818 2576 mmm
840 2515 928 2574 circa
950 2533 988 2575 ea
1009 2515 1219 2594 neqliqcntiam
1241 2521 1270 2574 et
1291 2530 1385 2573 cunae
1407 2511 1562 2590 minatum.

424 2604 717 2667 Larcoromcommunio.
816 2612 862 2674 Ile
885 2612 1044 2674 Laicorum
1068 2613 1276 2674 communione
1299 2610 1378 2673 idem
1400 2609 1584 2674 Gabrielita
1611 2614 1776 2694 praecepit.
1821 2615 1990 2677 Descendet
2016 2615 2096 2676 Dia·

731 2731 825 2774 conas
854 2731 922 2774 cnm
954 2713 1049 2774 cauce
1075 2713 1232 2792 sanquinis
1258 2709 1384 2786 Christi,
1415 2717 1446 2771 et
1471 2729 1576 2773 coram
1602 2731 1638 2774 eo
1667 2713 1824 2776 Diaconos
1855 2717 1960 2776 senior
1978 2715 2096 2793 judicio

726 2813 858 2891 pollens,
882 2830 950 2872 cum
972 2830 1078 2873 cerea:
1100 2812 1315 2891 deseeadetqae
1336 2817 1407 2871 ante
1428 2807 1639 2886 Sacerdotem,
1663 2820 1782 2892 etpost
1800 2833 1867 2876 eum
1879 2816 2023 2892 respiciet
2035 2813 2098 2874 Sa·
2163 2805 2170 2816 ’

731 2912 841 2972 cerdas
862 2912 915 2992 qui
934 2911 1051 2972 discum
1070 2917 1170 2991 qestat
1191 2929 1258 2972 cum
1279 2929 1407 2988 corpore
1430 2907 1557 2984 Carisa,
1579 2911 1623 2972 ad
1643 2909 1853 2974 Occidentem:
1883 2913 2097 2992 descendetque

731 3019 822 3073 cetra
843 3011 952 3072 altaris
973 3009 1130 3084 ambitum,
1153 3009 1362 3089 benedicetque
1379 3010 1501 3088 populo,
1521 3009 1661 3088 fornrans
1678 3012 1794 3090 siqrrum
1807 3013 1910 3074 mucis
1922 3031 1990 3073 mun
2004 3011 2098 3086 daco,

731 3129 889 3191 amnesque
906 3115 1099 3188 prosternent
1118 3128 1168 3186 se,
1190 3109 1355 3170 adorantes
1374 3126 1468 3188 usque
1489 3108 1533 3168 ad
1552 3115 1684 3184 terram
1705 3112 1799 3189 parri
1819 3119 1849 3172 et
1874 3112 1991 3190 manni,
2019 3109 2098 3170 inm'-

727 3211 867 3290 pientqae
888 3207 1070 3270 distribuere
1092 3210 1325 3269 communionem
1347 3207 1528 3285 ordinatim,
1558 3211 1613 3270 uni
1628 3218 1702 3289 post
1721 3211 1822 3274 ubam.
1868 3211 1896 3272 Ε
1922 3208 2030 3270 Laicis
2050 3209 2100 3288 qui

731 3311 965 3370 communionem
998 3309 1141 3386 accipiet,
1171 3313 1359 3368 metanoeam
1386 3308 1451 3368 sice
1480 3311 1715 3386 prostrationem
1742 3308 1839 3387 faciet
1865 3328 1973 3372 uersas
2002 3309 2098 3370 altare

729 3406 806 3482 Dei,
834 3409 1001 3487 nudumque
1033 3414 1124 3486 capud
1148 3405 1277 3468 babebit.
1322 3405 1364 3467 lta
1395 3406 1483 3467 etiam
1512 3413 1653 3470 statutum
1680 3408 1808 3490 legimus
1837 3411 1868 3472 in
1897 3406 2097 3489 synodalibus

732 3505 1003 3569 Constitutionibus
1035 3504 1139 3587 Cyrilli
1171 3504 1192 3566 i.
1219 3503 1362 3584 Laklaki,
1393 3505 1584 3570 Potriarchae
1614 3507 1828 3586 Alexandrini,
1862 3508 1913 3570 ubi
1943 3507 2097 3571 scribitur:

730 3605 835 3668 Nullus
856 3607 1058 3668 saecularium
1084 3607 1262 3668 admittatur
1291 3606 1333 3666 ad
1361 3609 1608 3682 communionem,
1638 3609 1699 3668 nisi
1726 3607 1843 3669 detecta
1872 3609 1990 3686 capite:
2021 3621 2097 3688 quse

731 3705 781 3767 lex
816 3707 902 3768 etiam
934 3706 1085 3787 reperitur
1114 3706 1144 3766 in
1174 3704 1292 3766 statutis
1324 3704 1471 3767 Gabrielis
1500 3705 1520 3767 i.
1552 3707 1660 3769 Tarich
1687 3705 1877 3769 Patriorchae
1900 3713 1931 3781 §-
1956 3711 1985 3770 7.
2008 3713 2039 3768 et
2066 3706 2097 3766 in

733 3803 856 3867 Conone
868 3805 1040 3885 qniBasilio
1063 3803 1260 3879 adscribitur,
1283 3822 1432 3886 quemque
1446 3803 1539 3868 relert
1550 3805 1765 3869 Echmimensis
1785 3808 1816 3868 in
1829 3824 1883 3868 sua
1899 3803 2095 3883 Collectione,

732 3903 817 3984 cujus
838 3904 932 3966 verba
955 3921 1025 3966 mox
1052 3903 1232 3966 referentur.
1277 3902 1380 3986 Pergit
1403 3900 1530 3968 Gabriel.
1576 3904 1650 3967 Cum
1671 3907 1738 3985 quis
1752 3907 1987 3968 communionem
2005 3923 2097 3966 acce-

728 4007 821 4084 perit,
850 4023 911 4065 non
940 4005 1063 4066 dorsum
1092 4003 1243 4082 obaertet,
1266 4003 1322 4064 sed
1339 4004 1486 4082 paulatim
1507 4005 1739 4079 retrocedendo,
1769 4024 1803 4065 se
1831 4005 1873 4066 ad
1894 4005 1992 4066 lacum
2012 4021 2098 4064 stum

730 4106 864 4183 recipiet.
908 4103 945 4165 Si
965 4104 1083 4184 quidem
1104 4103 1219 4180 dadas,
1244 4121 1311 4164 cam
1332 4121 1353 4164 a
1374 4103 1503 4164 Domino
1520 4122 1632 4182 panem
1653 4105 1833 4181 accepisset,
1855 4110 1970 4182 terqum
1985 4101 2096 4164 obacr-

731 4206 781 4279 tit,
804 4205 909 4266 eniens
930 4205 1002 4265 odio
1024 4201 1174 4264 diabolico
1192 4203 1308 4281 penus.
1351 4202 1435 4262 Decus
1456 4221 1529 4263 aero
1550 4221 1611 4264 nan
1632 4203 1722 4275 sinat,
1744 4208 1778 4262 ut
1798 4203 1894 4263 marite
1917 4202 1991 4281 quid
2012 4219 2097 4262 conr-

729 4306 890 4368 mittamus.
934 4301 1080 4363 Absoluta
1102 4303 1238 4363 ommam
1259 4303 1477 4377 communione,
1496 4303 1638 4382 populum
1659 4317 1768 4362 norma
1788 4319 1856 4362 cum
1882 4300 1987 4374 discum
2013 4298 2096 4377 sacto

731 4405 832 4466 aucis
853 4403 939 4482 siqua
961 4401 1115 4463 benedicet
1135 4409 1165 4462 et
1185 4402 1229 4462 ad
1254 4401 1350 4462 locum
1372 4401 1527 4462 mulierum
1552 4401 1711 4479 procedet,
1740 4398 1893 4461 Sacerdos
1922 4398 2095 4462 celebrans:

733 4512 887 4565 eteorum
909 4521 946 4564 eo
966 4501 1122 4563 Diaconos
1144 4519 1262 4562 cereum
1281 4499 1459 4579 marimens
1480 4518 1653 4577 acconem,
1675 4500 1718 4560 ad
1739 4499 1975 4560 communionem
1988 4499 2096 4560 mulie·

728 4603 814 4664 ribus
846 4599 1093 4664 distribuendam.
1143 4599 1270 4680 Oportet
1302 4589 1401 4660 autern
1428 4617 1531 4662 omnes
1563 4619 1580 4659 e
1604 4601 1732 4679 populo,
1766 4597 1885 4679 quando
1915 4595 2098 4660 Sacerdotes

731 4709 887 4764 transeunt
908 4720 975 4762 cum
996 4718 1123 4780 corpore
1146 4697 1271 4776 Obsisti,
1291 4700 1490 4778 procedentes
1511 4699 1554 4761 ad
1575 4700 1671 4760 lacum
1692 4699 1850 4760 mdierum
1864 4696 2009 4777 anumque
2030 4712 2098 4756 cum

730 4802 811 4862 redit
831 4801 998 4874 Sacerdos,
1021 4802 1124 4879 capita
1145 4800 1315 4878 deterqere,
1343 4798 1465 4879 Deoque
1486 4818 1520 4861 se
1540 4800 1702 4870 inclinare,
1730 4799 1791 4878 ipsi
1818 4797 1938 4877 qratias
1965 4800 2097 4874 aqeates,

731 4918 853 4979 eumque
874 4900 1047 4973 madentes,
1075 4901 1127 4979 qui
1147 4899 1254 4979 diquos
1275 4899 1343 4960 ilios
1361 4900 1516 4978 praestitit
1543 4899 1623 4962 dono
1649 4897 1701 4959 illo
1729 4915 1855 4977 maqno,
1884 4895 1965 4976 quod
1992 4891 2100 4972 Anqeli

731 4999 870 5076 aspicere
896 5017 956 5060 non
979 5007 1113 5078 possunt.
1164 4996 1339 5060 Communia
1371 5007 1471 5060 autem
1500 4999 1656 5062 mediorum
1685 5015 1830 5059 mmmam
1856 4995 2041 5074 disperdam
2069 4997 2099 5052 et

731 5115 838 5161 curam
859 5099 970 5178 eripit:
991 5115 1063 5160 nam
1084 5117 1151 5160 cum
1173 5099 1279 5160 maier
1299 5099 1400 5161 remla
1421 5100 1478 5175 sit,
1506 5115 1593 5190 nemo
1622 5115 1768 5179 pueram
1796 5095 1850 5156 illa
1871 5095 1912 5154 sit
1931 5108 2097 5172 amorem
