4670 6046
656 539 732 613 276
1138 535 1545 616 COMMENTARIUS

655 724 731 788 tales
753 724 895 807 fatigant,
918 724 1135 803 responsiones
1160 721 1354 785 absurdiores
1378 721 1514 800 eliciant,
1543 741 1621 803 quae
1649 724 1687 786 ad
1708 723 1911 786 Ecclesiarum
1933 724 2017 788 [idem

653 823 821 888 nullatenus
846 823 1006 904 pertinent.
1049 823 1144 884 Porro
1168 822 1248 902 quod
1271 823 1344 884 mire
1366 821 1513 885 Ludollus
1536 841 1570 885 se
1593 831 1715 904 torquet
1729 832 1761 886 ut
1779 843 1845 886 eam
1862 825 1934 904 ipsis
1948 827 2017 906 opi-

653 926 788 999 nionem,
812 931 951 1002 tanquam
974 915 1088 1005 κυρίαν
1110 910 1209 1000 δόξαν
1231 921 1366 1002 allinget,
1389 940 1480 985 causa
1503 921 1560 984 alia
1575 921 1714 999 nonfuit,
1737 941 1826 1005 quam
1843 932 1876 987 ut
1894 925 2017 988 baberet

653 1021 733 1084 unde
756 1021 868 1103 duplex
892 1020 1065 1102 disciplinae
1089 1019 1250 1084 Orientalis
1273 1029 1377 1101 caput,
1400 1023 1468 1102 quia
1491 1019 1669 1084 lutheranis
1689 1022 1839 1103 displicet,
1862 1024 2017 1086 conveNe-

654 1129 752 1184 retur:
775 1130 947 1184 sanctorum
969 1121 1165 1196 intercessio,
1189 1128 1220 1182 et
1241 1122 1337 1183 oratio
1360 1137 1416 1201 pro
1438 1120 1579 1195 mortuis,
1602 1141 1678 1202 quae
1708 1123 1878 1202 Purgatorii
1906 1123 2019 1186 doctri-

654 1239 722 1282 nam
746 1221 859 1282 invehit
881 1221 1064 1282 necessario.
1109 1218 1140 1282 Si
1163 1221 1241 1282 enim
1264 1238 1323 1301 quo
1346 1219 1415 1283 loco
1438 1221 1498 1282 sint
1520 1223 1631 1295 sancti,
1660 1239 1730 1283 num
1757 1223 1789 1284 in
1819 1223 1922 1301 coelo,
1945 1222 2018 1285 bea-

654 1321 778 1382 titudine
808 1320 869 1401 jam
904 1319 1116 1400 perfruentes,
1154 1338 1223 1381 num
1254 1318 1363 1381 alicubi
1400 1337 1466 1381 eam
1504 1337 1571 1381 cum
1601 1321 1826 1384 resurrectione
1859 1339 2018 1402 corporum

655 1427 851 1499 exspectent,
874 1421 1015 1501 ignorant
1039 1417 1208 1481 Orientales
1232 1417 1407 1496 Christiani,
1431 1418 1618 1482 frustraneae
1641 1419 1822 1482 videbuntur
1844 1421 1961 1484 illorum
1983 1419 2018 1482 ad

654 1527 775 1582 sanctos
799 1519 969 1594 orationes,
992 1517 1072 1599 quod
1094 1519 1220 1580 maxime
1244 1517 1388 1581 Ludollus
1412 1518 1494 1583 velit.
1540 1517 1585 1580 Eo
1609 1521 1686 1581 enim
1709 1529 1873 1601 provectus
1900 1526 1947 1582 est
1975 1519 2019 1580 vir

655 1619 807 1696 eruditus,
830 1618 885 1680 sed
908 1620 958 1699 qui
981 1617 1232 1699 Theologicarum
1255 1617 1463 1698 quaestionum
1486 1619 1665 1680 tractatione
1689 1618 1841 1681 abstinere
1863 1620 2018 1693 debuerat,

653 1728 686 1782 ut
709 1719 932 1781 invocationem
954 1727 1126 1780 sanctorum
1149 1717 1310 1779 arbitretur
1331 1734 1403 1778 casu
1426 1719 1525 1796 potius
1549 1725 1579 1779 et
1601 1735 1707 1780 errore
1736 1718 1903 1797 inductam,
1934 1736 2020 1799 quam

654 1819 734 1881 seria
758 1817 918 1880 traditione
950 1819 1080 1880 omnium
1110 1816 1313 1879 saeculorum:
1347 1833 1455 1898 nempe
1485 1825 1517 1879 ut
1546 1835 1613 1878 cum
1641 1817 1783 1898 Episcopi
1813 1818 1849 1881 ad
1877 1818 2018 1900 populum

654 1918 748 1980 verba
772 1915 917 1979 iacientes
941 1918 1068 1978 maxime
1090 1914 1364 1993 rhetoricarentur,
1388 1923 1417 1976 et
1440 1934 1495 1978 eos
1519 1924 1659 1997 tanquam
1681 1925 1859 1997 praesentes
1882 1917 2019 1999 alloque-

655 2025 777 2094 rentur,
808 2017 884 2078 haec
912 2017 1056 2077 orationis
1086 2014 1195 2077 lumina
1225 2024 1255 2077 et
1288 2015 1440 2078 schemata
1469 2015 1588 2096 plebem
1615 2016 1645 2077 in
1675 2033 1811 2078 errorem
1840 2016 2019 2094 induxerint,

655 2125 745 2198 atque
767 2136 802 2178 ea
827 2116 988 2179 occasione
1009 2122 1131 2178 sanctos
1155 2115 1296 2176 invocare
1319 2115 1357 2175 sit
1379 2122 1529 2195 coeptum.
1573 2114 1618 2177 Ea
1640 2131 1715 2177 vero
1740 2115 1903 2199 Theolngia
1933 2136 2019 2197 quarn

562 2249 564 2252 ·
655 2216 785 2280 absurda
808 2217 863 2294 sit,
887 2214 952 2277 sola
975 2215 1092 2276 novitas
1117 2213 1316 2276 demonstrat:
1340 2230 1458 2275 omnem
1481 2216 1559 2276 enim
1582 2222 1754 2278 sanctorum
1776 2215 1903 2292 cultum,
1931 2217 2019 2279 invo-

653 2317 861 2396 cationemque
883 2313 1031 2376 Lutherus
1050 2315 1112 2394 jam
1134 2311 1315 2390 sustulerat,
1339 2321 1497 2393 antequam
1519 2314 1576 2375 hoc
1588 2312 1808 2395 qualecumque
1824 2324 2018 2379 commentum

652 2417 726 2498 ipsi,
751 2423 801 2476 aut
823 2415 888 2495 ejus
912 2412 1065 2494 discipulis
1088 2412 1223 2474 venisset
1246 2413 1276 2473 in
1298 2419 1437 2473 mentem.
1481 2412 1588 2493 Neque
1612 2410 1750 2493 Coptitae
1772 2413 1809 2476 ab
1821 2415 2017 2497 Aethiopibus

652 2514 780 2577 docendi
803 2513 979 2595 religionem
1002 2519 1104 2589 erant,
1128 2513 1178 2591 qui
1202 2529 1284 2590 eam,
1308 2517 1341 2573 ut
1363 2513 1548 2575 notissimum
1570 2520 1633 2591 est,
1664 2531 1724 2576 non
1751 2513 1840 2576 modo
1864 2533 1966 2577 sanam
1989 2519 2018 2578 in

652 2615 682 2674 in
706 2613 838 2675 articulis
860 2612 977 2690 multis,
1001 2611 1056 2673 sed
1080 2629 1147 2672 cum
1170 2611 1254 2673 faece
1277 2617 1308 2672 et
1320 2610 1481 2673 furfuribus
1498 2611 1681 2687 Jacobiticis,
1705 2611 1811 2674 abillis
1827 2623 2016 2695 aeceperunt.

651 2714 758 2794 Neque
781 2712 948 2793 Gregorius
972 2710 1060 2772 bomo
1084 2710 1245 2785 barbarus,
1268 2711 1399 2790 spinosis
1423 2710 1659 2791 quaestiunculis
1682 2712 1830 2790 irretitus,
1855 2713 2017 2777 audiendus

653 2820 716 2891 est,
740 2829 847 2873 verum
871 2809 1034 2873 communis
1057 2808 1261 2870 Ecclesiarum
1284 2811 1414 2872 omnium
1437 2811 1571 2886 traditio,
1595 2829 1673 2890 quac
1695 2809 1764 2872 dum
1786 2820 1908 2874 sanctos
1930 2817 2018 2878 invo-

654 2919 738 2990 ccut,
761 2928 933 2993 precesque
956 2909 993 2970 ad
1017 2926 1071 2970 eos
1093 2907 1234 2984 fundunt,
1257 2917 1406 2972 testantur
1435 2911 1508 2972 satis
1531 2929 1596 2972 eam
1619 2911 1790 2991 opinionem
1814 2913 1894 2992 apud
1915 2933 1950 2976 se
1971 2917 2018 2976 vi-

654 3011 776 3092 guisse,
806 3009 885 3091 quod
915 3009 1047 3090 ipsorum
1082 3007 1161 3087 apud
1190 3007 1286 3069 Deum
1316 3009 1457 3088 precibus
1484 3017 1515 3072 et
1543 3010 1762 3072 intercessione
1785 3011 1887 3091 juvari
1916 3019 2018 3094 posset

653 3110 780 3172 humana
803 3109 968 3170 infirmitas.
1013 3107 1118 3187 Neque
1141 3109 1218 3168 enim
1241 3108 1349 3187 quibus
1371 3108 1503 3171 nondum
1527 3108 1629 3171 lelices
1650 3127 1720 3171 esse
1740 3109 1840 3172 datum
1864 3121 1922 3191 est,
1946 3133 2018 3194 pos-

655 3217 724 3272 sunt
746 3226 802 3289 pro
826 3209 952 3270 aliorum
974 3207 1070 3268 salute
1094 3206 1336 3286 interpellatores
1359 3208 1433 3270 heri.
1478 3208 1552 3270 Ctuu
1576 3226 1651 3270 vero
1675 3208 1713 3270 de
1729 3209 1873 3274 Paradiso
1888 3211 2018 3290 loquun-

654 3318 703 3370 tur
725 3307 891 3371 secundum
913 3323 1100 3368 communem
1124 3313 1214 3386 atque
1237 3316 1276 3368 ex
1299 3308 1394 3369 sacris
1417 3307 1575 3388 scripturis
1599 3305 1765 3369 traductam
1786 3309 2016 3392 intelligentiam,

653 3409 751 3471 lecum
775 3413 944 3490 agnoscunt
967 3403 1115 3468 lelicitatis
1139 3413 1297 3480 aeternae,
1320 3413 1350 3468 et
1373 3423 1433 3486 quo
1457 3407 1575 3469 nomine
1599 3405 1818 3487 appellaverint
1841 3427 1945 3489 parum
1966 3429 2016 3471 re-

651 3506 720 3570 fert.
763 3506 933 3568 Pumdisus
961 3505 1040 3586 apud
1070 3504 1205 3567 Graecos
1243 3504 1348 3568 hortus
1377 3504 1549 3568 deliciarum
1584 3514 1646 3580 est,
1678 3508 1811 3586 quamvis
1845 3525 1881 3569 ea
1910 3526 1972 3570 vox
2000 3527 2015 3570 a

654 3606 830 3682 Chaldaeis,
854 3613 903 3667 aut
925 3604 1097 3685 Babyloniis
1120 3605 1158 3666 ad
1180 3621 1234 3666 eos
1258 3604 1440 3686 migraverit.
1486 3604 1612 3667 Hortum
1640 3605 1726 3668 Edeu
1752 3616 1863 3669 vocant
1892 3607 2016 3671 Hebraei

653 3714 685 3768 et
707 3706 775 3768 inde
797 3705 916 3766 Arabes
930 3703 1138 3766 bluhamedani
1153 3722 1239 3766 suum
1263 3715 1318 3772 mi
1349 3705 1496 3780 iecerunt,
1519 3705 1600 3785 quod
1617 3705 1695 3767 idem
1712 3707 1871 3787 significat,
1895 3725 2016 3789 compa-

651 3804 768 3866 ratione
792 3804 879 3866 dueta
902 3804 1017 3866 scilicet
1040 3803 1077 3865 ab
1099 3803 1186 3865 borto
1209 3822 1265 3866 seu
1289 3805 1430 3867 Paradiso
1453 3805 1632 3885 voluptatis,
1663 3823 1750 3886 quem
1774 3806 1810 3867 ab
1834 3808 1914 3869 initio
1937 3808 2015 3870 Deus

651 3903 855 3983 plantaverat,
894 3910 924 3965 et
956 3905 984 3965 in
1015 3922 1053 3965 eo
1081 3904 1277 3965 constituerat
1306 3904 1470 3980 bominem,
1501 3923 1589 3983 quem
1620 3912 1787 3969 creaverat.
1832 3905 1899 3968 Non
1930 3908 2017 3990 igitur

653 4002 813 4064 Christiani
837 4023 854 4065 a
875 4000 999 4064 ludaeis
1022 4020 1127 4064 vocem
1152 4011 1351 4084 acceperunt,
1374 4005 1432 4064 nisi
1457 4010 1487 4066 ut
1510 4022 1528 4066 a
1551 4004 1695 4083 capsariis
1718 4003 1876 4067 Ecclesiae
1899 4008 2015 4070 codices

651 4119 756 4164 saeros
793 4101 1058 4178 conservantibus,
1095 4110 1127 4163 ut
1165 4120 1230 4164 eam
1261 4102 1398 4166 Christus
1436 4103 1502 4183 ipse
1531 4103 1699 4182 usurpavit;
1732 4102 1841 4186 dogma
1863 4106 1959 4187 ipsum
1989 4109 2016 4168 in

650 4199 789 4263 Ecclesia
811 4209 911 4263 natum
935 4209 964 4262 et
986 4209 1186 4282 propagatum
1215 4211 1278 4281 cst,
1309 4221 1366 4264 nec
1390 4203 1427 4265 ab
1450 4203 1601 4264 extraneis
1625 4203 1716 4264 sectis
1743 4202 1907 4282 ullatenus,
1932 4208 2016 4269 etiam

642 4299 690 4361 'ad
713 4318 764 4362 eas
794 4318 872 4380 quae
900 4301 937 4362 ab
965 4301 1078 4362 unitate
1109 4310 1320 4379 recesserunt,
1356 4300 1410 4362 luit
1441 4300 1616 4363 derivatum.
1662 4302 1848 4382 Quicumque
1881 4304 1960 4364 enim
1990 4306 2016 4365 in

650 4397 833 4460 ludaeorum
863 4400 1066 4462 recentiorum
1096 4398 1180 4460 libris
1207 4400 1399 4462 mediocriter
1428 4408 1566 4462 versatus
1595 4407 1659 4474 est,
1692 4419 1752 4463 non
1782 4402 1902 4484 ignorat
1932 4421 2016 4483 quan

652 4498 784 4575 incerta,
809 4496 858 4559 vel
879 4499 979 4580 potius
1003 4517 1092 4578 quam
1113 4497 1212 4576 nulla,
1236 4501 1314 4562 inter
1344 4518 1398 4562 eos
1422 4501 1460 4561 sit
1482 4498 1520 4561 de
1542 4509 1594 4594 phil
1622 4512 1645 4590 pt
1668 4501 1756 4561 horto
1784 4499 1881 4578 Edere,
1903 4508 1936 4563 ut
1963 4501 2016 4582 ipsi

653 4593 825 4660 Paradisum
847 4605 971 4676 vocant,
996 4597 1114 4659 traditio
1122 4618 1131 4672 ;
1155 4616 1242 4678 quam
1265 4599 1355 4661 multa
1379 4598 1416 4660 de
1439 4599 1496 4660 boc
1520 4607 1697 4680 argumento
1717 4601 1820 4680 nugati
1836 4601 1908 4662 sint:
1932 4619 2016 4681 quam

654 4713 759 4776 parum
782 4698 955 4778 praecipuis
977 4697 1131 4778 Magistris
1154 4699 1233 4760 inter
1253 4717 1288 4760 se
1311 4700 1479 4762 conveniat.
1522 4697 1628 4778 Neque
1651 4715 1725 4760 sane
1747 4701 1869 4776 rnirum,
1893 4717 1960 4761 cum
1982 4699 2016 4760 de

655 4796 720 4875 ipsa
743 4798 967 4858 resurreetione
991 4798 1055 4859 sine
1079 4814 1138 4877 qua
1161 4796 1309 4859 lelicitatis
1329 4817 1400 4878 spes
1424 4815 1494 4859 esse
1516 4795 1597 4859 nulla
1620 4815 1749 4877 unquam
1763 4806 1875 4878 potest,
1896 4800 1948 4860 vix
1970 4800 2016 4860 in-

348 4895 403 4947 Nu.
423 4895 570 4950 actoriam
584 4899 641 4950 Mo-
656 4902 702 4957 ter
725 4914 760 4957 se
783 4896 992 4972 consentiant,
1015 4904 1048 4958 ut
1078 4915 1118 4958 ex
1141 4895 1205 4958 sola
1233 4895 1454 4960 Dissertaticne
1485 4895 1616 4959 Eduardi
1652 4896 1809 4972 Poeoehii‚
1840 4899 1891 4978 qui
1921 4897 2015 4959 multis

330 4999 371 5034 θ’·
656 4992 694 5056 de
717 4993 775 5057 bec
798 5002 976 5076 argumento
999 4993 1115 5058 erudite
1139 4993 1316 5077 disputavit,
1344 5014 1514 5080 agnoscere
1535 4995 1623 5058 facile
1646 5003 1703 5060 est.
1748 4997 1886 5060 Cressam
1903 5013 2016 5078 nempe,
2235 5023 2306 6020 q
