4778 6034
597 717 602 724 .
698 596 762 670 Xh
1213 599 1545 678 DISSERTATIO

408 2455 538 2528 Litargiac
571 2455 684 2512 Graecae

700 787 916 884 disciplinam.
954 786 1073 882 Neque
1099 785 1210 860 obstat
1236 786 1325 882 quod
1350 788 1529 863 nonnullae
1555 786 1808 864 henedictiones
1836 811 1919 886 quas
1945 789 2071 864 Pater·

699 901 841 976 lamilias
873 905 992 974 recitat
1024 925 1126 999 super
1159 925 1280 998 panem
1312 913 1347 976 et
1376 908 1511 994 vinum,
1545 903 1713 978 Hebraico
1746 905 1909 978 dieantur:
1945 904 2070 980 breves
2168 903 2172 916 ’

700 1023 788 1090 enim
815 1029 890 1091 sunt
915 1017 1099 1107 formulae,
1132 1022 1248 1114 paucis
1282 1020 1398 1094 verbis
1431 1029 1644 1107 constantes,
1676 1043 1759 1118 quas
1793 1045 1839 1092 ex
1864 1045 1941 1136 usu⁸
1955 1025 2070 1116 quoti-

700 1135 800 1208 diano
827 1138 966 1229 quisque
992 1133 1154 1226 intelligit.
1194 1135 1308 1229 ltaque
1333 1157 1399 1209 nec
1425 1159 1471 1208 ex
1497 1135 1701 1208 ludaeorum
1728 1141 1862 1232 antiqua
1889 1138 2069 1235 disciplina,

698 1273 764 1324 neo
779 1275 836 1352 ,ex
862 1249 1061 1336 Christiana,
1089 1260 1145 1322 aut
1172 1254 1244 1343 ejus
1271 1254 1372 1324 certis
1397 1254 1616 1324 monumentis
1644 1253 1792 1344 efficitur,
1821 1275 1919 1326 sacra
1935 1265 2069 1350 myste-

699 1371 749 1440 ria
786 1367 954 1440 Hebraico
988 1367 1102 1459 lingua
1142 1370 1278 1462 proprie
1313 1367 1400 1441 dicta
1439 1366 1608 1444 celebrata
1643 1391 1785 1464 unquam
1817 1369 1939 1444 luisse:
1982 1371 2071 1468 qnod

698 1494 810 1558 tamen
836 1505 903 1556 non
929 1487 1028 1579 pauci
1054 1487 1248 1579 scriptores,
1275 1483 1335 1556 sed
1360 1484 1461 1556 infimi
1481 1481 1642 1572 subselhi,
1660 1507 1784 1577 magno
1807 1492 1945 1560 mercati
1961 1487 2068 1562 luisse

699 1601 908 1690 viderentur3
924 1603 1018 1695 quasi
1037 1599 1113 1671 inde
1128 1621 1249 1691 magna
1265 1597 1446 1672 hodiernae
1462 1599 1691 1674 consuetudini
1707 1605 1864 1676 autoritas
1880 1605 2068 1695 accederet,

700 1741 775 1790 cum
800 1715 1001 1789 hebraicam
1026 1715 1172 1808 linguam
1199 1717 1304 1808 vulgo
1333 1720 1480 1809 ignotam
1506 1716 1612 1788 fusse
1633 1715 1755 1790 Christi
1781 1729 1943 1814 tempore,
1970 1731 2068 1793 extra

699 1832 832 1906 dubium
855 1838 910 1907 sit.
963 1833 1023 1904 His
1051 1844 1085 1904 et
1111 1831 1271 1904 similibus
1298 1835 1502 1925 argumentis
1532 1831 1682 1928 proditur
1707 1832 1883 1908 Ecclesiae
1911 1835 2068 1909 Catholi-

699 1973 762 2022 cae
782 1971 897 2039 causa,
912 1971 979 2024 non
998 1933 1205 2021 defenditur:v
1225 1953 1347 2046 quippe
1369 1953 1398 2022 si
1415 1948 1595 2037 Hebraico,
1620 1971 1718 2043 mam
1736 1950 1929 2042 intelligunt,
1955 1953 2069 2044 lingna

698 2065 1005 2161 Hierosolymitana
1031 2064 1105 2154 brit,
1129 2065 1282 2158 vulgaris
1309 2065 1366 2138 illa
1394 2077 1470 2138 tunc
1497 2076 1586 2154 erat;
1613 2075 1647 2136 et
1665 2063 1787 2140 frustra
1809 2077 1925 2140 conua
1940 2067 2070 2140 Reior-

697 2191 844 2254 matones
871 2181 1066 2278 disputatur,
1094 2185 1123 2254 si
1141 2181 1254 2274 lingua
1277 2181 1410 2274 vulgari
1429 2204 1527 2254 sacra
1549 2179 1717 2254 celebrata
1738 2179 1844 2256 luisse
1865 2183 2069 2273 conceditur,

698 2299 786 2394 quod
813 2309 987 2395 tantopere
1013 2297 1110 2370 lateri
1137 2297 1307 2390 refugiunt
1332 2297 1379 2370 illi
1407 2297 1583 2389 Theologi.

802 2415 872 2488 Sed
898 2419 989 2487 circa
1015 2413 1166 2487 Graecas
1192 2413 1361 2507 Liturgias
1389 2413 1538 2486 eamdem
1567 2413 1785 2486 difficultatem
1820 2417 1967 2511 experiri
2000 2437 2067 2486 ne-

372 2543 460 2612 nngua
484 2544 586 2614 vulgari
613 2546 798 2606 cete-cesse
825 2540 892 2604 est:
918 2553 993 2602 nam
1022 2552 1081 2602 eas
1108 2528 1296 2602 celebratas
1322 2530 1428 2604 luisse
1453 2528 1567 2621 lingna
1593 2528 1736 2622 vulgari,
1764 2541 1830 2604 tam
1857 2541 1983 2604 certum
2003 2541 2067 2620 est,

372 2627 518 2682 brabantur.

373 3241 449 3312 Apud
468 3243 548 3310 Syron
572 3243 684 3309 Syriaco.

374 3481 686 3555 omniparens.

372 3570 435 3625 640.
452 3571 515 3624 668.
532 3571 596 3624 669.

406 4177 436 4234 ln
452 4178 572 4250 Aegypto
592 4178 685 4248 Aegy·

373 4268 465 4335 ptiace.

698 2670 795 2744 quam
831 2654 956 2719 certum
991 2644 1143 2719 Graecos
1180 2654 1251 2718 toto
1285 2649 1411 2742 passim
1448 2646 1592 2719 Oriente*
1619 2645 1752 2720 Graece
1786 2647 1917 2720 locutos
1952 2646 2068 2734 luisse,

696 2785 765 2836 non
791 2761 959 2836 Hebraice
985 2761 1043 2834 vel
1068 2761 1198 2836 Latine.
1250 2759 1458 2857 Ubicumque
1486 2766 1586 2855 igitur
1613 2785 1655 2836 ea
1682 2761 1794 2854 lingua
1820 2763 1971 2855 vulgaris
1997 2763 2067 2848 fuit,

696 2880 743 2953 ihi
769 2879 811 2953 ab
839 2883 931 2952 initio
957 2901 1068 2952 rernm
1085 2877 1342 2952 Christianarum
1362 2901 1460 2951 sacra
1476 2878 1609 2951 Graece
1634 2877 1803 2952 celebrata
1831 2888 1921 2952 sunt:
1948 2901 2068 2976 nempe

697 3017 759 3092 per
785 3005 887 3068 totam
918 2995 1056 3084 Asiam,
1089 2995 1286 3086 Graeciam,
1317 2996 1530 3091 Aegyptum,
1561 3006 1596 3067 et
1628 3015 1745 3068 omnes
1776 2994 1910 3067 tandem
1935 2996 2069 3091 Imperii

698 3111 908 3184 Macedonici
935 3114 1136 3207 provincias.

801 3229 838 3302 In
865 3229 987 3324 Syria,
1020 3228 1076 3301 uhi
1110 3228 1223 3325 populi
1259 3229 1453 3325 plerumque
1483 3226 1648 3322 bilingues
1685 3239 1798 3319 erant,
1832 3250 1901 3302 non
1936 3226 2068 3300 Graece

698 3345 816 3435 modo,
850 3345 911 3416 sed
937 3345 1081 3442 Syriaoe
1117 3345 1268 3436 Litargia
1301 3343 1555 3448 celebrabatur,
1586 3346 1782 3440 praesertim
1815 3357 1913 3418 extra
1947 3345 2067 3418 urbes:
2195 3424 2199 3432 ⁴

697 3483 775 3533 nam
802 3464 970 3534 rusticana
997 3460 1094 3558 plebs
1122 3461 1253 3534 Graece
1280 3483 1383 3558 saepe
1409 3458 1592 3547 nesciebat,
1619 3464 1712 3532 etin
1738 3464 1881 3556 antiquis
1909 3459 2066 3534 Consiliis

699 3577 968 3650 animadvertere
1002 3578 1081 3652 licet
1115 3577 1305 3674 Episcopus
1347 3579 1402 3671 qui
1436 3577 1580 3672 Syriaee
1615 3576 1864 3650 subscriberent
1896 3587 1930 3648 et
1962 3573 2068 3648 verba

697 3694 859 3786 lacerent,
887 3698 963 3788 quia
990 3693 1144 3767 Graecae
1170 3695 1305 3787 linguae
1331 3696 1472 3789 imperiti
1499 3703 1603 3765 erant.
1639 3692 1726 3765 llin'c
1747 3697 1912 3786 originem
1934 3691 2068 3766 habue-

696 3822 773 3883 runt
797 3810 969 3902 Litungiae
995 3811 1173 3906 Syriacae,
1201 3833 1337 3906 quarum
1364 3811 1543 3906 praecipua
1571 3821 1624 3884 est
1649 3812 1838 3904 antiquitas,
1865 3831 1939 3881 cum
1963 3809 2067 3882 Schi-

697 3937 836 4000 smatum
864 3929 953 3999 initia
981 3928 1188 4016 antecedant,
1215 3932 1346 4023 sintque
1364 3925 1585 4016 uruodoxis,
1609 3926 1838 4022 Jacobitisque
1857 3945 2066 3999 communes:

698 4053 733 4116 et
758 4043 908 4117 eamdem
935 4047 969 4115 in
996 4049 1103 4117 sacris
1130 4044 1275 4136 linguam
1302 4043 1495 4116 Nestoriani
1520 4045 1724 4116 retinuerint.

799 4159 927 4232 Eadem
952 4164 1081 4232 ratione
1107 4164 1141 4231 in
1167 4161 1329 4256 Aegypto
1356 4170 1496 4254 utraque
1521 4159 1634 4251 lingua
1667 4159 1773 4232 officia
1800 4156 2067 4248 celebrabantur,

698 4277 831 4350 Graece
865 4299 951 4372 quae
984 4275 1215 4348 Alexandriae
1255 4285 1290 4348 et
1321 4279 1355 4347 in
1388 4274 1537 4346 inferiori
1567 4276 1743 4370 provincia
1773 4277 1954 4346 communis
1985 4275 2067 4348 usds

698 4404 788 4484 enat,
814 4404 848 4466 et
873 4395 1105 4490 Aegyptiaca,
1134 4414 1221 4488 quae
1246 4391 1334 4465 alibi·
1351 4393 1477 4488 passim
1511 4389 1669 4485 rigebat,
1701 4390 1792 4486 quod
1825 4375 1906 4465 solo
1931 4391 2069 4464 Antonii

697 4508 855 4604 exemplo
882 4509 1137 4582 demonstratur.
1173 4508 1296 4581 Graeci
1322 4511 1487 4582 sermonis
1514 4517 1588 4580 erat
1613 4509 1769 4600 ignarus,
1796 4509 1949 4603 quamvis
1975 4506 2067 4578 lihe-

697 4625 812 4698 raliter
837 4625 1012 4699 educabis:
1046 4635 1079 4698 et
1104 4629 1138 4698 in
1163 4625 1318 4700 Ecclesia
1345 4647 1420 4697 cum
1452 4624 1627 4698 audiisset:
1669 4621 1780 4711 Vade,
1814 4623 1923 4695 cende
1954 4627 2068 4695 omniu

697 4765 787 4836 pane
811 4741 935 4834 habea,
962 4743 1057 4836 quasi
1083 4739 1147 4814 sibi
1175 4740 1239 4816 soli
1266 4741 1366 4832 diota,
1393 4744 1501 4815 statim
1527 4750 1706 4814 exsecutus
1733 4748 1795 4812 est.
1848 4737 1942 4810 Haec
1967 4741 2067 4832 igitur

696 4857 805 4930 verba
830 4859 1044 4954 Aegyptiace
1071 4857 1286 4950 legebantur:
1322 4867 1421 4954 atque
1448 4857 1568 4930 eadem'
1590 4857 1704 4950 lingna
1729 4855 1880 4949 Liturgia
1908 4854 2066 4928 celebra-

695 4975 802 5048 batur.
858 4974 956 5061 Quod
982 4977 1069 5047 enim
1096 4983 1174 5073 post
1205 4975 1349 5050 schisma
1374 4973 1685 5073 Monophysitanum
1718 4981 1885 5048 semaam
1918 4982 1972 5045 est
2005 4995 2067 5068 pen

696 5101 799 5164 totam
824 5091 1039 5187 Aegyptum,
1073 5103 1108 5164 ut
1140 5113 1250 5220 sacre¹
1273 5093 1380 5178 officia
1413 5093 1525 5166 omnia
1557 5093 1772 5190 Aegyptiace
1804 5088 2064 5182 celebrarentur,
