4686 6060
646 560 721 633 366
1019 555 1634 635 DEPdTRlllRGIId.

643 743 859 838 rejiciebatur
885 742 1088 832 candidatus,
1116 742 1267 839 aliusque
1292 725 1337 818 ab
1364 742 1561 840 EpIscopis,
1595 755 1651 815 aut
1677 744 1719 816 ab
1748 743 1937 816 alterutrim
1965 747 2022 816 oi-

644 862 757 932 vitatis
782 858 1002 932 nobilioribus
1034 869 1297 954 proponeretur,
1332 857 1451 954 repelli
1484 879 1615 954 quaque
1648 859 1689 930 ab
1717 859 1800 948 illis,
1834 862 1889 954 qui
1923 858 2021 932 alium

610 1009 613 1014 =
644 978 910 1060 nominaverant,
936 981 1076 1069 poterat.
1105 971 1224 1044 Clarus
1252 984 1286 1044 et
1310 973 1472 1070 Episcopi
1499 978 1663 1046 neminem
1685 974 1931 1069 proponebant,
1958 977 2021 1048 nisi

643 1097 818 1184 postquam
854 1089 927 1179 ille,
956 1092 1010 1184 qui
1036 1093 1176 1184 primum
1204 1092 1372 1185 expetitus
1401 1112 1420 1160 a
1446 1089 1572 1185 populo
1597 1089 1724 1177 luerat,
1756 1087 1926 1185 repulsam
1961 1100 2019 1162 tu-

642 1204 747 1278 lisset.

361 1326 554 1380 conveniebant
580 1327 630 1380 an·
747 1318 888 1393 XXXV.
915 1317 1105 1414 Aliquando
1132 1317 1256 1391 Iactum
1282 1318 1438 1411 legimus,
1465 1331 1501 1392 ut
1526 1343 1637 1414 neque
1662 1319 1924 1410 Alexandriam,
1950 1342 2020 1392 ne-

319 1415 421 1513 IJ¹¹¹¹d⁰
444 1413 477 1465 “¹
497 1415 523 1467 ⁵·
541 1413 628 1528 naca—
642 1459 707 1533 que
734 1433 889 1507 Cabirum
917 1438 1148 1525 convenirent,
1175 1435 1235 1506 sed
1263 1434 1305 1506 ad
1332 1436 1572 1509 Monasterium
1599 1435 1640 1506 D.
1660 1434 1800 1506 Macarii
1827 1433 1869 1504 ad
1895 1435 2019 1509 vallem

317 1517 391 1553 num.
640 1550 763 1640 Habib,
790 1560 827 1621 nt
852 1550 975 1622 lactum
1002 1560 1054 1622 est
1081 1549 1123 1620 ad
1150 1549 1348 1622 electionem
1375 1549 1494 1646 cyrilli
1508 1550 1643 1622 LXVII
1675 1561 1709 1622 et
1734 1548 1874 1622 Macarii
1898 1552 2019 1626 LXIX.

640 1669 771 1764 Nempe
798 1670 874 1762 quia
897 1669 968 1759 jam
994 1688 1015 1736 a
1041 1666 1149 1737 multis
1176 1663 1319 1738 saeculis
1347 1665 1458 1738 solent
1483 1665 1562 1758 eligi
1587 1664 1802 1738 Patriarcbae
1828 1689 1875 1738 ex
1902 1668 2018 1740 ordine

640 1783 848 1856 Monostico:
889 1782 1015 1854 idcirco
1049 1783 1177 1876 quoties
1210 1802 1278 1853 non
1312 1784 1393 1856 satis
1428 1781 1517 1878 apud
1548 1803 1587 1854 se
1620 1793 1687 1854 tam
1718 1781 1881 1877 Episcopi
1917 1807 2015 1879 quarn

639 1901 736 1972 Laici
760 1898 893 1973 nobiles
920 1900 1170 1986 constituerant,
1197 1899 1270 1991 qrris
1297 1918 1454 1991 supremo
1481 1895 1537 1970 illo
1564 1894 1692 1970 honore
1725 1895 1843 1988 dignus
1871 1897 2013 1970 videre-

639 2027 704 2106 tur,
733 2015 775 2087 ad
801 2017 874 2111 ipsa
900 2013 1104 2085 Monasteria
1130 2012 1298 2107 proficisci
1330 2014 1488 2108 optimum
1519 2011 1609 2085 factu
1641 2005 1840 2100 videbatur,¹
1867 2022 1902 2084 ut
1936 2035 2009 2103 eos,

640 2134 695 2225 qui
722 2131 803 2227 ipsis
831 2126 1147 2200 commendabantur
1173 2126 1349 2200 multorum
1376 2130 1593 2219 testimoniis,
1626 2137 1765 2225 possent
1799 2149 1860 2222 per
1887 2132 2015 2224 seipsi

639 2265 863 2338 cognoscere,
890 2252 924 2314 et
949 2242 991 2314 de
1018 2264 1134 2315 eornm
1160 2242 1236 2332 bde,
1264 2242 1423 2332 moribus,
1449 2253 1484 2315 et
1509 2246 1609 2314 animi
1636 2241 1777 2330 dotibus,
1804 2264 1866 2338 per
1891 2243 2015 2337 Ilegu-

639 2381 757 2432 menos
791 2369 824 2431 ιι
856 2358 1043 2432 blonacbos
1075 2356 1193 2453 qulbus
1226 2362 1393 2454 perspecti
1427 2381 1506 2431 esse
1539 2357 1721 2446 debebant,
1756 2367 1883 2430 certam
1918 2361 2014 2432 rela-

639 2479 763 2548 tionem
791 2473 927 2547 habere.

345 2600 411 2694 ,ιιοε
428 2600 461 2652 ιι
476 2599 628 2652 bonnaria
743 2589 902 2662 XXXVI.
930 2589 1035 2661 bloris
1061 2589 1147 2661 illius
1175 2587 1217 2658 ad
1243 2588 1448 2660 Monasteria
1475 2589 1635 2677 mittendi,
1663 2599 1720 2662 aut
1737 2595 1836 2661 etiam
1864 2613 1906 2662 eo
1926 2614 2013 2687 pro-

318 2683 441 2736 ¹¹¹¹“²¹¹‘¹³·
640 2704 821 2792 balscendi,
853 2707 1076 2777 testimonium
1103 2706 1272 2776 continent
1306 2703 1479 2799 Epistulae
1506 2703 1714 2800 SystatIcae,
1750 2705 1791 2777 de
1825 2727 2014 2779 consecra-

641 2826 731 2894 tione
758 2822 840 2891 novi
867 2818 1094 2908 Patriarcbae‚
1120 2823 1153 2890 in
1181 2817 1299 2914 qulbus
1326 2823 1373 2891 ita
1399 2820 1529 2912 legitur.
1556 2821 1649 2891 Mitti
1674 2824 1779 2916 igitar
1806 2821 2014 2894 decrevimus

640 2937 688 3006 ad
713 2935 852 3007 decerta
876 2942 1000 3006 concta
1024 2941 1148 3006 concta
1174 2933 1300 3023 Sectis,
1328 2957 1416 3029 quoe
1441 2941 1519 3008 sont
1545 2937 1593 3006 od
1616 2944 1760 3008 montem
1775 2937 1927 3025 Nitriae,
1954 2939 2013 3009 di-

640 3052 878 3147 liqentiomqne
905 3073 1033 3122 omnent
1059 3049 1271 3120 adbibac'mue
1296 3051 1344 3120 ad
1375 3052 1658 3143 cognoscendum,
1693 3056 1767 3146 quie
1797 3075 1921 3123 commo
1955 3053 2013 3126 illo

635 3170 843 3260 pontificato
873 3165 993 3260 diqnuc
1024 3169 1120 3260 foret
1145 3220 1153 3236 .
1182 3219 1189 3234 .
1217 3220 1225 3235 .
1258 3165 1303 3237 Et
1340 3165 1441 3263 paulo
1475 3177 1562 3262 post.
1603 3167 1685 3238 Tum
1716 3166 1794 3238 Deo
1834 3168 2013 3264 diapente,

639 3282 756 3352 oeulos
781 3288 918 3353 nostroe
945 3285 1169 3353 convertimur
1194 3285 1230 3351 in
1256 3281 1334 3352 Deo
1362 3281 1516 3352 deuotam
1541 3283 1754 3355 sacerdotem
1773 3289 1807 3354 et
1830 3287 2014 3376 piissimum

638 3396 852 3484 Meneclem,
879 3396 1089 3467 dubitantem
1114 3400 1151 3466 in
1187 3395 1316 3467 celebri
1343 3397 1464 3468 Lauro
1496 3397 1617 3470 Putris
1648 3401 1760 3469 corbi
1791 3402 1903 3471 coacti
1928 3401 2013 3472 Me-

639 3515 730 3584 carii
755 3516 791 3582 io
817 3511 924 3582 Secti.
951 3511 1054 3584 Tales
1079 3511 1212 3582 fuerumt
1240 3509 1383 3584 Cosmas
1409 3511 1530 3584 XLIV.
1583 3511 1678 3584 Cbail
1710 3517 1783 3606 ejus
1822 3535 2013 3607 successor,

638 3635 717 3723 post
743 3625 975 3716 Theodorum,
1002 3626 1144 3700 bleonus
1171 3625 1306 3699 XLVII.
1334 3626 1482 3717 Marcus,
1515 3625 1677 3717 lacobus,
1702 3628 1881 3726 Iosephus,
1922 3630 2014 3704 Cbail

639 3743 724 3816 alter
749 3743 834 3815 LlII.
862 3742 1012 3836 ejusdcm
1038 3744 1234 3816 Monasterii
1259 3741 1538 3834 Archimandrita,
1566 3742 1709 3818 Cosmus
1722 3749 1795 3839 ejus
1822 3767 2013 3836 successor,

594 3863 598 3870 “
638 3856 774 3929 Sennda
786 3855 859 3929 LV.
887 3856 1101 3930 Oeconomns
1129 3857 1278 3952 ejusdem
1297 3856 1486 3948 Ecclesiae,
1513 3857 1702 3932 Pbilotbeus
1735 3860 1854 3933 LXIII.
1882 3871 1916 3933 ιι
1948 3861 2011 3934 alii.

638 3974 688 4045 lta
715 3972 803 4068 quod
830 3974 921 4045 initi0
948 3971 1071 4045 lactum
1097 3973 1206 4046 brerat
1232 3972 1359 4068 absque
1384 3972 1450 4046 ulla
1478 3983 1570 4046 certa
1597 3974 1687 4067 lege,
1713 3979 1842 4049 transiit
1869 3976 2011 4070 quodam

638 4087 740 4162 modo
766 4091 801 4158 in
825 4110 897 4160 rem
920 4087 1112 4181 judicatam,
1140 4088 1303 4184 adeoque,
1331 4097 1486 4184 quantum
1513 4111 1559 4161 ex
1574 4093 1724 4164 virorum
1745 4090 1810 4163 lide
1837 4091 2010 4185 dignorum

637 4201 853 4278 relationibus
880 4205 957 4276 sarr
984 4215 1107 4299 potest,
1134 4204 1254 4277 dudum
1289 4215 1341 4276 ιιι
1373 4226 1419 4275 ex
1452 4227 1518 4300 quo
1548 4204 1656 4278 nullus
1682 4205 1875 4279 Patriarcba
1909 4207 2012 4300 eligi-
2044 4245 2052 4264 ·

637 4327 709 4407 tur,
741 4322 806 4392 nisi
841 4339 886 4390 ex
913 4318 1101 4393 Monastico
1131 4319 1264 4408 ordine,
1298 4303 1564 4416 praesertimque
1595 4342 1641 4392 ex
1673 4320 1900 4411 ilionasteriis,
1926 4343 2011 4416 quae

637 4431 744 4505 adbuc
770 4443 934 4508 vocantur
961 4435 1128 4508 desertum
1154 4435 1191 4508 S.
1218 4435 1366 4507 Macarii.

379 4565 519 4634 nnerprrna
537 4565 624 4623 comr-
740 4548 915 4622 XXXVII.
941 4543 1068 4622 Verum
1095 4559 1272 4646 antequam
1297 4548 1433 4621 ulterius
1448 4547 1714 4643 progrediamur,
1742 4548 1929 4624 observare
1944 4573 2010 4624 ne-

349 4653 441 4750 ¹f⁰⁰¹¹¹¹
463 4651 737 4737 Pa'¹1¹¹¹⁰¹¹*¹·eesse
764 4675 834 4757 est,
867 4686 954 4759 quae
989 4663 1207 4739 comitiorum
1239 4663 1370 4739 illorum
1404 4661 1873 4763 ramarchanum-dtscqnna
1904 4666 2011 4740 brerit.
2099 4753 2103 4758 ,

348 4736 419 4789 ’Μ’
636 4777 816 4870 Postquam
848 4778 1042 4860 Patriarcba
1075 4779 1327 4855 Alexandrinus
1359 4778 1447 4850 diem
1481 4801 1574 4852 suum
1602 4777 1752 4874 obierat,
1778 4793 1815 4854 ut
1840 4804 1914 4856 mos
1940 4792 2013 4854 erat

638 4895 783 4963 omnium
809 4891 1046 4983 Ecclesinrum‚
1075 4898 1129 4991 qui
1154 4897 1259 4993 ipsius
1286 4894 1435 4990 Syncelli
1461 4893 1604 4984 fuerant,
1631 4905 1665 4967 et
1682 4900 1863 4992 praecipue
1890 4919 2011 4970 secre-

636 5008 731 5098 tarii,
765 5005 878 5082 literas
906 5008 948 5080 ad
973 5008 1177 5108 Episcopos,
1203 5012 1426 5100 Monasteria,
1461 5019 1495 5082 ιι
1520 5012 1719 5106 praecipuos
1745 5012 1869 5085 Laicos
1896 5015 2011 5084 mitte-
