4736 6064
671 674 748 750 508
1049 669 1667 748 obscurationes

542 905 550 931 ,
671 878 739 923 cum
763 875 829 920 cam
851 855 882 916 in
903 852 1154 918 scholasticorum
1177 853 1290 934 aliquot
1313 853 1397 916 libris
1420 853 1557 935 legisset,
1581 872 1640 916 occ
1664 853 1743 918 illam
1766 853 1903 937 neglexit
1924 853 2042 918 Ludol-

670 958 729 1035 fus,
752 956 839 1038 quasi
861 953 963 1017 verbis
986 952 1044 1016 illis
1064 952 1287 1036 significaretur
1309 953 1397 1014 etiam
1421 953 1654 1016 consecratione
1668 952 1816 1034 perlecta,
1839 971 1947 1035 panem
1962 970 2043 1032 esse,

670 1058 701 1122 id
731 1056 813 1138 quod
841 1056 872 1117 in
902 1054 988 1117 altari
1018 1051 1161 1133 offertur,
1191 1060 1280 1134 atquc
1309 1050 1385 1116 adeo
1413 1069 1474 1114 non
1502 1069 1573 1116 csse
1604 1069 1679 1115 vere
1714 1059 1745 1115 ct
1772 1051 1897 1116 realiter
1924 1051 2044 1148 Corpus

672 1157 794 1222 Christi.
840 1155 952 1219 Verum
976 1154 1014 1218 ad
1037 1153 1267 1236 comparandam
1289 1151 1442 1216 levissimo
1472 1151 1543 1214 huic
1566 1157 1745 1234 argumento
1767 1153 1974 1231 autoritatem,
2002 1153 2044 1214 ita

550 1320 554 1326 .
670 1266 705 1322 ut
727 1257 808 1339 quod
829 1255 1004 1318 Albertinus
1023 1254 1131 1336 jactat,
1152 1260 1279 1334 possent
1309 1271 1346 1316 co
1369 1252 1436 1316 solo
1459 1250 1573 1316 lundon
1594 1252 1803 1314 Protestantes
1830 1251 1869 1315 dc
1891 1269 2045 1316 consensu

672 1359 802 1424 omnium
824 1354 1029 1418 Ecclesiarum
1051 1371 1154 1416 secum
1172 1353 1242 1434 jure
1265 1351 1403 1434 gloriari,
1420 1351 1481 1414 duo
1495 1351 1580 1433 prius
1594 1349 1727 1431 probare
1750 1350 1921 1433 oportebat.
1945 1351 2044 1416 Primo

670 1457 730 1520 illis
754 1455 871 1520 verbis:
894 1453 952 1516 Hic
970 1453 1063 1532 pond
1084 1461 1130 1515 est
1151 1471 1261 1532 corpses
1279 1470 1386 1526 meam,
1409 1449 1574 1531 significari
1595 1449 1626 1513 id
1647 1448 1728 1529 quod
1750 1451 1937 1512 existimant:
1959 1450 2047 1513 scili-

671 1565 722 1620 cct
744 1572 851 1636 panem
876 1553 978 1616 verbis
1001 1551 1164 1615 Dominicis
1188 1556 1408 1630 consecratum,
1432 1550 1462 1610 in
1484 1550 1581 1630 prima
1595 1566 1649 1612 sua
1662 1556 1769 1612 natura
1784 1565 1959 1612 remanere:
1982 1557 2045 1612 tum

669 1655 839 1733 Aethiopes
869 1651 976 1716 eadem
1001 1651 1043 1713 ita
1073 1649 1257 1731 intelligere:
1294 1670 1371 1733 quae
1404 1654 1431 1716 si
1459 1653 1636 1735 probentur,
1666 1651 1746 1732 quod
1773 1649 1958 1734 impossibile
1986 1655 2044 1726 est,

671 1760 814 1836 superest
845 1759 877 1814 ut
907 1751 1148 1829 demonstretur,
1184 1751 1357 1815 universam
1389 1751 1558 1816 Ecclesiam
1594 1749 1778 1815 orientalem
1806 1753 1836 1812 in
1863 1748 2049 1828 Aethiopica

672 1854 830 1929 contineri,
853 1858 885 1914 et
907 1851 946 1914 ab
968 1869 1005 1912 ca
1028 1850 1185 1930 accepisse
1207 1848 1332 1912 formam
1351 1850 1506 1927 credendi,
1529 1851 1690 1932 legemque
1711 1848 1909 1931 supplicandi.
1931 1847 2045 1910 Verum

671 1953 700 2018 id
725 1951 855 2015 sortasse
878 1948 996 2028 luisset,
1019 1948 1109 2013 modo
1130 1947 1339 2030 Aethiopicam
1361 1949 1544 2030 Ecclesiam,
1572 1948 1691 2029 qualem
1712 1947 1792 2011 illam
1814 1948 1901 2011 nobis
1924 1945 2047 2011 descri-

669 2052 715 2114 bit
735 2049 892 2127 Ludollus,
914 2066 1010 2129 purae
1033 2047 1075 2110 illi
1097 2045 1295 2127 Apostolicae
1319 2067 1407 2128 quam
1429 2049 1605 2112 simdlimam
1627 2065 1698 2110 esse
1722 2054 1885 2110 constaret.
1918 2045 1953 2109 ld
1975 2045 2047 2127 qui-

672 2150 741 2214 dem
770 2168 805 2212 sc
832 2149 946 2212 vidisse
972 2147 1107 2228 putarit,
1136 2154 1168 2208 et
1197 2147 1359 2210 inculcavit
1388 2149 1523 2228 saepius,
1552 2163 1719 2227 verumque
1752 2147 1826 2224 erit,
1861 2162 1927 2208 cum
1955 2146 2046 2210 unius

670 2256 798 2313 naturae
820 2247 974 2324 haeresin,
995 2233 1227 2326 superstitiones
1250 2245 1392 2322 iudaicus
1419 2247 1537 2325 multos,
1560 2244 1778 2327 polygamiam,
1805 2245 1958 2327 multaque
1989 2244 2047 2308 aba

670 2346 853 2430 hujusmodi,
874 2345 998 2427 puritati
1021 2343 1090 2407 ndei
1124 2342 1362 2426 disciplinaeque
1382 2344 1580 2427 Apostolicae
1601 2344 1719 2407 inimica
1741 2361 1803 2407 non
1826 2362 1907 2424 esse,
1929 2343 2046 2424 proba-

670 2447 750 2510 verit
773 2444 881 2525 aliquis
911 2445 978 2525 ejus
1006 2441 1183 2524 discipulus.
1232 2442 1345 2508 Demus
1375 2444 1416 2507 ita
1443 2444 1568 2523 lactum,
1598 2444 1657 2506 erit
1690 2442 1787 2507 adbuc
1815 2441 2046 2523 ostendendum,

672 2563 731 2625 qua
752 2545 872 2607 ratione
894 2542 1061 2623 Aethiopes
1075 2541 1309 2606 Alexandrinam
1322 2543 1501 2622 Ecclesiam,
1524 2561 1616 2624 aqua
1638 2541 1748 2605 dudum
1770 2543 1913 2622 pendent,
1937 2541 2047 2624 Syria-

672 2663 724 2708 cas
747 2662 869 2725 quoque
891 2641 1155 2718 tamlacobiticas,
1179 2660 1267 2723 quam
1281 2642 1477 2708 Nestorianas
1499 2641 1558 2705 side
1581 2649 1612 2705 et
1633 2641 1766 2705 moribus
1790 2643 1853 2706 suis
1875 2641 2045 2721 inrbucrint,

671 2759 732 2823 quo
754 2741 827 2804 nihil
851 2727 1021 2808 absurdius.
1910 2731 1914 2738 ’

759 2840 924 2902 Praeterea
946 2841 976 2901 in
998 2838 1057 2901 illis
1079 2838 1194 2916 verbis,
1217 2838 1274 2901 llic
1293 2843 1386 2920 panis
1407 2849 1454 2904 est
1473 2839 1591 2920 Corpus
1610 2860 1726 2903 menm:
1748 2859 1815 2903 oum
1827 2841 2047 2922 pronunciatur

671 2938 767 3019 prima
790 2937 860 3015 duo,
883 2955 991 3019 panem
1013 2938 1044 3000 id
1067 2954 1137 3000 csse
1154 2937 1324 3018 quoderat,
1347 2939 1426 3004 ultro
1440 2941 1648 3024 agnoscimus:
1672 2957 1739 3002 curn
1762 2947 1824 3004 tota
1847 2940 1945 3002 oratio
1967 2958 2046 3021 pro-

671 3037 732 3100 lata
755 3044 818 3116 est,
841 3035 1018 3118 simpliciter
1044 3035 1255 3120 bttclbgimus,
1282 3037 1313 3101 id
1343 3039 1424 3118 quod
1453 3041 1540 3120 panis
1569 3047 1651 3115 erat,
1681 3057 1753 3102 esse
1781 3057 1894 3120 corpus
1925 3038 2046 3103 Christi.

671 3137 739 3200 Non
763 3142 848 3198 recte
869 3135 982 3198 fecisse
1004 3135 1144 3199 videntur
1166 3137 1345 3218 quicumque
1372 3137 1531 3202 additionis
1553 3137 1716 3201 verborum
1738 3137 1795 3200 llic
1812 3141 1917 3219 ponis,
1940 3146 2046 3201 cootm

671 3235 856 3316 reliquarum
884 3234 1090 3297 Ecclesiarmn
1118 3234 1322 3316 disciplinam,
1359 3236 1585 3300 Alexandrinae
1619 3238 1799 3318 praesertim
1838 3239 1887 3300 cui
1917 3236 2046 3319 subiecti

672 3341 769 3412 erant,
793 3342 915 3396 autores
939 3332 1074 3397 luerunt:
1105 3353 1161 3415 per
1190 3332 1270 3396 illam
1299 3343 1399 3399 tameo
1422 3337 1574 3417 corrumpi
1596 3337 1717 3416 penitus
1745 3337 1804 3397 vim
1832 3336 1944 3400 Christi
1971 3352 2046 3399 ver-

671 3434 790 3510 borum,
813 3431 985 3514 ellectuque
1004 3450 1061 3496 suo
1081 3432 1131 3495 illa
1146 3433 1281 3514 spoliari,
1303 3451 1364 3496 non
1380 3434 1457 3498 adeo
1472 3442 1588 3498 eertum
1609 3443 1668 3515 est,
1690 3442 1723 3497 ut
1745 3436 1848 3498 uocari
1870 3436 1901 3498 in
1924 3434 2045 3498 dubium
2159 3451 2165 3461 ·

672 3538 814 3613 nequeat.

760 3627 948 3692 Probandum
971 3629 1064 3711 igitur
1084 3627 1243 3694 Albcrtino
1273 3638 1304 3694 et
1325 3628 1452 3696 Ludollo
1475 3630 1544 3694 luit:
1573 3630 1741 3713 Aethiopes
1771 3652 1839 3696 cum
1860 3633 1892 3695 in
1913 3650 1968 3696 sua
1990 3633 2046 3696 Li-

673 3729 773 3811 turgia
796 3727 912 3805 dicunt,
943 3726 1001 3790 Hic
1019 3730 1112 3807 ponis
1134 3736 1180 3790 cst
1201 3727 1319 3808 Corpus
1346 3748 1459 3806 mcum,
1487 3730 1633 3810 eredere,
1664 3732 1742 3794 istud
1771 3732 1853 3813 quod
1882 3739 1986 3796 tenent
2014 3741 2045 3795 ct

672 3828 787 3906 uident,
810 3843 917 3908 panem
941 3825 1038 3889 adhuc
1061 3845 1142 3906 csse,
1166 3845 1228 3891 non
1244 3846 1361 3910 corpus
1386 3828 1507 3891 Christi.
1536 3828 1578 3891 At
1599 3828 1642 3892 illi
1664 3848 1746 3893 suam
1769 3832 1828 3912 ipsi
1848 3832 1948 3895 statim
1969 3849 2045 3895 sen-

671 3929 792 3990 tentiam
816 3925 978 4006 explicant,
1002 3943 1069 3989 cum
1092 3933 1160 4007 post
1182 3927 1382 4007 pronunciata
1408 3945 1496 3991 sacra
1514 3927 1608 3992 verba
1626 3929 1917 4012 inclamatpopulus.
1939 3931 2045 4010 Amara,

671 4026 777 4100 Amen,
798 4024 904 4088 Amen.
935 4023 1092 4087 Credimus
1113 4034 1143 4087 et
1164 4028 1241 4088 certi
1260 4045 1373 4103 samm,
1396 4035 1426 4090 ct
1446 4028 1606 4090 hadamar
1628 4037 1657 4090 tc
1677 4028 1805 4092 Domine
1826 4029 1909 4092 Dente
1930 4038 2045 4094 noster:

671 4127 729 4188 hoc
750 4143 823 4186 cere
845 4130 891 4184 cst
912 4142 1023 4204 corpus
1045 4131 1135 4190 mum.
1180 4124 1286 4206 Neque
1308 4124 1421 4203 dicunt,
1444 4129 1595 4190 credimus
1616 4129 1695 4191 hanc
1713 4147 1824 4208 ponmn
1845 4147 1911 4190 esse
1933 4148 2045 4210 corpora

672 4230 764 4285 taum
808 4222 944 4286 Doccaot
967 4241 1024 4286 nos
1047 4223 1099 4305 qui
1121 4223 1289 4286 Ecclesiam
1306 4222 1489 4288 Catholicam
1512 4227 1697 4308 impugnant,
1720 4245 1780 4290 non
1802 4227 1873 4308 quid
1886 4227 2043 4292 Ecclesiae

673 4320 857 4400 Orientales,
880 4329 910 4384 et
939 4323 1007 4404 ipsa
1037 4322 1075 4386 de
1104 4341 1162 4404 qua
1191 4323 1308 4407 agimus
1335 4323 1515 4406 Aethiopica
1542 4325 1581 4388 de
1613 4326 1807 4390 sacramento
1837 4326 2044 4392 Eucharistiae

672 4419 814 4495 credant,
843 4419 898 4483 sed
927 4439 982 4484 cur
1010 4420 1186 4486 Albertinus
1217 4423 1265 4486 vir
1293 4423 1425 4487 infinitae
1454 4423 1609 4502 lectionis,
1638 4425 1844 4509 Ludollusquc
1866 4443 1884 4490 a
1907 4443 1985 4507 quo,
2012 4433 2045 4488 ut

671 4518 778 4583 Lexici
800 4527 907 4583 autore
930 4529 1071 4584 accurato
1094 4529 1125 4586 et
1154 4522 1298 4605 diligente
1327 4522 1470 4606 quidquid
1492 4523 1672 4606 Aethiopiae
1696 4524 1806 4588 editum
1829 4533 1888 4604 cst,
1909 4523 2045 4606 syllaba-

671 4620 724 4681 tim
747 4618 857 4682 lcctum
880 4617 946 4698 luit,
968 4619 1054 4682 istius
1077 4622 1222 4686 orationis
1251 4623 1432 4686 mentionem
1455 4622 1565 4686 nullam
1586 4621 1725 4700 iecerint,
1748 4641 1826 4704 quae
1850 4623 2046 4706 ambiguitate

672 4719 753 4780 omni
776 4719 881 4781 caret?
904 4716 1128 4784 Calumniamoe
1152 4720 1327 4784 doctoribus
1357 4723 1421 4785 suis
1441 4721 1565 4806 impingi
1588 4721 1707 4802 dicent,
1739 4740 1806 4786 cum
1835 4722 1942 4786 malam
1970 4724 2045 4806 ipsis

671 4817 761 4880 fidem
784 4817 1059 4899 exprobrabimus?
1095 4818 1126 4884 Si
1149 4820 1187 4884 de
1211 4819 1267 4885 bae
1291 4822 1428 4885 oratione
1451 4819 1640 4901 dubitabant,
1669 4820 1760 4885 facile
1787 4831 1854 4886 erat
1881 4841 1948 4888 eam
1977 4842 2045 4888 cum

673 4913 800 4994 Coptica
824 4934 1013 4998 comparare,
1044 4925 1135 5000 atque
1163 4938 1204 4981 ex
1225 4919 1276 4983 illa
1304 4920 1529 5001 comparatione
1556 4922 1701 4986 autoritas
1732 4924 1798 5006 ejus
1828 4921 2044 4989 stabiliebatur.

674 5011 802 5092 Scimus,
826 5031 883 5076 nec
907 5014 944 5077 ab
967 5017 1042 5097 ipsis
1065 5016 1233 5095 didicimus,
1255 5019 1384 5101 aliquam
1413 5017 1451 5081 de
1473 5018 1553 5083 illius
1576 5021 1679 5084 brevis
1702 5021 1903 5086 confessionis
1926 5021 2047 5105 signiti-

674 5118 742 5174 catu
766 5113 881 5175 moveri
903 5131 996 5195 possa
1019 5118 1236 5198 quaestionem,
1260 5126 1290 5184 et
1312 5117 1392 5180 illam
1413 5117 1444 5182 in
1461 5116 1685 5184 Commentario
1707 5120 1745 5184 ad
1757 5119 1860 5186 Basilii
1879 5120 2046 5204 liturgiam
