4686 6060
660 627 736 700 360
1041 621 1644 700 DEPATRIARCHA

658 835 737 886 num
762 813 985 904 interpretes,
1012 832 1055 882 eo
1082 832 1184 882 sensu
1211 833 1308 904 quem
1335 809 1436 885 babet
1462 808 1548 906 apud
1565 819 1700 882 autores
1715 831 1832 882 omnes
1855 809 2031 884 Ecclesiu-

660 932 775 1015 sticos,
802 949 864 1023 pro
893 925 1119 998 Ordinatione.
1178 925 1305 996 Verum
1336 930 1542 998 commrmior
1561 929 1696 997 omnino
1720 947 1800 996 usus
1824 925 1912 997 illius
1939 931 2030 1000 vocis

660 1048 769 1116 estin
798 1042 932 1114 diversa
958 1040 1057 1136 plane
1084 1041 1345 1132 significatione,
1379 1063 1500 1136 nempe
1532 1040 1730 1130 Simonide,
1761 1045 1836 1112 sive
1868 1046 2030 1137 pecnnia-

660 1182 751 1249 rum,
779 1167 834 1229 aut
860 1179 1031 1230 muuemm
1059 1161 1237 1228 exactione
1263 1179 1325 1250 pro
1344 1154 1617 1230 ordinationibus.
1669 1155 1720 1228 Ea
1736 1158 1934 1251 acceptione
1960 1155 2032 1228 ire-

660 1283 799 1372 queuter
825 1275 989 1369 reperitur
1016 1275 1049 1344 in
1075 1271 1223 1344 Historia
1242 1272 1456 1362 Saracenica,
1483 1294 1547 1344 nec
1573 1293 1647 1343 eam
1675 1275 1840 1366 interpres
1865 1271 2034 1344 intellexit

659 1390 797 1462 Frustra
832 1412 917 1482 ergo
948 1389 1178 1462 laboratorio
1211 1387 1296 1460 illins
1332 1391 1429 1482 vocis
1465 1386 1672 1484 etymologia
1706 1385 1926 1481 explicanda,
1962 1411 2034 1460 cum

658 1529 731 1578 rem
758 1509 881 1603 ipsam,
909 1505 951 1576 de
978 1527 1042 1601 qua
1070 1505 1195 1596 agitas,
1222 1515 1404 1576 teneamus.
1458 1504 1589 1598 Quippe
1616 1513 1743 1574 certum
1770 1512 1884 1576 estex
1902 1503 2037 1576 Severo

658 1621 830 1718 Episcopo
856 1620 1062 1696 Ascbmonin
1089 1619 1229 1714 aliisque
1256 1619 1444 1709 autoribus,
1471 1641 1636 1715 nunquam
1663 1620 1860 1693 electionem
1881 1620 2037 1692 Patriar-

660 1738 796 1810 charum
821 1737 1124 1810 Alexandrinomm
1159 1737 1202 1808 ad
1237 1735 1329 1810 solos
1361 1735 1602 1832 PresbyteroS,
1639 1739 1835 1830 praesertim
1863 1734 2040 1808 duodenos

660 1855 756 1942 illos,
793 1877 878 1950 quos
912 1877 932 1923 a
965 1853 1083 1926 lllarco
1118 1857 1284 1925 institutos
1317 1853 1450 1942 volunt,
1477 1855 1695 1947 pertinuisse,
1723 1851 1801 1942 sed,
1829 1861 1865 1923 ut
1899 1849 2040 1945 ubique,

660 1968 705 2042 ad
731 1969 882 2065 plebem,
910 1970 1061 2058 Clerom,
1089 1979 1123 2040 et
1148 1968 1349 2064 Episcopus.
1402 1967 1521 2062 Neque
1547 1967 1581 2040 id
1607 1968 1714 2039 solum
1742 1968 1888 2063 probant
1914 1967 2040 2040 Histo-

660 2085 732 2156 riae
758 2084 1065 2158 Alexandrinorum
1090 2083 1336 2172 Jacobitarmn,
1364 2083 1426 2156 sed
1452 2083 1609 2158 Oanones
1637 2087 1761 2178 antiqui
1777 2094 1810 2156 et
1828 2086 2041 2156 recentiores

662 2199 704 2272 ab
745 2202 926 2297 Aegyptiis
969 2199 1119 2290 collecti,
1158 2201 1356 2296 praesertim
1390 2199 1620 2286 Echmimensi
1655 2210 1695 2280 et¹
1722 2198 1933 2274 Ebnassalo:
1970 2209 2039 2270 tum

662 2318 763 2388 etiam
790 2317 1016 2391 Collectiones
1044 2316 1130 2389 aliae
1164 2320 1301 2389 minoris
1332 2320 1449 2411 pretii,
1482 2316 1543 2388 sed
1574 2338 1640 2388 uon
1676 2316 1816 2388 levioris
1853 2315 1941 2412 apud
1977 2333 2042 2386 eos

663 2435 856 2504 autoritatis.
910 2432 994 2505 Eam
1020 2454 1124 2529 porro
1153 2432 1357 2530 disciplinam
1385 2433 1551 2505 stabiliunt
1583 2455 1630 2503 ex
1657 2431 1832 2505 Canonum
1856 2429 2041 2527 Apostoli-

662 2570 777 2619 corum
810 2558 844 2618 et
877 2547 1156 2621 Clementinarum
1191 2547 1466 2621 constitutionum
1500 2551 1692 2638 autoritate,
1729 2570 1815 2643 quae
1852 2544 1939 2643 apud
1977 2567 2042 2618 eos

661 2665 862 2738 inconcussa
889 2675 949 2734 est.
1003 2663 1040 2734 Si
1068 2662 1146 2758 quid
1172 2673 1288 2736 contra
1312 2663 1542 2737 Alexandriae
1569 2663 1784 2738 observatum
1806 2662 1942 2755 tusses,
1969 2684 2044 2734 no-

661 2785 763 2851 tatum
789 2777 893 2867 foret,
921 2789 955 2850 et
981 2801 1027 2850 ex
1052 2779 1160 2850 Marci
1185 2777 1431 2871 Evangelistae
1451 2783 1653 2853 institutione
1681 2779 1957 2853 commendatum.

277 2910 281 2918 '
359 2893 448 2996 'outo
484 2901 649 2954 vertumnus
767 2894 890 2966 XXVI.
919 2894 1017 2980 Quod
1044 2916 1128 2987 ergo
1155 2896 1369 2970 verisimilius
1399 2907 1452 2970 est
1477 2896 1519 2968 ad
1546 2900 1854 2992 interpretationem
1866 2894 2038 2992 Eutychii,

337 2982 458 3136 {QZ}
472 2984 650 3126 {amede
662 3033 900 3106 proponemus.
940 3008 1099 3082 Fatemur
1125 3035 1200 3084 eum
1227 3010 1374 3085 fabulam
1399 3012 1442 3084 de
1468 3012 1643 3092 duodecim
1657 3011 1937 3107 Presbyterorum
1949 3011 2043 3084 Col-

626 3113 632 3126 ’
663 3126 754 3218 legio
782 3129 826 3198 ita
852 3125 1079 3216 intellexisse,
1106 3138 1141 3199 ut
1167 3131 1248 3224 ipsis
1277 3128 1422 3220 eligendi
1439 3123 1687 3220 Patriarcbam,
1709 3132 1766 3221 jus
1782 3127 1937 3200 tributum
1954 3149 2043 3198 cre-

665 3241 792 3314 diderit.
846 3243 933 3314 Dum
959 3265 1044 3315 vero
1072 3246 1117 3315 ait
1141 3267 1257 3318 manus
1285 3248 1349 3340 ipsi
1375 3245 1570 3318 sacerdotes
1596 3246 1818 3340 imposuisse,
1844 3242 1924 3314 nibil
1950 3240 2045 3313 aliud

664 3358 884 3450 significatum
910 3360 1036 3448 voluit,
1065 3381 1162 3454 quam
1190 3361 1331 3432 electum
1360 3385 1379 3433 a
1407 3384 1445 3434 se
1473 3361 1701 3450 sacerdotem,
1728 3358 1945 3432 ordinandum
1972 3381 2045 3430 cu-

663 3496 781 3564 rasse,
809 3477 894 3546 sicut
919 3476 952 3547 in
978 3479 1049 3548 vita
1067 3474 1247 3572 Agrippini
1273 3476 1487 3550 Patriarcbas
1513 3478 1556 3550 X.
1582 3476 1724 3568 legimus
1752 3478 1950 3548 conuenisse
1965 3497 2042 3568 po-

658 3590 775 3682 pulum
801 3595 835 3659 ct
860 3613 977 3662 monus
1003 3593 1201 3684 imposuisse
1228 3591 1294 3676 illi,
1323 3599 1426 3686 utque
1452 3592 1541 3664 illum
1561 3593 1775 3664 ordinavisse
1793 3590 2044 3694 Putriqrclronr

664 3711 698 3776 et
724 3710 760 3775 iu
786 3705 868 3776 rede
894 3704 939 3776 D.
966 3706 1081 3777 Murci
1108 3706 1341 3780 collocavisse.
1393 3708 1524 3802 Nempe
1549 3707 1690 3802 populus
1708 3705 1932 3803 proponebat:
1960 3705 2042 3778 sui-

662 3821 772 3913 lragr'a
800 3845 819 3892 a
846 3821 1085 3916 Presbyteris,
1113 3833 1147 3894 et
1172 3821 1349 3919 Episcopis
1377 3820 1675 3897 confirmabantur:
1702 3832 1767 3894 tum
1790 3819 2040 3918 procedebatur

664 3935 707 4009 ad
744 3934 1014 4028 Ordinationem‚
1058 3937 1099 4011 ab
1132 3937 1197 4010 illis
1230 3937 1438 4030 faciendam,
1476 3943 1532 4034 qui
1569 3939 1742 4012 ordinandi
1776 3941 1833 4030 jus
1864 3937 2040 4027 baberent,

545 4091 549 4097 ·
663 4059 791 4148 nempe'
816 4051 1016 4149 Episcopis3
1059 4075 1127 4127 non
1159 4053 1393 4151 Presbyteris,
1435 4054 1537 4127 multo
1574 4058 1680 4128 minus
1715 4055 1839 4128 Laicis.
1902 4054 2041 4129 Certum

664 4171 784 4265 quippe
822 4179 873 4241 est
913 4193 959 4241 ex
998 4173 1202 4264 sequentium
1243 4170 1454 4245 saeculorum
1495 4171 1687 4267 disciplina,
1723 4193 1810 4266 quae
1844 4175 2038 4266 antiquioris

662 4286 844 4380 praecipua
870 4283 1070 4358 lineamenta
1097 4289 1248 4377 retinuit,
1275 4290 1519 4382 impositionem
1544 4305 1697 4359 manuum
1725 4286 1768 4358 ad
1794 4285 1937 4360 dandum
1952 4287 2038 4383 Spi-

662 4403 759 4474 ritum
788 4410 955 4488 sanctum,
982 4410 1249 4497 potestatemque
1275 4403 1400 4494 ligandi
1427 4413 1460 4474 et
1487 4401 1657 4491 solvendi,
1684 4411 1719 4474 et
1736 4401 1801 4474 alia
1824 4402 1867 4474 ad
1887 4402 2039 4496 fungen-

664 4515 740 4588 dum
767 4520 829 4587 rite
857 4524 890 4586 et
915 4515 1061 4608 legitime
1089 4516 1313 4592 sacerdotium
1339 4522 1547 4606 necessaria,
1574 4540 1740 4613 nunquam
1763 4516 1804 4590 ab
1827 4517 1901 4590 aliis
1917 4517 2039 4590 iactam

664 4655 762 4720 esse,
791 4655 889 4726 quam
917 4631 958 4705 ob
985 4631 1178 4730 Episcopis:
1205 4636 1370 4706 neminem
1396 4636 1482 4706 inter
1508 4643 1556 4706 tot
1573 4633 1784 4706 Patriarcbas
1812 4632 1908 4704 aliter
1933 4632 2037 4706 fuisso

664 4751 891 4836 constitutum,
921 4770 1018 4842 quam
1044 4747 1239 4846 Episcopali
1267 4749 1495 4839 ordinatione,
1522 4760 1578 4821 aut
1603 4753 1637 4820 in
1657 4747 1739 4822 sede
1755 4748 1797 4819 D.
1813 4749 1933 4840 Marci,
1953 4769 2038 4844 quae

664 4862 776 4936 ultima
803 4874 876 4937 erat
908 4869 1193 4939 caeremoniarum
1228 4889 1327 4962 pars,
1361 4866 1560 4941 collocatum
1596 4863 1637 4938 ab
1674 4865 1746 4940 aliis
1780 4864 1904 4956 luisse,
1942 4886 2037 4962 pam

665 4976 707 5049 ab
733 4976 920 5077 Episcopis.
