4680 6044
552 517 624 592 ree
1027 513 1430 594 contestamus
1487 489 1489 496 ’

546 701 704 768 Ecclesiae
725 702 931 785 opulentiores
954 708 1030 763 sunt.
1072 699 1117 762 lta
1138 701 1169 763 in
1192 700 1323 764 Historia
1351 701 1544 765 Patriarchali
1573 700 1687 786 legitur
1715 701 1753 764 de
1784 701 1913 784 quodam

546 802 738 884 Metropolim
759 805 789 866 in
813 800 1002 881 Aethiopiam
1024 801 1132 879 misso,
1161 807 1221 862 tam
1242 799 1352 884 insigni
1374 819 1485 882 pompa
1507 810 1668 884 exceptum
1696 801 1778 890 illum
1807 802 1913 883 fuisse,

546 907 580 963 ut
603 921 662 982 qua
685 903 733 966 die
756 901 881 984 primam
902 901 1066 982 liturgiam
1094 899 1274 978 celebravit,
1303 899 1509 984 agallochum,
1544 901 1625 983 quod
1654 910 1787 965 aromata
1816 903 1915 966 omnia
2015 939 2022 948 ·

547 999 626 1080 apud
648 1001 819 1065 Orientales
841 1000 940 1082 pretio
962 1007 1103 1082 superat,
1126 999 1220 1060 thuris
1246 999 1315 1061 loco
1345 1006 1552 1082 usurparetur.
1597 1001 1703 1063 Extitit
1731 1010 1829 1065 antem
1860 1001 1912 1069 12.

546 1100 670 1162 saeculo
692 1102 812 1164 blancus
835 1098 1097 1169 Elkonbariefilius
1120 1100 1171 1178 qui
1194 1098 1340 1162 adversus
1353 1099 1581 1164 Samamentalis
1596 1100 1795 1164 consessionis
1816 1105 1913 1165 omis-

548 1200 663 1262 sionem
686 1203 833 1264 acerrime
856 1198 1033 1279 disputavit,
1062 1205 1093 1260 et
1120 1197 1157 1260 ab
1185 1197 1322 1260 Ecclesia
1344 1198 1509 1261 Jacobitica
1531 1219 1565 1262 se
1588 1200 1736 1262 subtraxit
1758 1219 1795 1264 ea
1818 1220 1913 1264 occa-

265 1308 324 1360 νέαι
340 1318 411 1362 amm
427 1310 535 1362 besee-
548 1299 653 1378 sione,
677 1319 744 1362 cum
765 1317 875 1380 magno
899 1297 1112 1378 discipulorum
1134 1314 1255 1360 suorum
1278 1315 1411 1361 numero.
1453 1297 1483 1360 ls
1510 1316 1630 1381 quoque
1652 1300 1732 1362 inter
1754 1300 1811 1362 alia
1835 1319 1913 1383 quae

223 1396 305 1462 ailad
312 1393 374 1448 can.
383 1396 444 1450 ¹1¹·
452 1396 537 1467 Apoa.
548 1398 786 1475 condemnabat,
808 1398 903 1460 thuris
926 1398 1050 1480 legitimi
1072 1397 1303 1459 immutationem
1326 1397 1453 1477 Coptitis
1482 1399 1611 1482 objecit,
1642 1401 1727 1482 cnjus
1756 1399 1826 1464 loco
1854 1401 1913 1464 alia

224 1499 251 1550 Ρ·
270 1482 313 1534 ¹⁶·
547 1505 679 1560 aromata
700 1498 923 1560 substituerent.
945 1496 1082 1579 Negabat
1105 1503 1203 1558 autem
1224 1495 1256 1557 id
1277 1496 1388 1575 licere,
1411 1495 1467 1560 sed
1490 1495 1577 1560 thure
1598 1505 1711 1561 tantum
1734 1499 1912 1581 supplican-

545 1595 614 1658 dum
638 1598 809 1674 asserebat,
833 1614 870 1658 eo
893 1595 973 1678 quod
997 1611 1159 1658 cumauro
1184 1601 1213 1657 ct
1236 1596 1356 1677 myrrha
1380 1595 1500 1659 Christo
1522 1596 1630 1660 luisset
1652 1597 1795 1662 oblatum.
1836 1600 1912 1662 Rem

544 1702 648 1758 narrat
669 1696 840 1775 Abusclah,
863 1695 1017 1776 refertque
1031 1695 1068 1757 ad
1083 1711 1131 1760 an.
1160 1695 1326 1777 Martyrum
1343 1695 1635 1777 [recchilanem
1653 1697 1680 1761 J.
1701 1698 1734 1761 C.
1749 1698 1912 1764 blCXLlll.

545 1793 676 1858 Honoris
700 1813 820 1876 qnoque
842 1799 940 1878 gratia
963 1801 1065 1858 coram
1088 1793 1267 1858 Patriarchis
1291 1802 1320 1857 ct
1342 1795 1501 1877 Episcopis
1525 1795 1672 1860 thuribula
1693 1797 1836 1861 fumantia
1853 1797 1912 1862 de-

543 1892 640 1974 terri,
662 1895 761 1958 multis
784 1895 930 1976 exemplis
952 1893 1074 1976 probari
1096 1900 1206 1974 potest.

259 2179 289 2231 r.
307 2183 333 2232 s.
352 2183 367 2236 t
384 2184 428 2236 23.
850 2169 931 2240 Cam
956 2129 1047 2238 lecta
1069 2170 1176 2261 faerit
1200 2167 1303 2239 lectio
1329 2167 1433 2238 Pauli
1460 2167 1610 2261 Coptica.

259 2386 393 2441 Lectiones
416 2390 533 2459 Scriptu—
622 2374 687 2452 Jaa
716 2385 754 2447 ad
775 2403 929 2448 sacrarum
951 2384 1170 2466 scripturarum
1201 2382 1364 2448 lectionem
1393 2385 1602 2464 pervenimus,
1631 2402 1709 2466 quae
1739 2387 1845 2469 incipit
1874 2389 1909 2452 ab

225 2487 277 2524 ¹¹⁰·
545 2489 643 2570 aliqua
666 2487 802 2551 sectione
824 2484 1011 2547 Paulinarum
1033 2483 1253 2564 Epistolarum,
1283 2502 1357 2566 quas
1387 2483 1572 2546 Graecorum
1602 2485 1742 2567 exemplo
1775 2485 1910 2564 Coptitae

544 2589 718 2671 simpliciter
739 2593 850 2648 vocant
869 2570 1081 2658 Ἀπόστολος,
1105 2601 1183 2664 quac
1206 2602 1269 2647 vox
1292 2583 1518 2648 characteribus
1542 2600 1663 2664 quoque
1684 2585 1823 2648 Arabicis
1848 2603 1910 2650 non

544 2706 615 2751 raro
640 2703 785 2768 expressa
814 2685 965 2765 reperitur
992 2682 1071 2763 apud
1098 2690 1220 2746 autores
1248 2701 1350 2746 rerum
1379 2684 1607 2767 Liturgicarum.
1659 2683 1786 2765 Legitur
1812 2696 1910 2750 autem

543 2787 680 2869 Epistola
704 2785 799 2865 primo
822 2783 964 2865 Coptice,
986 2790 1019 2844 ut
1041 2783 1070 2844 in
1099 2781 1220 2845 rubrica
1247 2791 1385 2846 notatur:
1415 2791 1520 2864 postea
1550 2783 1700 2864 Arabico,
1728 2785 1810 2866 quod
1839 2805 1910 2850 mox

544 2887 654 2950 lectum
675 2884 746 2963 luit,
777 2883 953 2965 explicatur.
1005 2882 1050 2944 lle
1080 2881 1130 2944 illa
1160 2882 1376 2962 scripturarum
1408 2882 1539 2945 lectione
1571 2882 1676 2965 Cyrilli
1704 2885 1755 2946 titii
1783 2883 1908 2946 Laklaki

544 2985 736 3050 Patriarchae
758 2983 833 3046 haec
855 2981 982 3045 habetur
1004 2981 1194 3045 Constitutio.
1238 2980 1364 3061 Oportet
1383 2981 1566 3062 Episcopum
1588 2983 1626 3045 de
1648 2991 1729 3046 statu
1752 2984 1910 3046 Sacerdo-

544 3096 606 3149 tum
627 3089 659 3148 in
679 3084 872 3148 monasteria
893 3090 923 3145 et
943 3086 976 3144 ia
997 3083 1067 3143 aliis
1089 3083 1164 3143 locis
1185 3083 1349 3162 inprimere,
1371 3085 1608 3162 properatione
1629 3084 1661 3144 in
1683 3083 1910 3145 socrisobeun-

544 3189 594 3248 dis
615 3191 795 3266 ceperant:
817 3189 906 3263 atque
926 3201 986 3244 non
1008 3183 1146 3242 omittant
1165 3182 1322 3243 lechonem
1344 3181 1489 3244 libratam
1511 3183 1638 3263 painpae
1665 3185 1697 3244 in
1723 3186 1832 3263 patavia
1852 3184 1910 3246 Li-

545 3288 663 3368 tnrpia,
691 3303 796 3362 nempe
816 3282 923 3357 Pauli,
953 3279 1122 3359 Catholici,
1155 3280 1301 3359 Aetnam,
1330 3280 1519 3342 Psalmoram
1549 3288 1580 3342 et
1603 3280 1777 3362 Evangelii,
1812 3291 1842 3345 et
1869 3283 1910 3345 ad

543 3386 772 3464 uniuscujusque
794 3383 950 3444 lectionem
971 3381 1152 3460 adjungatur
1173 3382 1290 3458 oratio,
1312 3398 1406 3459 neque
1428 3399 1469 3441 ec·
1489 3379 1549 3440 tttta
1570 3383 1731 3462 quidquam
1744 3383 1909 3447 omittatur.

544 3485 604 3562 Oai
624 3502 697 3546 caro
720 3485 752 3544 in
772 3480 913 3561 Litttrpia
934 3480 1116 3542 celebranda
1136 3480 1252 3561 aliquid
1272 3498 1314 3541 ea
1335 3480 1454 3540 illamam
1475 3479 1621 3542 timeam
1643 3481 1769 3545 lectiam
1796 3483 1911 3544 omise-

441 3622 447 3628 -
543 3587 602 3661 rit,
628 3584 815 3646 anathemati
839 3581 1025 3658 subjiciebar.
1053 3577 1097 3640 lta
1127 3597 1248 3660 qnoque
1275 3577 1459 3641 Ebnassalus
1487 3579 1517 3640 in
1543 3578 1698 3641 Canonum
1723 3579 1909 3644 collectione

544 3700 611 3763 cap.
642 3681 692 3745 12.
721 3688 822 3758 notat,
857 3685 1015 3761 postquam
1046 3677 1194 3741 Sacerdos
1232 3685 1279 3740 ter
1312 3697 1379 3740 cum
1409 3677 1558 3740 thuribulo
1588 3679 1684 3741 altare
1711 3680 1907 3742 circumierit:

543 3780 675 3863 illudque
707 3781 793 3842 alteri
823 3777 979 3841 Sacerdoti
1009 3776 1142 3856 dederit,
1177 3777 1227 3858 qui
1256 3795 1313 3859 per
1341 3784 1433 3839 totam
1458 3775 1626 3840 Ecclesiam
1656 3779 1736 3840 circa
1766 3777 1908 3860 populum

543 3880 644 3944 adolet
673 3881 812 3954 incensa,
847 3879 935 3958 sequi
960 3884 1094 3956 cantum,
1122 3895 1231 3957 nempe
1259 3894 1476 3958 responsorum
1505 3875 1633 3956 aliquot,
1665 3886 1695 3940 et
1724 3877 1907 3958 llymnorum

541 3980 712 4042 breviorum
719 3999 729 4054 ;
751 3996 811 4058 quo
836 3977 958 4057 expleto
980 3978 1077 4057 tepent
1096 3977 1230 4039 Diaconi
1249 3978 1397 4039 sectiones
1422 3996 1463 4038 ca
1488 3977 1591 4039 verbis
1619 3975 1823 4056 Apostolicis;
1850 3995 1907 4058 pao

542 4081 662 4142 nomene
683 4077 973 4158 compreberulaatar
993 4075 1086 4138 Perdi
1106 4077 1277 4156 Epistolae,
1301 4075 1491 4151 Catholicae,
1518 4075 1655 4156 Actaque
1674 4075 1907 4155 Apostolorum:

544 4187 605 4240 tom
627 4196 667 4239 em
688 4176 821 4239 Psalmis
848 4181 974 4237 canetur
996 4175 1127 4256 etiamsi,
1156 4182 1187 4237 et
1202 4182 1311 4254 postea
1332 4173 1486 4237 Sacerdos
1507 4175 1584 4256 leget
1604 4181 1741 4236 sanctam
1761 4174 1908 4255 Evange-

541 4278 623 4341 liam,
666 4276 762 4338 Porro
785 4273 861 4336 haec
883 4273 1039 4355 disciplina
1062 4291 1129 4336 cum
1152 4274 1232 4356 apud
1254 4272 1407 4342 Ecclesias
1431 4291 1535 4336 omnes
1549 4273 1719 4336 Orientales
1741 4275 1906 4337 communis

541 4376 594 4454 sit,
618 4376 656 4438 de
679 4393 715 4437 ea
736 4373 890 4458 singulare
912 4373 984 4436 nihil
1006 4376 1149 4438 habemus
1176 4374 1354 4453 notandum,
1384 4373 1438 4436 sed
1467 4372 1506 4437 de
1532 4393 1617 4437 more
1645 4381 1757 4436 tantum
1785 4372 1909 4457 legendi

541 4476 706 4558 scripturas
729 4483 856 4556 utraque
877 4474 988 4557 lingua.

258 4578 354 4648 lingna
371 4579 529 4650 Aegyptiam
629 4573 755 4656 Coptica
777 4574 895 4656 quidem
917 4583 949 4638 ut
970 4572 1158 4658 legerentur,
1181 4572 1583 4655 consuetudoantiquissima
1606 4580 1669 4652 est,
1694 4574 1778 4655 cujus
1794 4578 1908 4634 certam

223 4665 312 4722 heae.
543 4675 655 4738 seriem
678 4676 869 4756 agnoscimus
891 4673 997 4738 saltem
1018 4691 1036 4735 a
1057 4673 1340 4736 blobamedanorum
1362 4673 1469 4751 initiis,
1494 4671 1629 4736 adhaec
1651 4689 1748 4752 usque
1770 4677 1908 4751 tempora

544 4791 695 4854 nunquam
717 4775 931 4854 interruptam,
955 4772 1013 4836 hoc
1036 4781 1083 4836 est
1105 4773 1143 4836 ab
1165 4773 1250 4836 annis
1273 4772 1353 4835 mille
1376 4772 1565 4854 etamplius.
1610 4769 1684 4833 Nam
1703 4770 1909 4853 Benjaminum

543 4873 746 4936 lacebitarum
767 4872 1024 4953 Alexandrinum,
1048 4891 1115 4936 curo
1135 4891 1191 4955 per
1213 4890 1308 4937 annos
1334 4873 1456 4936 circiter
1479 4871 1635 4936 duodecim
1662 4871 1693 4932 in
1714 4859 1907 4932 blonasteriis

544 4973 706 5037 Thebaidis
729 4971 912 5054 delituisset,
940 4971 992 5036 uhi
1018 4973 1070 5035 vix
1092 4972 1214 5036 alterius
1235 4972 1358 5056 linguae
1381 4989 1469 5054 quam
1497 4971 1723 5056 Aegyptiacae,
1752 4971 1784 5032 in
1810 4970 1905 5034 sacris
