4778 6034
434 587 483 664 Dll
501 587 759 667 LITURGlhRUll
773 585 1027 666 ORlEllThllllll
1042 585 1192 665 ORIGlllE
1210 587 1258 662 ET
1277 585 1526 666 Attonitum
1547 583 1697 659 XXXIX

331 773 535 848 celebratam
563 779 740 872 antiquitus
767 774 883 865 luisse,
910 773 1057 870 probare
1083 796 1250 870 nunquam
1275 784 1466 871 potuerunt:
1492 778 1617 848 namsi
1638 798 1701 871 per

332 913 406 963 eam
432 891 571 984 intelligi
598 890 775 966 volnemnt
800 891 1153 989 Hierosolymitanam,
1182 912 1267 984 quae
1293 900 1444 988 tempore
1468 890 1552 964 Jcsu
1578 890 1702 966 Christi

330 1006 481 1100 vulgaris
509 1018 582 1080 erat
611 1012 644 1080 in
672 1007 883 1098 Palaestina,
917 1011 992 1102 quia
1025 1009 1058 1078 in
1089 1027 1181 1079 novo
1216 1005 1431 1080 Testamento
1462 1012 1508 1080 ita
1540 1018 1700 1108 vocatur3

330 1145 373 1196 ne
395 1128 562 1196 minimam
585 1123 717 1218 11111111
735 1134 867 1216 gustum
888 1122 1074 1215 linguamm
1088 1120 1303 1194 Orientalium
1323 1123 1397 1196 illos
1417 1122 1574 1196 habuisse
1591 1144 1700 1217 opor-

331 1238 438 1328 tebat,
473 1243 528 1336 qui
568 1239 652 1313 11111
688 1239 882 1313 scriberent
942 1239 1060 1312 Affinis
1095 1249 1147 1312 cst
1185 1261 1267 1312 sane
1300 1238 1489 1312 Hebraicae
1523 1238 1701 1314 Chaldaica

332 1354 387 1426 illa
412 1357 732 1453 Hierosolymitana,
760 1366 793 1428 et
820 1355 861 1428 ah
891 1378 932 1428 11
960 1355 1047 1426 ducit
1073 1358 1250 1447 originem,
1276 1365 1311 1428 ut
1338 1355 1481 1452 Syriaca
1496 1354 1701 1450 Mesopota-

331 1493 447 1561 mena3
474 1472 629 1545 sednon
656 1477 765 1566 magis
793 1472 933 1544 eaedem
959 1481 1044 1558 sunt,
1073 1493 1170 1567 quam
1185 1469 1317 1562 Latina,
1330 1470 1445 1543 Italica
1458 1479 1493 1543 et
1509 1472 1701 1567 Hispanico,

334 1592 486 1683 quamvis
514 1613 534 1662 a
560 1594 666 1686 prima
692 1611 754 1685 per
769 1588 964 1662 Barbariem
985 1590 1207 1662 contaminata
1227 1609 1320 1660 suam
1343 1588 1506 1660 traxerint
1529 1590 1701 1680 originem.

332 1706 379 1777 At
410 1728 493 1800 pura
527 1705 713 1794 Hebraico,
749 1729 865 1802 qnam,
882 1703 994 1800 plebs·
1012 1702 1166 1776 illiterata
1208 1725 1275 1775 non
1316 1703 1536 1795 intelligebat,
1576 1708 1702 1800 primos

335 1819 456 1894 Christi
495 1821 675 1919 discipulos
716 1844 813 1894 sacra
855 1844 916 1894 sna
955 1820 1148 1893 celebrasse
1185 1842 1285 1892 nemo
1327 1829 1480 1892 vetamm
1521 1822 1703 1891 memoriae

335 1937 486 2033 prodidit.
514 1937 679 2011 Servatur
698 1939 830 2033 quidem
851 1937 937 2010 illius
956 1959 1036 2010 usus
1058 1935 1144 2032 apud
1164 1935 1327 2008 ludaeos:
1354 1958 1431 2007 nam
1447 1937 1555 2008 omnia
1573 1934 1704 2008 illorum

336 2052 447 2126 Officia
483 2077 566 2151 pura
601 2066 635 2127 et
669 2055 786 2127 literali
812 2053 979 2126 Hebraica
1011 2053 1138 2147 lingua'
1159 2064 1321 2149 concepta
1354 2062 1449 2126 sunt:
1484 2075 1559 2124 cum
1594 2061 1704 2124 tamen

336 2191 448 2242 eorum
477 2168 595 2265 quibus
623 2169 664 2243 ab
692 2170 817 2266 aliquot
843 2169 986 2242 saeculis
1013 2178 1161 2257 utuntur,
1197 2173 1373 2264 antiquitas
1399 2191 1467 2242 non
1493 2167 1592 2265 plane
1618 2190 1704 2264 per-

335 2297 449 2381 specta
477 2289 530 2376 sit,
558 2285 679 2359 lmstra
707 2285 783 2358 inde
809 2285 1012 2382 praesidium
1039 2297 1257 2383 quaereretur
1283 2288 1441 2382 opinioni,
1471 2307 1557 2380 quae
1582 2284 1704 2356 nullum

335 2405 367 2474 in
394 2401 579 2496 originibus
606 2402 853 2500 Ecclesiasticis
880 2401 1125 2476 fundamentum
1151 2400 1263 2492 habet,
1292 2424 1401 2498 neque
1428 2423 1504 2472 cum
1528 2398 1705 2472 Ecclesiae

335 2523 522 2615 primitivae
549 2520 696 2594 moribus
723 2529 835 2615 potest
861 2519 1040 2592 conciliari.
1075 2520 1113 2592 11
1139 2523 1211 2613 ejus
1240 2523 1362 2616 quippe
1384 2516 1570 2617 synaxibus
1587 2537 1706 2590 sacrae

336 2635 528 2732 Scripturas
555 2635 766 2728 legebantur,
793 2646 828 2708 ut
854 2639 887 2706 in
914 2635 1110 2731 synagogis
1136 2635 1210 2709 lieri
1236 2635 1368 2709 solitum
1384 2646 1472 2708 erat:
1500 2633 1561 2708 secl
1578 2634 1707 2706 etiamsi

335 2749 533 2844 legebantur
559 2751 744 2825 Hebraico:
773 2756 881 2826 statim
908 2751 1041 2845 vulgari
1067 2753 1200 2843 lingua,
1228 2751 1453 2825 versiculatirn
1479 2748 1707 2848 exponeban-

336 2877 407 2940 tur:
434 2877 469 2939 et
495 2891 536 2940 11
564 2879 615 2940 111
641 2871 739 2962 origo
758 2866 1013 2941 chaldaicarum
1027 2868 1243 2957 Versionum,
1270 2890 1355 2963 qnae
1376 2868 1558 2960 Tergemina
1584 2865 1707 2962 appel-

337 2983 453 3057 lantur.
507 2986 555 3058 At
585 2983 707 3058 iactum
739 2985 773 3056 id
806 2981 910 3058 brisso
943 2988 1028 3059 inter
1061 2987 1188 3080 primos
1216 2983 1438 3072 Christianos,
1474 2995 1708 3082 praeterquam

337 3101 424 3194 quod
451 3101 588 3198 probari
619 3101 708 3174 nulla
742 3099 861 3173 idonea
895 3105 1026 3174 ratione
1058 3110 1188 3197 potest,
1222 3105 1252 3172 si
1286 3123 1402 3173 verum
1436 3097 1538 3192 foret,
1572 3099 1614 3172 ad
1648 3079 1708 3172 eos

336 3221 550 3312 pertinuisset
575 3217 797 3290 tantummodo
833 3221 887 3312 qui
923 3240 970 3290 ex
1000 3219 1253 3290 circumcisione
1286 3227 1396 3289 erant:
1432 3215 1510 3288 nihil
1544 3215 1586 3288 ad
1621 3215 1708 3288 reli-

337 3355 430 3428 quos.
484 3334 574 3407 Inter
601 3337 685 3407 istos
712 3337 823 3424 111111,
850 3356 924 3406 cum
951 3335 1043 3408 multi
1067 3354 1177 3426 neque
1198 3330 1375 3419 Hebraico,
1402 3355 1511 3428 neque
1530 3330 1709 3404 chaldaice

339 3453 482 3539 scirent,
508 3449 701 3546 Scripturae
729 3449 860 3522 Graece
886 3447 1101 3542 legebantur,
1134 3458 1172 3520 ut
1198 3452 1297 3520 etiam
1325 3449 1411 3545 apud
1438 3452 1531 3545 ipsos
1559 3447 1708 3522 Judaeos
1751 3535 1754 3544 Ι

337 3563 549 3653 Hellenistas,
565 3576 632 3638 tum
646 3567 700 3660 qui
718 3570 751 3637 in
765 3565 966 3653 Palaestina,
982 3575 1049 3636 tum
1069 3568 1125 3659 qui
1144 3568 1177 3636 in
1190 3566 1352 3662 Aegypto
1370 3575 1404 3638 et
1424 3568 1457 3637 in
1468 3567 1553 3639 Asia
1567 3565 1709 3661 dispersi

338 3691 442 3756 erant.
470 3681 601 3754 Graeca
617 3687 718 3754 etiam
739 3683 851 3774 lingua
871 3690 982 3752 certas
999 3683 1180 3767 orationes,
1208 3703 1290 3776 quas
1312 3680 1431 3752 Judaei
1453 3680 1598 3775 quotidie
1612 3683 1708 3751 reci-

337 3807 408 3869 tare
432 3807 585 3870 tenentur
606 3800 818 3893 pronunciari
840 3799 1011 3894 potuisse,
1038 3805 1169 3868 constat
1199 3818 1244 3866 ex
1266 3795 1453 3892 Responsis
1475 3799 1707 3892 antiquissimis

338 3917 534 4010 sapientum,
562 3937 648 4009 quae
675 3918 708 3985 11
733 3913 885 3986 Miscbna
913 3916 1130 3987 continentur.
1164 3911 1261 3985 Unde
1289 3911 1445 4007 quidquid
1471 3914 1514 3985 sit
1541 3913 1583 3986 de
1608 3913 1709 3986 Scri·
1722 3931 1804 3982 111.
1822 3923 1952 3980 neom.

338 4040 506 4124 pturarum
532 4029 688 4119 lectione,
716 4031 757 4102 de
785 4053 849 4126 qua
876 4052 963 4104 nnnc
990 4033 1130 4124 agimus,
1157 4052 1278 4125 preces
1306 4029 1425 4103 multas
1452 4029 1609 4103 solennes
1624 4029 1708 4102 vul-

337 4149 411 4237 gari
432 4143 545 4237 lingua
568 4145 872 4243 Hierosolymitana
893 4149 1130 4241 pronunciatus
1150 4145 1256 4218 hrisse
1271 4157 1413 4234 constat,
1440 4147 1498 4220 vel
1518 4148 1627 4232 unico,
1646 4145 1709 4217 sed

337 4261 427 4355 quod
453 4259 602 4356 palmare
630 4273 692 4352 cst,
720 4271 925 4354 argumento.
953 4262 1102 4335 Solenne
1128 4271 1181 4334 est
1207 4260 1345 4335 Judaeis
1373 4262 1415 4336 ab
1442 4261 1575 4335 excidio
1597 4258 1710 4355 templi

337 4375 472 4449 secundi
491 4375 656 4450 Pascbale
682 4377 846 4473 quoddam
873 4379 1025 4468 officium,
1053 4401 1119 4475 quo
1147 4378 1283 4452 exilium
1311 4401 1406 4450 suum
1432 4377 1547 4466 solari,
1575 4378 1710 4448 otveri

336 4490 509 4565 Pascbatis
524 4496 575 4565 sui
589 4497 766 4586 imaginem
782 4494 957 4589 quamdam
973 4494 1170 4568 adumbrare
1184 4495 1310 4584 solent3
1324 4504 1357 4566 et
1369 4493 1402 4566 id
1413 4504 1554 4566 vocatur
1568 4492 1712 4586 ,laudat

336 4607 543 4702 hoppeaacb.
596 4610 633 4682 ln
670 4632 712 4682 1ο
745 4609 852 4682 officio
879 4609 1125 4684 Paterfamilias
1157 4613 1344 4683 orationem
1369 4609 1470 4684 babet
1496 4609 1539 4683 ad
1566 4631 1626 4683 eos
1655 4611 1712 4704 qui

337 4724 433 4798 simul
449 4724 577 4799 Pascha
604 4725 683 4798 illud
710 4725 918 4815 manducant,
945 4727 977 4797 in
1005 4749 1071 4821 qua
1098 4730 1232 4822 antiqua
1257 4725 1322 4798 Dei
1348 4747 1431 4818 erga
1451 4724 1621 4800 Israelitas
1642 4724 1710 4796 bc-

336 4840 454 4912 neficia
480 4851 734 4915 commemorat:
762 4845 873 4916 omnia
901 4853 1010 4915 autem
1037 4842 1187 4914 dicunhrr
1214 4837 1413 4932 chaldaice,
1439 4865 1506 4915 non
1531 4841 1710 4914 Hebraico.

336 4954 527 5030 Verisimile
561 4981 665 5054 porro
700 4969 753 5032 cst
784 4963 817 5032 in
849 4962 1051 5057 praecipuo,
1084 4958 1173 5053 quod
1209 4960 1296 5030 inter
1327 4956 1403 5031 illos
1438 4970 1590 5053 superest
1624 4957 1711 5029 reli-

338 5073 447 5164 gionis
473 5075 600 5165 ollicio,
634 5085 803 5152 servatam
830 5099 909 5151 esso
936 5079 1125 5172 antiquum,
1162 5095 1249 5172 quae
1282 5083 1391 5150 stante
1417 5075 1539 5172 templo
1571 5073 1712 5168 vigebat
