4684 6042
682 552 759 626 108
1118 546 1341 625 LITURGIA
1372 546 1403 624 S.
1431 543 1648 623 GREGORll

843 739 939 797 Oratio
961 738 1018 796 alia
1036 738 1189 811 [raom.
1552 723 1628 796 Εάχῆ
1646 725 1708 794 άλλη
1726 731 1772 795 τῆς
1789 728 1905 788 κλάσσεις.

729 858 927 931 Benedictus
979 879 1017 930 es
1070 855 1201 932 Christe
1252 855 1346 929 Deus
1442 847 1643 976 Εὐλογητὸς
1677 847 1708 923 ελ
1739 851 1931 951 Xptoc6‘
1911 881 1931 925 ο
1963 851 2061 944 θεός,

679 965 887 1057 ommpotens
896 959 1240 1034 liberatorEcclesrae
1254 970 1347 1033 tuae:
1391 985 1412 1030 o
1437 981 1718 1052 παντοκράτωρ,
1750 952 1771 1026 6
1797 952 1986 1086 λυτρώτης
2003 965 2065 1054 τῆς

681 1065 877 1139 oVerbum
903 1064 992 1160 quod
1018 1067 1221 1156 cogitatione
1246 1085 1349 1136 asse·
1392 1062 1520 1133 ἑαυτοῦ
1550 1058 1750 1154 ἐκκλησίας·
1784 1055 1815 1132 6
1839 1056 1950 1190 λόγε,Ι
1976 1056 2063 1136 6v*

679 1179 838 1263 quuntur‚
869 1179 903 1241 et
927 1168 1026 1240 homo
1054 1191 1151 1262 quem
1176 1171 1349 1239 intuentur.
1391 1167 1612 1290 προνοοῦσιν
1637 1157 1771 1246 αὐτόν,
1804 1160 1865 1235 καὶ
1890 1161 2066 1262 ἄνθρωπε

679 1273 743 1360 Qui
784 1295 845 1367 per
888 1269 1300 1366 incomprehensibilem
1290 1292 1349 1340 m·
1391 1263 1436 1342 6
1460 1267 1737 1391 προθεωρσάσιν
1761 1262 1883 1341 αὐτόν.
1919 1265 1970 1343 Ὁ
2002 1264 2066 1342 ύιά

678 1380 1009 1464 carnationemtuam
1022 1375 1230 1471 praeparasti
1250 1371 1348 1445 nobis
1391 1375 1451 1465 τῆς
1456 1364 2065 1500 ἀκατσλεγπτουαύτοῦσαρκάσεως,

677 1501 798 1576 panem
812 1479 1010 1566 coelestem
1032 1477 1098 1550 hoc
1118 1497 1239 1572 corpus
1259 1486 1349 1547 tuum
1391 1473 1579 1567 ἑτοίμασας
1601 1470 1690 1566 ἡμῖν
1706 1469 1819 1568 ἀρτσν
1835 1470 2064 1606 ἐπουράνιον,

678 1581 768 1677 quod
805 1584 1001 1655 constituisti
1044 1585 1077 1652 in
1117 1580 1348 1669 Sacramento,
1390 1583 1499 1650 τοῦτο
1516 1574 1559 1648 τύ
1591 1570 1698 1667 σῶμά
1721 1599 1810 1664 σου,
1837 1571 1882 1652 ὃν
1907 1578 2043 1651 ἔθου
2025 1607 2065 1652 εν

677 1688 919 1758 sanctissimum
944 1682 1160 1757 inormibus.
1186 1682 1348 1755 llliscuisti
1390 1672 1629 1776 μυστήριον*
1654 1675 1715 1751 καὶ
1731 1674 1913 1808 πανάγιον
1930 1683 1968 1755 6
1991 1691 2065 1765 τοῖς

676 1789 774 1862 nobis
808 1787 947 1860 calicem
982 1811 1029 1859 ex
1054 1790 1124 1858 vite
1156 1809 1258 1875 vera,
1291 1785 1347 1857 di-
1390 1783 1534 1857 ἅπασιν
1572 1778 1800 1880 Ἐκεηρασας
1777 1793 1866 1878 ημῖν
1889 1779 2064 1883 ποτήριον

677 1895 757 1964 vino
785 1889 911 1964 scilicet
937 1901 1036 1985 atque
1056 1888 1263 1961 immaculato
1289 1890 1347 1961 la·
1390 1888 1429 1965 ἐξ
1445 1884 1607 2011 ἀμπέλου
1623 1881 1849 1980 ἀληθείας,’
1831 1914 1870 1960 εκ
1886 1886 1987 2018 θάρες
2004 1885 2065 1960 καλ

676 2006 749 2066 tere
776 2004 842 2068 tuo.
871 1995 936 2081 Qui
961 2001 1136 2090 postquam
1153 1991 1347 2064 tradidisses
1390 1987 1573 2086 ἀχράντσυ
1587 2013 1656 2062 σου
1664 1991 1822 2086 πλευράς
1849 1989 1887 2067 Ὁ
1902 1988 1963 2063 καὶ
1974 1988 2064 2084 μετά

678 2101 826 2193 spiritum
853 2121 899 2170 cx
925 2096 1042 2170 eodem
1069 2097 1175 2169 latere
1208 2094 1348 2167 effudisti
1391 2091 1585 2167 ἀειλεοκὲναι
1617 2089 1660 2165 τά
1694 2098 1836 2185 πνεῦμα
1842 2096 1993 2222 ἕκγελον
2024 2095 2062 2173 ἐξ

678 2205 873 2293 sanguinem
911 2211 945 2272 at
983 2222 1121 2321 aquam,
1160 2203 1193 2270 in
1230 2199 1347 2293 quibus
1390 2195 1497 2292 αὐτῆς
1513 2191 1604 2289 αἷμα
1617 2221 1677 2267 και
1667 2192 1860 2297 ὕδωρ*
1820 2225 1871 2280 σις
1885 2194 2063 2326 ἁγιασμὸς

677 2305 892 2378 sanctificatio
920 2312 1012 2376 esset
1037 2306 1196 2376 universo
1216 2300 1347 2373 mundo
1390 2306 1442 2395 cpi
1475 2297 1603 2426 κόσμῳ
1636 2299 1753 2426 παγτί.
1796 2306 1935 2396 Κτῆσαι
1970 2299 2062 2395 ἡμᾶς

677 2407 819 2482 Posside
861 2428 923 2480 nos
966 2407 1055 2481 bone
1090 2407 1298 2497 Domiue‚'
1288 2428 1346 2476 m-
1390 2377 1509 2504 ἀγαθὲ
1522 2399 1717 2534 κύριετρύς
1730 2399 2062 2487 ἀναξίουςύούλους

678 2510 798 2602 dignos
825 2532 948 2584 servos
973 2521 1066 2583 tuos:
1100 2508 1156 2580 iac
1189 2530 1252 2581 nos
1277 2530 1347 2605 po·
1391 2526 1473 2582 σου·
1485 2503 2061 2604 ποίησονὴμάςλαάνπεριούσιον,

676 2613 787 2709 pulum
814 2617 1050 2709 acquisitionis,
1075 2613 1192 2706 regale
1217 2612 1347 2684 Sacer·
1391 2611 1606 2708 pontatecus
1593 2606 1799 2739 ιεράτευμα,
1816 2610 1966 2694 ἔθνσς“
1942 2638 2060 2737 αγισν.

678 2717 821 2809 dotium,
837 2729 970 2810 gentem
985 2725 1142 2790 sanctam.
1169 2714 1346 2788 Sanctifica
1391 2713 1557 2814 Ἁγίασον
1580 2711 1641 2840 xpri
1667 2711 1757 2810 ἡμᾶς
1778 2742 1799 2786 ο
1789 2711 1978 2804 θεός,“
1935 2743 2060 2844 ωςπερ

679 2824 777 2893 etiam
802 2843 866 2893 nos
893 2821 997 2911 DeuS‚
1025 2823 1109 2893 sicut
1135 2819 1346 2892 sanctificasti
1389 2817 1535 2917 ἦγίασας
1564 2814 1610 2890 τά
1644 2817 1857 2915 προκειμενα
1883 2815 1944 2890 καὶ
1974 2817 2061 2946 άγια

676 2927 848 3020 proposita
874 2923 958 2996 haec
985 2934 1099 2997 sancta
1131 2944 1286 3012 munera,
1314 2931 1347 2993 et
1391 2920 1492 3020 δοῦρα
1524 2925 1666 3054 ταῦτα,
1686 2919 1747 2994 καὶ
1778 2920 1941 3017 ἐποίησας
1969 2919 2061 2996 αύτά

676 3026 786 3099 iecisti
813 3052 852 3099 aa
879 3027 1055 3099 invisibilia
1082 3049 1128 3098 en
1148 3024 1346 3115 visibilibu5‚
1390 3022 1526 3161 ἀόρατα
1552 3027 1591 3098 ἐκ
1615 3029 1689 3098 τῶν
1706 3023 1860 3124 ὁρατῶν,
1877 3023 2061 3150 μυστήρια

676 3133 837 3225 mysteria
864 3153 950 3226 quae
976 3130 1067 3202 solus
1085 3129 1253 3221 intelligis,
1268 3128 1347 3201 llo-
1390 3122 1471 3204 ὧν*
1498 3133 1734 3256 πρρνσούριν,
1759 3125 1852 3201 αύτά
1876 3151 1935 3200 σοι
1961 3129 2062 3225 κύριε

677 3239 765 3307 mine
790 3234 883 3306 Deus
912 3243 945 3306 et
960 3234 1117 3308 Salvator
1131 3241 1247 3306 noster
1265 3232 1348 3307 lesu
1390 3262 1412 3308 ο
1401 3228 1563 3319 θεος
1540 3260 1561 3304 ο
1577 3255 1697 3328 σαπηρ
1712 3229 1817 3325 ἡμων
1829 3229 2062 3327 λησούςΧρι-

678 3338 817 3411 Christe.
870 3337 922 3408 'l'u
967 3339 1066 3430 igitur
1103 3336 1246 3409 Domine
1286 3357 1348 3432 per
1390 3332 1481 3418 στάς.
1507 3332 1567 3408 Σύ
1584 3330 1650 3410 οὖν
1667 3331 1766 3433 κύριε
1779 3332 1842 3407 ύιά
1857 3345 1917 3432 τῆς
1931 3341 2061 3430 πολλῆς

677 3441 811 3514 multam
838 3450 925 3514 tuam
951 3439 1214 3516 misericordiam
1239 3461 1346 3536 prae·
1389 3462 1458 3512 σου
1473 3435 1730 3538 εὐσπλαγχνίας
1740 3437 2061 3534 κατηξίωσαςῆμᾶς

678 3554 769 3619 stare
803 3544 900 3619 nobis
935 3543 1085 3636 dignatus
1118 3565 1176 3632 es,
1219 3553 1255 3614 ut
1285 3565 1347 3639 per
1390 3539 1453 3616 διά
1476 3548 1543 3615 τοῦ
1563 3541 1812 3636 βαπτίσματος
1826 3543 1998 3642 γενεσθαι
2016 3543 2061 3625 εἰς

676 3648 878 3744 Baptismum
898 3649 1102 3721 efficeremur
1128 3646 1184 3719 filii
1210 3657 1244 3719 at
1258 3645 1346 3718 hae·
1389 3643 1488 3728 υἱούς
1512 3643 1573 3719 καὶ
1598 3643 1853 3743 κληρονόμους.
1878 3642 2062 3728 Ἐιλλάαξας

675 3751 784 3826 rades.
811 3752 962 3824 Docuisti
994 3772 1057 3825 nos
1092 3750 1233 3823 formam
1260 3772 1345 3822 ora·
1388 3748 1481 3844 ἡμᾶς
1504 3746 1571 3824 τάν
1591 3746 1708 3824 τύπον
1729 3755 1791 3844 τῆς
1812 3760 2000 3846 προςευχῆς
2022 3745 2059 3831 69

675 3859 772 3927 tionis
799 3859 986 3952 mysticam,
1012 3878 1076 3949 qua
1094 3875 1265 3926 oraremus
1277 3855 1345 3924 im-
1389 3850 1485 3927 ἐστὶν
1506 3850 1758 3950 ε’μμυαιήριος,
1782 3859 1849 3926 τοῦ
1874 3848 2061 3950 προςεύχε-

678 3959 873 4031 maculatum
899 3958 1030 4030 Patrem
1058 3967 1156 4029 tuum.
1183 3957 1235 4028 Tu
1262 3977 1346 4046 ergo
1390 3958 1483 4031 σθαι
1506 3959 1546 4030 6
1570 3953 1685 4088 αύτῇ
1687 3953 1754 4030 τύν
1784 3953 1967 4085 ἀχραπόν
1993 3980 2061 4029 σου

678 4065 777 4134 etiam
818 4084 906 4133 nunc
956 4061 1154 4133 Domiuator
1204 4061 1347 4132 Domine
1389 4065 1532 4157 πατέρα.
1558 4057 1617 4132 Σύ
1641 4054 1709 4134 σύν
1733 4057 1794 4133 καὶ
1816 4065 1885 4134 νῦν
1905 4057 2059 4133 ύέσποτα

677 4165 797 4258 dignos
828 4166 921 4238 effice
959 4185 1043 4254 nos,
1076 4175 1112 4235 ut
1144 4187 1219 4236 cum
1258 4184 1347 4235 con-
1390 4161 1490 4296 κύριε
1514 4161 1792 4242 καταξλωσονι
1769 4169 1861 4259 ημᾶς
1884 4166 1922 4238 6
1952 4161 2060 4263 ἀγλα-

677 4273 816 4342 scientia
868 4267 1088 4357 sanctificata,
1149 4277 1183 4339 et
1235 4275 1346 4338 mente
1388 4271 1502 4362 σμενῃ
1537 4262 1759 4404 συνειδήσει,
1797 4263 1858 4340 καὶ
1893 4271 2059 4365 λογισμῷ

675 4372 767 4446 boun
793 4371 898 4469 qualis
924 4370 1009 4445 lilios
1036 4371 1151 4461 dccet,
1178 4393 1252 4442 curn
1279 4367 1345 4440 de-
1388 4366 1563 4472 ἀγαθῳ“
1542 4364 1613 4445 σν*
1630 4375 1752 4464 πρε-’πει
1769 4424 1853 4443 .....
1871 4366 1981 4466 πόθῳ
2000 4367 2060 4443 καὶ

677 4476 814 4566 siderio,
841 4485 875 4548 ct
900 4474 1016 4548 fiducia
1045 4474 1136 4548 hona
1167 4473 1346 4546 audeamus
1388 4473 1565 4600 παῤῥησίρε
1582 4470 1722 4605 ἀγαθῇ
1723 4476 1863 4598 τολμᾷν
1882 4477 2060 4547 ἐπικαλεῖ-

676 4583 852 4668 invocare,
879 4582 934 4673 qui
959 4578 1111 4653 incaelis
1132 4587 1183 4652 est
1198 4586 1346 4650 sanctum
1389 4581 1482 4652 σθαι
1507 4574 1573 4664 τὸν
1598 4580 1638 4652 6
1662 4587 1736 4661 τοῖς
1761 4575 1926 4673 οὐρανοῖς
1955 4575 2061 4676 άγιον

677 4683 786 4756 Deum
811 4683 944 4754 Patrem
971 4692 1058 4754 tuum
1086 4691 1120 4752 et
1146 4681 1267 4753 dicere.
1389 4679 1492 4772 θεόν,
1508 4685 1643 4780 ποτερα
1657 4705 1726 4754 σου
1738 4707 1802 4754 και
1793 4678 1943 4781 λέγειν.

730 4820 890 4914 Populus.
916 4819 1017 4892 Pater
1034 4829 1157 4892 noster.
1180 4825 1347 4912 etpootoo
1431 4821 1581 4906 OAa69
1602 4825 1698 4916 λέγει.
1703 4809 1879 4945 H6rcp'‘
1856 4822 1970 4914 ημῶν.
1994 4825 2062 4894 Καὶ

680 4945 778 5018 qoam
803 4926 953 4994 recitato
979 4928 1029 4994 eat
1044 4927 1158 4994 oratio
1176 4922 1346 4994 dominico
1388 4927 1473 5018 μετά
1493 4957 1532 5001 το
1520 4917 1713 5050 Πάτερί
1690 4947 1804 5016 ημον.

678 5025 853 5098 Sacerdos
878 5027 972 5096 dicit.
