4686 6060
670 658 1205 740 ntuxtnntttno.
1527 657 1602 748 353

235 859 412 951 antiquitus
437 851 639 947 Aethiopum
664 852 756 943 genti
783 872 868 945 quae
901 849 1171 922 numerosissima
1203 855 1292 936 erat,
1327 845 1604 938 adjungebantur:
1733 921 1736 928 ,

234 973 322 1046 unde
347 983 413 1044 mm
442 969 526 1065 apud
554 967 693 1041 Plinium
720 975 754 1039 et
783 965 924 1055 Melam,
957 987 1055 1060 quam
1088 964 1175 1060 apud
1210 966 1413 1059 antiquiores
1441 962 1604 1056 Geogra-

235 1089 319 1186 phos
347 1087 389 1158 de
414 1084 478 1157 illis
506 1092 693 1157 occurrunt.
709 1081 830 1172 midta,
858 1104 943 1177 quac
976 1080 1174 1176 Aethiopiae
1205 1079 1387 1151 hodiernae
1421 1083 1605 1152 convenire

236 1211 424 1299 nequeunt,
460 1209 494 1273 et
526 1199 567 1272 ad
597 1199 737 1272 Nubiam
770 1198 925 1270 videntur
956 1197 1144 1270 referenda.
1202 1197 1322 1270 Fuisse
1355 1196 1432 1268 olim
1472 1219 1605 1292 quoque
1719 1195 1721 1200 ’

235 1325 358 1393 missos
385 1321 418 1390 in
447 1339 522 1389 cam
548 1317 722 1408 regionem
746 1313 935 1410 Episcopus
970 1313 1215 1423 a‘Patriarcbis
1243 1311 1481 1386 Alexandrinis
1511 1313 1605 1406 legi-

234 1457 307 1509 mus
333 1439 367 1505 in
393 1433 540 1506 Historia
566 1432 805 1503 Ecclesiastico
831 1429 970 1502 illorum.
1022 1432 1146 1505 An‘ea
1174 1431 1334 1501 autoritas
1361 1427 1466 1500 adbuc
1480 1452 1605 1524 super-

233 1555 277 1624 sit
312 1549 376 1622 ilhs
407 1547 636 1635 Antistitibus,
671 1549 748 1618 sciri
780 1547 842 1620 vix
876 1555 1006 1640 potest,
1039 1568 1114 1618 eum
1147 1568 1167 1616 a
1199 1543 1411 1618 Salabeddini
1443 1554 1605 1641 tempore,

236 1668 430 1742 altissimum
456 1668 499 1738 sit
524 1665 557 1734 in
582 1663 727 1736 historiis
754 1661 796 1734 de
822 1660 932 1734 Nubia
958 1663 1130 1734 silentium.
1182 1658 1267 1734 Earn
1298 1671 1407 1732 autem
1433 1665 1606 1754 regionem

234 1783 431 1855 Nubodiom
456 1789 584 1853 vocant
611 1775 779 1873 Coptitae,
809 1787 864 1849 aut
890 1774 1054 1850 Nobatae.
1107 1777 1225 1872 Neque
1252 1781 1352 1850 etiarn
1380 1787 1606 1872 praetereun-

234 1899 407 1987 domest,
435 1895 522 1992 quod
548 1893 767 1989 Aethiopibus
795 1896 1054 1988 antiquissimam
1080 1895 1320 1964 Acumiturum
1350 1891 1606 1989 appellationem

234 2016 469 2108 servaverint,
496 2015 590 2105 cujus
619 2011 808 2107 exemplum
836 2007 912 2083 abbi
938 2030 1005 2081 non
1030 2008 1129 2081 facile
1161 2013 1327 2104 reperitur
1360 2009 1447 2106 apud
1479 2010 1606 2082 Orien-

234 2131 330 2205 tales.
384 2128 503 2224 Neque
528 2127 561 2198 id
587 2129 797 2220 ignoratione
823 2128 949 2222 proprii
974 2124 1103 2198 illorum
1129 2128 1271 2199 nominis
1296 2125 1434 2214 laetum,
1461 2135 1497 2198 ut
1523 2130 1605 2198 exi-

235 2249 380 2321 stimavit
412 2242 583 2316 Ludolius.
644 2243 731 2314 Nam
766 2241 978 2314 Graecorum
1009 2245 1120 2338 potior
1160 2243 1243 2316 iides
1286 2245 1320 2315 in
1360 2241 1605 2337 antiquitatibus

235 2360 416 2456 ejusmodi,
445 2381 543 2453 quam
568 2361 715 2454 ipsorum
742 2357 968 2454 Aethiopum,
995 2380 1134 2453 quorum
1160 2358 1296 2431 infantia
1322 2361 1391 2432 suis
1424 2363 1458 2431 in
1494 2361 1605 2450 origi-

233 2478 331 2551 nibus
359 2503 456 2575 quam
482 2479 643 2576 perpetua
671 2483 738 2568 sit,
764 2501 812 2550 ex
837 2481 920 2574 ipsis
946 2476 1077 2551 Ludclli
1103 2474 1356 2550 Commentariis
1383 2477 1464 2548 satis
1493 2496 1605 2570 appa-

234 2605 295 2666 ret.
348 2596 396 2667 At
420 2597 601 2667 Atramitae
628 2594 833 2690 appellantur
859 2595 901 2667 ab
927 2594 1129 2681 Athanasio,
1155 2591 1357 2687 Epiphanio,
1383 2590 1545 2664 Nonnoso
1571 2600 1606 2662 ct

236 2712 309 2784 aliie
341 2710 589 2784 Ecclesiasticis
624 2709 857 2805 scriptoribus,
897 2709 997 2805 idque
1038 2731 1160 2783 nomen
1192 2707 1406 2798 Ptolemaeo,
1444 2710 1604 2798 Arriano,

236 2827 428 2924 Stephano,
454 2826 688 2923 Procopioque
714 2837 845 2916 notum,
873 2825 915 2899 ad
943 2825 1093 2922 Coptitas
1121 2841 1202 2898 cum·
1221 2824 1330 2898 multis
1355 2824 1497 2899 vocibus
1516 2845 1603 2921 per-

235 2946 336 3015 venit.
389 2942 506 3037 Neque
533 2945 647 3035 ignota
673 2953 745 3031 ast,
771 2953 807 3013 ut
834 2946 1024 3014 existimant
1050 2941 1212 3031 nonnulli,
1244 2939 1413 3017 Arabihus
1441 2938 1603 3034 Gecgra-

235 3058 308 3154 pbis
340 3059 479 3130 Accam
510 3057 710 3154 Aethiopiae
745 3057 960 3154 Metropolis,
1000 3063 1098 3151 Juxta
1137 3057 1352 3146 Nonnosum‚
1394 3081 1468 3130 cum
1498 3060 1603 3153 ipsius

237 3176 421 3247 meminerit
445 3174 658 3264 Kaswinius,
684 3175 790 3249 Persa
817 3173 1052 3270 Gecgraphus,
1086 3185 1120 3246 et
1150 3175 1263 3270 plures
1299 3176 1372 3264 alii,
1406 3177 1460 3270 qui
1493 3184 1604 3247 tamen

236 3290 322 3363 bane
348 3311 469 3362 vocem
496 3290 591 3364 aliter
617 3289 782 3380 scribunt,
809 3314 907 3386 quam
934 3293 1065 3386 scripsit
1090 3291 1262 3382 Scaliger,
1293 3297 1466 3386 eugenio
1492 3294 1603 3388 potius

239 3429 337 3502 quarn
365 3407 579 3480 Orientalium
606 3411 788 3480 auwritate.
842 3406 911 3478 Sed
936 3406 1021 3478 haec
1053 3408 1162 3479 omnia
1194 3406 1299 3479 fusius
1330 3417 1365 3478 et
1399 3408 1603 3481 commodius
1667 3425 1722 3478 nor.
1750 3425 1786 3477 aa
1817 3422 1927 3496 empne

237 3522 481 3612 tractabuntur,
507 3521 564 3594 ubi
591 3523 760 3596 derebus
786 3523 1001 3618 Aethiopicis.
1056 3522 1119 3609 Qui
1147 3525 1211 3596 sint
1242 3523 1423 3594 Mac-urcei
1454 3509 1728 3596 divideremu-

237 3661 305 3710 ncn
332 3638 431 3710 iacile
458 3649 529 3728 est,
556 3661 665 3734 neque
690 3660 813 3731 magno
839 3639 988 3735 periculo
1016 3649 1127 3734 potest
1151 3641 1311 3732 ignorari.
1350 3639 1404 3711 De
1422 3639 1484 3712 illis
1500 3662 1605 3738 porro

238 3755 460 3828 Diocaesibus
488 3755 615 3842 dicetur
640 3755 794 3846 uberius,
820 3755 876 3828 ubi
903 3767 1022 3846 agetur
1057 3754 1099 3826 de
1124 3753 1362 3828 Ecclesiastioa
1389 3756 1631 3830 Patriarcha-.

238 3893 313 3942 rum
337 3870 641 3944 Alexandrinorum
662 3872 913 3965 jurisdictione,
940 3895 1015 3944 cum
1041 3895 1083 3945 ea
1110 3895 1196 3967 quae
1222 3871 1461 3962 delibavimus,
1488 3873 1531 3944 ad
1557 3876 1606 3944 ti-

240 3987 327 4060 tulos
355 4009 471 4060 eorum
497 3988 715 4084 explicandos
740 3992 839 4061 unice
864 3991 1058 4084 pertineant.
1096 3987 1177 4061 Cum
1197 3989 1311 4062 scribit
1327 3992 1399 4084 ipse
1414 3981 1607 4080 Patriarcba

240 4101 374 4193 literas,
402 4113 567 4199 quae,'ut
591 4103 782 4201 plurimum,
810 4103 969 4201 Copticos
996 4105 1106 4178 titulos
1133 4104 1272 4196 habent,
1298 4106 1356 4177 vel
1376 4107 1475 4176 etiam
1497 4103 1606 4197 sigilla

242 4218 390 4316 Copticis
423 4221 527 4293 literis
560 4229 720 4307 exarata,
754 4241 792 4291 se
826 4219 970 4316 appellat
999 4220 1304 4315 Arcbiepiaccpueu
1337 4243 1481 4316 mepaua
1512 4219 1608 4290 urbis

240 4337 497 4424 Alcaondriue,
526 4336 676 4407 Cuhiraa
691 4342 726 4407 ct
738 4339 842 4408 totius
852 4337 1017 4432 Aeqppta',
1031 4338 1195 4431 Africae,
1207 4336 1448 4431 Pentapoleos,
1462 4334 1605 4428 Libyae,

240 4450 451 4543 Aethiopiae
477 4459 512 4523 et
537 4452 692 4524 Nubiac:
716 4452 774 4525 ubi
798 4474 884 4525 vero
913 4451 955 4524 ad
987 4476 1063 4525 eum
1098 4453 1267 4543 scribitur,
1298 4462 1432 4551 praeter
1463 4453 1605 4526 uberta-

241 4575 308 4638 tem
341 4565 526 4656 titulorum,
564 4590 701 4662 quorum
736 4568 857 4640 Oriens
887 4567 1113 4641 feracissimus
1147 4577 1217 4658 est,
1257 4569 1456 4666 appellatur,
1495 4569 1606 4639 Pater

241 4668 403 4770 Petraeo,
445 4685 599 4755 Antiates
638 4684 856 4773 Antiatitum,
896 4684 1111 4756 Patriarcbo
1144 4685 1400 4775 Alexandriae,
1440 4695 1502 4757 eta.
1542 4686 1607 4756 etsi

242 4798 404 4890 ejusmodi
431 4798 717 4895 compellationum
743 4799 851 4873 forma
877 4821 945 4872 non
971 4823 1035 4874 una
1064 4809 1124 4873 est.
1848 4883 1853 4896 ,

345 4914 434 4987 XVI.
460 4914 587 4987 Verum
613 4915 656 4987 de
681 4917 779 4990 tiudis
805 4915 889 4989 haec
915 4921 996 4990 satis
1023 4939 1189 5013 superque
1214 4927 1298 4991 sunt
1324 4916 1606 5009 Estsanedigni-
1654 4907 1755 5005 ,summ
1779 4911 1869 5005 ⁰⁰¹⁶&
1886 4907 1929 5007 (Ἠ,-

242 5039 295 5104 tus
328 5029 414 5104 illius
448 5029 663 5104 Patriarcbae
697 5032 783 5128 apud
817 5033 989 5107 lacebites
1023 5032 1241 5129 amplissima,
1282 5055 1350 5105 non
1384 5033 1484 5107 modo
1519 5032 1605 5129 quod
1619 5001 1701 5062 ΨΜ
1730 5010 1794 5062 ¹³³⁰
1823 4993 1929 5063 ¹⁰¹¹q¹¹¹⁸

242 5151 409 5243 antiquam
435 5148 616 5221 secundum
645 5145 800 5222 canones
825 5151 963 5240 retinet,
991 5150 1050 5225 sed
1075 5150 1163 5246 quod
1183 5173 1258 5224 eam
1276 5153 1394 5223 mirum
1417 5153 1450 5222 iu
1474 5149 1606 5224 modurn
1619 5077 1788 5220 piperum
1812 5079 1912 5133 ΡΜ
