<?xml version="1.0" encoding="UTF-8"?>
<!DOCTYPE html PUBLIC "-//W3C//DTD XHTML 1.0 Transitional//EN"
    "http://www.w3.org/TR/xhtml1/DTD/xhtml1-transitional.dtd">
<html xmlns="http://www.w3.org/1999/xhtml" xml:lang="en" lang="en">
 <head>
  <title>
</title>
<meta http-equiv="Content-Type" content="text/html;charset=utf-8" />
  <meta name='ocr-system' content='tesseract 3.04.00' />
  <meta name='ocr-capabilities' content='ocr_page ocr_carea ocr_par ocr_line ocrx_word'/>
</head>
<body>
  <div class='ocr_page' id='page_1' title='image "./liturgiarumorie03renagoog_0521.png"; bbox 0 0 4686 6060; ppageno 0'>
   <div class='ocr_carea' id='block_1_1' title="bbox 630 622 1614 701">
    <p class='ocr_par' dir='ltr' id='par_1_1' title="bbox 630 622 1614 701">
     <span class='ocr_line' id='line_1_1' title="bbox 630 622 1614 701; baseline -0.001 -1"><span class='ocrx_word' id='word_1_1' title='bbox 630 627 706 700; x_wconf 79' lang='lat'><strong>358</strong></span> <span class='ocrx_word' id='word_1_2' title='bbox 1008 622 1614 701; x_wconf 77' lang='lat' dir='ltr'><strong>ourlrutlucul</strong></span> 
     </span>
    </p>
   </div>
   <div class='ocr_carea' id='block_1_2' title="bbox 306 809 2005 5179">
    <p class='ocr_par' dir='ltr' id='par_1_2' title="bbox 306 809 2049 5179">
     <span class='ocr_line' id='line_1_2' title="bbox 627 809 2004 910; baseline -0.002 -26"><span class='ocrx_word' id='word_1_3' title='bbox 627 835 710 910; x_wconf 89' lang='lat' dir='ltr'><strong>pere</strong></span> <span class='ocrx_word' id='word_1_4' title='bbox 737 811 780 883; x_wconf 91' lang='lat' dir='ltr'><strong>ad</strong></span> <span class='ocrx_word' id='word_1_5' title='bbox 807 809 1060 884; x_wconf 86' lang='lat' dir='ltr'><strong>convellendam</strong></span> <span class='ocrx_word' id='word_1_6' title='bbox 1088 809 1323 905; x_wconf 88' lang='lat' dir='ltr'><strong>Episcopalem</strong></span> <span class='ocrx_word' id='word_1_7' title='bbox 1350 810 1563 903; x_wconf 84' lang='lat' dir='ltr'><strong>dignitatem,</strong></span> <span class='ocrx_word' id='word_1_8' title='bbox 1589 810 1754 901; x_wconf 83' lang='lat' dir='ltr'><strong>subjiciat</strong></span> <span class='ocrx_word' id='word_1_9' title='bbox 1809 811 1899 897; x_wconf 83' lang='lat' dir='ltr'><strong>Ouid</strong></span> <span class='ocrx_word' id='word_1_10' title='bbox 1914 816 2004 906; x_wconf 76' lang='lat' dir='ltr'><strong>facit</strong></span> 
     </span>
     <span class='ocr_line' id='line_1_3' title="bbox 628 915 2003 1021; baseline 0.001 -21"><span class='ocrx_word' id='word_1_11' title='bbox 628 935 778 1020; x_wconf 80' lang='lat' dir='ltr'><strong>occepta</strong></span> <span class='ocrx_word' id='word_1_12' title='bbox 818 927 1041 998; x_wconf 80' lang='lat' dir='ltr'><strong>ordinatione</strong></span> <span class='ocrx_word' id='word_1_13' title='bbox 1064 926 1275 1018; x_wconf 74' lang='lat' dir='ltr'><strong><em>Episcopus,</em></strong></span> <span class='ocrx_word' id='word_1_14' title='bbox 1306 926 1397 1020; x_wconf 86' lang='lat' dir='ltr'><strong>quod</strong></span> <span class='ocrx_word' id='word_1_15' title='bbox 1432 924 1620 1018; x_wconf 67' lang='lat' dir='ltr'><strong>Presbyter</strong></span> <span class='ocrx_word' id='word_1_16' title='bbox 1650 948 1719 997; x_wconf 81' lang='grc'><strong>1100</strong></span> <span class='ocrx_word' id='word_1_17' title='bbox 1750 915 1883 1021; x_wconf 73' lang='lat' dir='ltr'><strong>faciut,</strong></span> <span class='ocrx_word' id='word_1_18' title='bbox 1924 933 2003 1002; x_wconf 87' lang='lat' dir='ltr'><strong>satis</strong></span> 
     </span>
     <span class='ocr_line' id='line_1_4' title="bbox 628 1040 2005 1136; baseline 0.001 -21"><span class='ocrx_word' id='word_1_19' title='bbox 628 1043 847 1136; x_wconf 81' lang='lat' dir='ltr'><strong>significavit,</strong></span> <span class='ocrx_word' id='word_1_20' title='bbox 876 1041 1117 1113; x_wconf 76' lang='lat' dir='ltr'>ordinationem</span> <span class='ocrx_word' id='word_1_21' title='bbox 1145 1062 1213 1111; x_wconf 91' lang='lat' dir='ltr'><strong>non</strong></span> <span class='ocrx_word' id='word_1_22' title='bbox 1230 1040 1331 1113; x_wconf 94' lang='lat' dir='ltr'><strong>modo</strong></span> <span class='ocrx_word' id='word_1_23' title='bbox 1353 1043 1517 1133; x_wconf 91' lang='lat' dir='ltr'><strong>majorum</strong></span> <span class='ocrx_word' id='word_1_24' title='bbox 1534 1041 1739 1132; x_wconf 69' lang='lat' dir='ltr'><strong>Antistium,</strong></span> <span class='ocrx_word' id='word_1_25' title='bbox 1765 1043 1826 1116; x_wconf 91' lang='lat' dir='ltr'><strong>sed</strong></span> <span class='ocrx_word' id='word_1_26' title='bbox 1848 1047 2005 1135; x_wconf 88' lang='lat' dir='ltr'><strong>omnium,</strong></span> 
     </span>
     <span class='ocr_line' id='line_1_5' title="bbox 629 1155 2003 1256; baseline 0.003 -28"><span class='ocrx_word' id='word_1_27' title='bbox 629 1163 815 1253; x_wconf 81' lang='lat' dir='ltr'>quicunque</span> <span class='ocrx_word' id='word_1_28' title='bbox 840 1160 874 1228; x_wconf 94' lang='lat' dir='ltr'><strong>in</strong></span> <span class='ocrx_word' id='word_1_29' title='bbox 901 1155 1007 1248; x_wconf 82' lang='lat' dir='ltr'><strong>gradu</strong></span> <span class='ocrx_word' id='word_1_30' title='bbox 1033 1155 1275 1230; x_wconf 78' lang='lat' dir='ltr'><strong>Ecclesiastico</strong></span> <span class='ocrx_word' id='word_1_31' title='bbox 1302 1160 1469 1240; x_wconf 86' lang='lat' dir='ltr'><strong>constituti</strong></span> <span class='ocrx_word' id='word_1_32' title='bbox 1496 1167 1590 1244; x_wconf 90' lang='lat' dir='ltr'><strong>suut,</strong></span> <span class='ocrx_word' id='word_1_33' title='bbox 1626 1155 1670 1227; x_wconf 91' lang='lat' dir='ltr'><strong>ad</strong></span> <span class='ocrx_word' id='word_1_34' title='bbox 1696 1156 1889 1254; x_wconf 88' lang='lat' dir='ltr'><strong>Episcopos</strong></span> <span class='ocrx_word' id='word_1_35' title='bbox 1918 1182 2003 1256; x_wconf 89' lang='lat' dir='ltr'><strong>per-</strong></span> 
     </span>
     <span class='ocr_line' id='line_1_6' title="bbox 628 1272 2004 1370; baseline 0.001 -24"><span class='ocrx_word' id='word_1_36' title='bbox 628 1280 746 1346; x_wconf 89' lang='lat' dir='ltr'><strong>tinere.</strong></span> <span class='ocrx_word' id='word_1_37' title='bbox 800 1272 883 1359; x_wconf 78' lang='lat' dir='ltr'><strong>Quis</strong></span> <span class='ocrx_word' id='word_1_38' title='bbox 917 1275 1005 1344; x_wconf 89' lang='lat' dir='ltr'><strong>enim</strong></span> <span class='ocrx_word' id='word_1_39' title='bbox 1044 1275 1213 1352; x_wconf 84' lang='lat' dir='ltr'><strong>existimet</strong></span> <span class='ocrx_word' id='word_1_40' title='bbox 1251 1295 1328 1344; x_wconf 89' lang='lat' dir='ltr'><strong>eum</strong></span> <span class='ocrx_word' id='word_1_41' title='bbox 1361 1272 1507 1346; x_wconf 90' lang='lat' dir='ltr'><strong>ordinari</strong></span> <span class='ocrx_word' id='word_1_42' title='bbox 1538 1274 1688 1367; x_wconf 84' lang='lat' dir='ltr'><strong>potuisse</strong></span> <span class='ocrx_word' id='word_1_43' title='bbox 1724 1295 1745 1345; x_wconf 90' lang='lat' dir='ltr'><strong>a</strong></span> <span class='ocrx_word' id='word_1_44' title='bbox 1777 1274 2004 1370; x_wconf 76' lang='lat' dir='ltr'><strong>Presbyteris,</strong></span> 
     </span>
     <span class='ocr_line' id='line_1_7' title="bbox 630 1385 2003 1487; baseline -0.001 -23"><span class='ocrx_word' id='word_1_45' title='bbox 630 1391 748 1487; x_wconf 89' lang='lat' dir='ltr'><strong>quihus</strong></span> <span class='ocrx_word' id='word_1_46' title='bbox 774 1410 884 1484; x_wconf 90' lang='lat' dir='ltr'><strong>neque</strong></span> <span class='ocrx_word' id='word_1_47' title='bbox 918 1387 1086 1460; x_wconf 82' lang='lat' dir='ltr'><strong>inferioris</strong></span> <span class='ocrx_word' id='word_1_48' title='bbox 1128 1387 1253 1462; x_wconf 89' lang='lat' dir='ltr'>ordinis</span> <span class='ocrx_word' id='word_1_49' title='bbox 1290 1385 1454 1460; x_wconf 83' lang='lat' dir='ltr'><strong>Clericum</strong></span> <span class='ocrx_word' id='word_1_50' title='bbox 1490 1387 1647 1460; x_wconf 90' lang='lat' dir='ltr'><strong>ordinare</strong></span> <span class='ocrx_word' id='word_1_51' title='bbox 1679 1385 1732 1464; x_wconf 77' lang='lat' dir='ltr'><strong>los</strong></span> <span class='ocrx_word' id='word_1_52' title='bbox 1769 1388 1886 1460; x_wconf 89' lang='lat' dir='ltr'><strong>esset?</strong></span> <span class='ocrx_word' id='word_1_53' title='bbox 1923 1389 2003 1475; x_wconf 84' lang='lat' dir='ltr'><strong>Quis</strong></span> 
     </span>
     <span class='ocr_line' id='line_1_8' title="bbox 630 1502 2001 1600; baseline -0.002 -21"><span class='ocrx_word' id='word_1_54' title='bbox 630 1510 730 1580; x_wconf 90' lang='lat' dir='ltr'><strong>etiam</strong></span> <span class='ocrx_word' id='word_1_55' title='bbox 755 1503 855 1577; x_wconf 92' lang='lat' dir='ltr'><strong>ullum</strong></span> <span class='ocrx_word' id='word_1_56' title='bbox 883 1527 928 1574; x_wconf 89' lang='lat' dir='ltr'><strong>ex</strong></span> <span class='ocrx_word' id='word_1_57' title='bbox 954 1502 1194 1576; x_wconf 87' lang='lat' dir='ltr'><strong>Ecclesiastica</strong></span> <span class='ocrx_word' id='word_1_58' title='bbox 1221 1504 1359 1577; x_wconf 90' lang='lat' dir='ltr'><strong>historia</strong></span> <span class='ocrx_word' id='word_1_59' title='bbox 1384 1525 1542 1600; x_wconf 81' lang='lat' dir='ltr'><strong>promere</strong></span> <span class='ocrx_word' id='word_1_60' title='bbox 1575 1503 1767 1598; x_wconf 89' lang='lat' dir='ltr'><strong>exemplum</strong></span> <span class='ocrx_word' id='word_1_61' title='bbox 1790 1509 1909 1596; x_wconf 89' lang='lat' dir='ltr'><strong>potuit,</strong></span> <span class='ocrx_word' id='word_1_62' title='bbox 1937 1527 2001 1599; x_wconf 93' lang='lat' dir='ltr'><strong>quo</strong></span> 
     </span>
     <span class='ocr_line' id='line_1_9' title="bbox 629 1616 2003 1716; baseline -0.002 -22"><span class='ocrx_word' id='word_1_63' title='bbox 629 1631 799 1696; x_wconf 88' lang='lat' dir='ltr'><strong>constaret</strong></span> <span class='ocrx_word' id='word_1_64' title='bbox 825 1621 1030 1714; x_wconf 85' lang='lat' dir='ltr'>Episcopum</span> <span class='ocrx_word' id='word_1_65' title='bbox 1058 1643 1078 1690; x_wconf 90' lang='lat' dir='ltr'><strong>a</strong></span> <span class='ocrx_word' id='word_1_66' title='bbox 1104 1621 1319 1716; x_wconf 80' lang='lat' dir='ltr'><strong>Presbyteris</strong></span> <span class='ocrx_word' id='word_1_67' title='bbox 1351 1619 1570 1708; x_wconf 74' lang='lat' dir='ltr'><strong>ordinatum,</strong></span> <span class='ocrx_word' id='word_1_68' title='bbox 1587 1639 1684 1714; x_wconf 89' lang='lat' dir='ltr'><strong>quem</strong></span> <span class='ocrx_word' id='word_1_69' title='bbox 1718 1616 1876 1692; x_wconf 73' lang='lat' dir='ltr'><strong>canones</strong></span> <span class='ocrx_word' id='word_1_70' title='bbox 1913 1623 2003 1692; x_wconf 86' lang='lat' dir='ltr'><strong>anti-</strong></span> 
     </span>
     <span class='ocr_line' id='line_1_10' title="bbox 631 1730 2005 1834; baseline -0.004 -22"><span class='ocrx_word' id='word_1_71' title='bbox 631 1741 780 1834; x_wconf 88' lang='lat' dir='ltr'><strong>quissimi</strong></span> <span class='ocrx_word' id='word_1_72' title='bbox 807 1761 827 1809; x_wconf 90' lang='lat' dir='ltr'><strong>a</strong></span> <span class='ocrx_word' id='word_1_73' title='bbox 855 1735 958 1808; x_wconf 88' lang='lat' dir='ltr'><strong>tribus</strong></span> <span class='ocrx_word' id='word_1_74' title='bbox 986 1735 1164 1830; x_wconf 91' lang='lat' dir='ltr'><strong>Episcopis</strong></span> <span class='ocrx_word' id='word_1_75' title='bbox 1192 1734 1338 1809; x_wconf 92' lang='lat' dir='ltr'><strong>ordinari</strong></span> <span class='ocrx_word' id='word_1_76' title='bbox 1361 1738 1580 1808; x_wconf 88' lang='lat' dir='ltr'><strong>constituunt:</strong></span> <span class='ocrx_word' id='word_1_77' title='bbox 1609 1755 1693 1829; x_wconf 89' lang='lat' dir='ltr'><strong>quos</strong></span> <span class='ocrx_word' id='word_1_78' title='bbox 1708 1730 1867 1807; x_wconf 78' lang='lat' dir='ltr'><strong>Oenones</strong></span> <span class='ocrx_word' id='word_1_79' title='bbox 1883 1732 2005 1808; x_wconf 86' lang='lat' dir='ltr'><strong>habent</strong></span> 
     </span>
     <span class='ocr_line' id='line_1_11' title="bbox 630 1845 2003 1950; baseline -0.004 -22"><span class='ocrx_word' id='word_1_80' title='bbox 630 1853 786 1950; x_wconf 87' lang='lat' dir='ltr'><strong>Coptitae</strong></span> <span class='ocrx_word' id='word_1_81' title='bbox 812 1856 846 1924; x_wconf 93' lang='lat' dir='ltr'><strong>in</strong></span> <span class='ocrx_word' id='word_1_82' title='bbox 873 1853 942 1924; x_wconf 90' lang='lat' dir='ltr'><strong>suis</strong></span> <span class='ocrx_word' id='word_1_83' title='bbox 971 1847 1251 1944; x_wconf 75' lang='lat' dir='ltr'><strong>collectionibus,</strong></span> <span class='ocrx_word' id='word_1_84' title='bbox 1278 1848 1548 1944; x_wconf 88' lang='lat' dir='ltr'><strong>observatosque</strong></span> <span class='ocrx_word' id='word_1_85' title='bbox 1573 1849 1649 1922; x_wconf 92' lang='lat' dir='ltr'><strong>illos</strong></span> <span class='ocrx_word' id='word_1_86' title='bbox 1675 1845 1781 1922; x_wconf 90' lang='lat' dir='ltr'><strong>luisse</strong></span> <span class='ocrx_word' id='word_1_87' title='bbox 1809 1869 1855 1920; x_wconf 89' lang='lat' dir='ltr'><strong>ex</strong></span> <span class='ocrx_word' id='word_1_88' title='bbox 1875 1848 2003 1923; x_wconf 86' lang='lat' dir='ltr'><strong>illourm</strong></span> 
     </span>
     <span class='ocr_line' id='line_1_12' title="bbox 629 1959 2002 2062; baseline -0.004 -21"><span class='ocrx_word' id='word_1_89' title='bbox 629 1970 768 2044; x_wconf 90' lang='lat' dir='ltr'><strong>historia</strong></span> <span class='ocrx_word' id='word_1_90' title='bbox 803 1967 1057 2040; x_wconf 88' lang='lat' dir='ltr'><strong>demonstratur.</strong></span> <span class='ocrx_word' id='word_1_91' title='bbox 1115 1967 1210 2039; x_wconf 89' lang='lat' dir='ltr'><strong>Haec</strong></span> <span class='ocrx_word' id='word_1_92' title='bbox 1248 1989 1331 2040; x_wconf 90' lang='lat' dir='ltr'><strong>sane</strong></span> <span class='ocrx_word' id='word_1_93' title='bbox 1368 1969 1542 2040; x_wconf 89' lang='lat' dir='ltr'><strong>notissima</strong></span> <span class='ocrx_word' id='word_1_94' title='bbox 1568 1959 1663 2062; x_wconf 58' lang='lat' dir='ltr'><strong>Japud</strong></span> <span class='ocrx_word' id='word_1_95' title='bbox 1695 1985 1812 2036; x_wconf 88' lang='lat' dir='ltr'><strong>omnes</strong></span> <span class='ocrx_word' id='word_1_96' title='bbox 1844 1962 2002 2038; x_wconf 87' lang='lat' dir='ltr'><strong>historiae</strong></span> 
     </span>
     <span class='ocr_line' id='line_1_13' title="bbox 630 2079 2002 2180; baseline -0.005 -23"><span class='ocrx_word' id='word_1_97' title='bbox 630 2084 890 2180; x_wconf 79' lang='lat' dir='ltr'><strong>disciplinaeque</strong></span> <span class='ocrx_word' id='word_1_98' title='bbox 904 2081 1167 2154; x_wconf 76' lang='lat' dir='ltr'><strong>Ecclesiasticus</strong></span> <span class='ocrx_word' id='word_1_99' title='bbox 1192 2085 1336 2178; x_wconf 74' lang='lat' dir='ltr'><strong>peritoS,</strong></span> <span class='ocrx_word' id='word_1_100' title='bbox 1363 2082 1511 2177; x_wconf 89' lang='lat' dir='ltr'><strong>probare</strong></span> <span class='ocrx_word' id='word_1_101' title='bbox 1536 2079 1643 2154; x_wconf 85' lang='lat' dir='ltr'><strong>insius</strong></span> <span class='ocrx_word' id='word_1_102' title='bbox 1676 2102 1820 2154; x_wconf 87' lang='lat' dir='ltr'><strong>necesse</strong></span> <span class='ocrx_word' id='word_1_103' title='bbox 1846 2101 1916 2152; x_wconf 91' lang='lat' dir='ltr'><strong>non</strong></span> <span class='ocrx_word' id='word_1_104' title='bbox 1943 2089 2002 2152; x_wconf 87' lang='lat' dir='ltr'><strong>est</strong></span> 
     </span>
     <span class='ocr_line' id='line_1_14' title="bbox 629 2195 2002 2285; baseline -0.005 -12"><span class='ocrx_word' id='word_1_105' title='bbox 629 2202 755 2274; x_wconf 88' lang='lat' dir='ltr'><strong>Verum</strong></span> <span class='ocrx_word' id='word_1_106' title='bbox 781 2208 817 2270; x_wconf 90' lang='lat' dir='ltr'><strong>ut</strong></span> <span class='ocrx_word' id='word_1_107' title='bbox 841 2202 876 2270; x_wconf 94' lang='lat' dir='ltr'><strong>in</strong></span> <span class='ocrx_word' id='word_1_108' title='bbox 902 2195 1078 2270; x_wconf 85' lang='lat' dir='ltr'><strong>traditione</strong></span> <span class='ocrx_word' id='word_1_109' title='bbox 1098 2197 1402 2269; x_wconf 86' lang='lat' dir='ltr'><strong>Alexandrinorum</strong></span> <span class='ocrx_word' id='word_1_110' title='bbox 1416 2197 1643 2270; x_wconf 89' lang='lat' dir='ltr'><strong>Jacobitarum</strong></span> <span class='ocrx_word' id='word_1_111' title='bbox 1658 2199 1893 2285; x_wconf 81' lang='lat' dir='ltr'><strong>consistamus,</strong></span> <span class='ocrx_word' id='word_1_112' title='bbox 1919 2195 2002 2269; x_wconf 89' lang='lat' dir='ltr'><strong>haec</strong></span> 
     </span>
     <span class='ocr_line' id='line_1_15' title="bbox 629 2311 1524 2412; baseline -0.004 -24"><span class='ocrx_word' id='word_1_113' title='bbox 629 2316 671 2389; x_wconf 90' lang='lat' dir='ltr'><strong>de</strong></span> <span class='ocrx_word' id='word_1_114' title='bbox 696 2313 856 2412; x_wconf 78' lang='lat' dir='ltr'><strong>Eutychii</strong></span> <span class='ocrx_word' id='word_1_115' title='bbox 879 2315 1069 2384; x_wconf 87' lang='lat' dir='ltr'><strong>narratione</strong></span> <span class='ocrx_word' id='word_1_116' title='bbox 1097 2311 1311 2386; x_wconf 89' lang='lat' dir='ltr'><strong>observanda</strong></span> <span class='ocrx_word' id='word_1_117' title='bbox 1337 2322 1524 2384; x_wconf 85' lang='lat' dir='ltr'><strong>occurrunt</strong></span> 
     </span>
     <span class='ocr_line' id='line_1_16' title="bbox 367 2421 2001 2524; baseline 0.002 -30"><span class='ocrx_word' id='word_1_118' title='bbox 367 2442 408 2498; x_wconf 78' lang='lat' dir='ltr'><strong>nn</strong></span> <span class='ocrx_word' id='word_1_119' title='bbox 438 2460 454 2496; x_wconf 76' lang='lat' dir='ltr'><strong>a</strong></span> <span class='ocrx_word' id='word_1_120' title='bbox 482 2443 616 2498; x_wconf 73' lang='lat' dir='ltr'><strong>adoneum</strong></span> <span class='ocrx_word' id='word_1_121' title='bbox 732 2421 935 2503; x_wconf 74' lang='lat' dir='ltr'><strong>XXIIL&#39;Ac</strong></span> <span class='ocrx_word' id='word_1_122' title='bbox 960 2430 1067 2523; x_wconf 91' lang='lat' dir='ltr'><strong>primo</strong></span> <span class='ocrx_word' id='word_1_123' title='bbox 1095 2428 1227 2524; x_wconf 92' lang='lat' dir='ltr'><strong>quidem</strong></span> <span class='ocrx_word' id='word_1_124' title='bbox 1253 2428 1501 2502; x_wconf 89' lang='lat' dir='ltr'><strong>observandum</strong></span> <span class='ocrx_word' id='word_1_125' title='bbox 1528 2437 1597 2517; x_wconf 90' lang='lat' dir='ltr'><strong>est,</strong></span> <span class='ocrx_word' id='word_1_126' title='bbox 1622 2425 1701 2497; x_wconf 91' lang='lat' dir='ltr'><strong>nihil</strong></span> <span class='ocrx_word' id='word_1_127' title='bbox 1726 2435 1846 2497; x_wconf 85' lang='lat' dir='ltr'><strong>extare</strong></span> <span class='ocrx_word' id='word_1_128' title='bbox 1871 2426 1905 2499; x_wconf 89' lang='lat' dir='ltr'><strong>in</strong></span> <span class='ocrx_word' id='word_1_129' title='bbox 1932 2427 2001 2500; x_wconf 87' lang='lat' dir='ltr'><strong>Se-</strong></span> 
     </span>
     <span class='ocr_line' id='line_1_17' title="bbox 306 2528 2001 2642; baseline -0.004 -20"><span class='ocrx_word' id='word_1_130' title='bbox 306 2528 474 2597; x_wconf 63' lang='lat' dir='ltr'><strong>P‘⁰⁸¹&#39;l⁸⁰&#39;⁵⁵·</strong></span> <span class='ocrx_word' id='word_1_131' title='bbox 629 2551 705 2622; x_wconf 86' lang='lat' dir='ltr'><strong>veri</strong></span> <span class='ocrx_word' id='word_1_132' title='bbox 731 2547 891 2642; x_wconf 88' lang='lat' dir='ltr'><strong>Episcopi</strong></span> <span class='ocrx_word' id='word_1_133' title='bbox 916 2542 1212 2618; x_wconf 89' lang='lat' dir='ltr'><strong>Aschmoninensis</strong></span> <span class='ocrx_word' id='word_1_134' title='bbox 1240 2541 1404 2632; x_wconf 86' lang='lat' dir='ltr'><strong>Historia,</strong></span> <span class='ocrx_word' id='word_1_135' title='bbox 1432 2541 1689 2640; x_wconf 71' lang='lat' dir='ltr'><strong>quodEutychii</strong></span> <span class='ocrx_word' id='word_1_136' title='bbox 1704 2543 1894 2614; x_wconf 91' lang='lat' dir='ltr'><strong>testimonio</strong></span> <span class='ocrx_word' id='word_1_137' title='bbox 1911 2564 2001 2638; x_wconf 89' lang='lat' dir='ltr'><strong>pon-</strong></span> 
     </span>
     <span class='ocr_line' id='line_1_18' title="bbox 631 2654 2003 2755; baseline -0.005 -18"><span class='ocrx_word' id='word_1_138' title='bbox 631 2665 692 2736; x_wconf 93' lang='lat' dir='ltr'><strong>dus</strong></span> <span class='ocrx_word' id='word_1_139' title='bbox 719 2663 865 2753; x_wconf 88' lang='lat' dir='ltr'><strong>adjicere</strong></span> <span class='ocrx_word' id='word_1_140' title='bbox 892 2669 1007 2752; x_wconf 87' lang='lat' dir='ltr'><strong>queat:</strong></span> <span class='ocrx_word' id='word_1_141' title='bbox 1034 2680 1102 2730; x_wconf 91' lang='lat' dir='ltr'><strong>non</strong></span> <span class='ocrx_word' id='word_1_142' title='bbox 1128 2661 1162 2730; x_wconf 94' lang='lat' dir='ltr'><strong>in</strong></span> <span class='ocrx_word' id='word_1_143' title='bbox 1188 2663 1258 2732; x_wconf 88' lang='lat' dir='ltr'><strong>vita</strong></span> <span class='ocrx_word' id='word_1_144' title='bbox 1284 2658 1409 2748; x_wconf 86' lang='lat' dir='ltr'><strong>Marci,</strong></span> <span class='ocrx_word' id='word_1_145' title='bbox 1435 2681 1546 2755; x_wconf 91' lang='lat' dir='ltr'><strong>neque</strong></span> <span class='ocrx_word' id='word_1_146' title='bbox 1573 2662 1606 2729; x_wconf 95' lang='lat' dir='ltr'><strong>in</strong></span> <span class='ocrx_word' id='word_1_147' title='bbox 1632 2661 1702 2729; x_wconf 89' lang='lat' dir='ltr'><strong>vita</strong></span> <span class='ocrx_word' id='word_1_148' title='bbox 1728 2654 1920 2748; x_wconf 88' lang='lat' dir='ltr'><strong>Hieraclae,</strong></span> <span class='ocrx_word' id='word_1_149' title='bbox 1949 2667 2003 2730; x_wconf 90' lang='lat' dir='ltr'><strong>aut</strong></span> 
     </span>
     <span class='ocr_line' id='line_1_19' title="bbox 629 2768 2001 2871; baseline -0.007 -17"><span class='ocrx_word' id='word_1_150' title='bbox 629 2777 826 2854; x_wconf 87' lang='lat' dir='ltr'><strong>Alexandri.</strong></span> <span class='ocrx_word' id='word_1_151' title='bbox 878 2773 1086 2845; x_wconf 86' lang='lat' dir='ltr'><strong>Elmacinum</strong></span> <span class='ocrx_word' id='word_1_152' title='bbox 1116 2773 1193 2846; x_wconf 87' lang='lat' dir='ltr'><strong>nihil</strong></span> <span class='ocrx_word' id='word_1_153' title='bbox 1223 2796 1411 2866; x_wconf 81' lang='lat' dir='ltr'><strong>moramur,</strong></span> <span class='ocrx_word' id='word_1_154' title='bbox 1448 2778 1503 2871; x_wconf 94' lang='lat' dir='ltr'><strong>qui</strong></span> <span class='ocrx_word' id='word_1_155' title='bbox 1534 2773 1613 2846; x_wconf 88' lang='lat' dir='ltr'><strong>nihil</strong></span> <span class='ocrx_word' id='word_1_156' title='bbox 1644 2772 1750 2844; x_wconf 80' lang='lat' dir='ltr'><strong>termo</strong></span> <span class='ocrx_word' id='word_1_157' title='bbox 1781 2768 1882 2842; x_wconf 86' lang='lat' dir='ltr'><strong>habet</strong></span> <span class='ocrx_word' id='word_1_158' title='bbox 1913 2778 2001 2846; x_wconf 89' lang='lat' dir='ltr'><strong>circa</strong></span> 
     </span>
     <span class='ocr_line' id='line_1_20' title="bbox 630 2872 2001 2988; baseline -0.004 -22"><span class='ocrx_word' id='word_1_159' title='bbox 630 2896 766 2988; x_wconf 86' lang='lat' dir='ltr'><strong>antiqua</strong></span> <span class='ocrx_word' id='word_1_160' title='bbox 790 2872 847 2962; x_wconf 84' lang='lat' dir='ltr'><strong>illa</strong></span> <span class='ocrx_word' id='word_1_161' title='bbox 873 2900 1039 2984; x_wconf 88' lang='lat' dir='ltr'><strong>tempora,</strong></span> <span class='ocrx_word' id='word_1_162' title='bbox 1067 2890 1155 2984; x_wconf 91' lang='lat' dir='ltr'><strong>quod</strong></span> <span class='ocrx_word' id='word_1_163' title='bbox 1181 2911 1249 2962; x_wconf 93' lang='lat' dir='ltr'><strong>non</strong></span> <span class='ocrx_word' id='word_1_164' title='bbox 1275 2913 1321 2962; x_wconf 91' lang='lat' dir='ltr'><strong>ex</strong></span> <span class='ocrx_word' id='word_1_165' title='bbox 1347 2887 1512 2986; x_wconf 73' lang='lat' dir='ltr'><strong>Eutychio</strong></span> <span class='ocrx_word' id='word_1_166' title='bbox 1539 2888 1767 2985; x_wconf 88' lang='lat' dir='ltr'><strong>descripserit:</strong></span> <span class='ocrx_word' id='word_1_167' title='bbox 1799 2883 1910 2959; x_wconf 90' lang='lat' dir='ltr'><strong>levior</strong></span> <span class='ocrx_word' id='word_1_168' title='bbox 1937 2889 2001 2962; x_wconf 89' lang='lat' dir='ltr'><strong>ad-</strong></span> 
     </span>
     <span class='ocr_line' id='line_1_21' title="bbox 629 3002 2002 3100; baseline -0.003 -19"><span class='ocrx_word' id='word_1_169' title='bbox 629 3010 694 3081; x_wconf 93' lang='lat' dir='ltr'><strong>huc</strong></span> <span class='ocrx_word' id='word_1_170' title='bbox 720 3029 799 3080; x_wconf 88' lang='lat' dir='ltr'><strong>esse</strong></span> <span class='ocrx_word' id='word_1_171' title='bbox 825 3004 925 3078; x_wconf 90' lang='lat' dir='ltr'><strong>debet</strong></span> <span class='ocrx_word' id='word_1_172' title='bbox 950 3003 1101 3076; x_wconf 85' lang='lat' dir='ltr'><strong>Makrinii</strong></span> <span class='ocrx_word' id='word_1_173' title='bbox 1125 3002 1358 3078; x_wconf 88' lang='lat' dir='ltr'><strong>Muhamedaui</strong></span> <span class='ocrx_word' id='word_1_174' title='bbox 1384 3009 1563 3094; x_wconf 88' lang='lat' dir='ltr'><strong>autoritas,</strong></span> <span class='ocrx_word' id='word_1_175' title='bbox 1595 3007 1651 3100; x_wconf 86' lang='lat' dir='ltr'><strong>qui</strong></span> <span class='ocrx_word' id='word_1_176' title='bbox 1677 3016 1788 3081; x_wconf 89' lang='lat' dir='ltr'><strong>tamen</strong></span> <span class='ocrx_word' id='word_1_177' title='bbox 1813 3007 1937 3077; x_wconf 86' lang='lat' dir='ltr'><strong>rectius</strong></span> <span class='ocrx_word' id='word_1_178' title='bbox 1970 3016 2002 3077; x_wconf 90' lang='lat' dir='ltr'><strong>et</strong></span> 
     </span>
     <span class='ocr_line' id='line_1_22' title="bbox 631 3119 2001 3217; baseline -0.004 -19"><span class='ocrx_word' id='word_1_179' title='bbox 631 3124 818 3198; x_wconf 88' lang='lat' dir='ltr'><strong>accuratius</strong></span> <span class='ocrx_word' id='word_1_180' title='bbox 858 3123 1055 3194; x_wconf 86' lang='lat' dir='ltr'><strong>sententiam</strong></span> <span class='ocrx_word' id='word_1_181' title='bbox 1092 3119 1266 3217; x_wconf 77' lang='lat' dir='ltr'><strong>Eutychii,</strong></span> <span class='ocrx_word' id='word_1_182' title='bbox 1307 3145 1405 3216; x_wconf 91' lang='lat' dir='ltr'><strong>quam</strong></span> <span class='ocrx_word' id='word_1_183' title='bbox 1446 3120 1611 3194; x_wconf 90' lang='lat' dir='ltr'><strong>Seldenus</strong></span> <span class='ocrx_word' id='word_1_184' title='bbox 1652 3121 1785 3196; x_wconf 73' lang='lat' dir='ltr'><strong>videtin</strong></span> <span class='ocrx_word' id='word_1_185' title='bbox 1817 3131 2001 3196; x_wconf 88' lang='lat' dir='ltr'><strong>assecutus.</strong></span> 
     </span>
     <span class='ocr_line' id='line_1_23' title="bbox 460 3236 2002 3331; baseline -0.002 -19"><span class='ocrx_word' id='word_1_186' title='bbox 460 3295 482 3328; x_wconf 64' lang='grc'><strong>,.</strong></span> <span class='ocrx_word' id='word_1_187' title='bbox 615 3239 746 3330; x_wconf 78' lang='lat' dir='ltr'><strong>¹Verba</strong></span> <span class='ocrx_word' id='word_1_188' title='bbox 786 3241 859 3331; x_wconf 89' lang='lat' dir='ltr'><strong>ejus</strong></span> <span class='ocrx_word' id='word_1_189' title='bbox 898 3245 983 3308; x_wconf 85' lang='lat' dir='ltr'><strong>sunt</strong></span> <span class='ocrx_word' id='word_1_190' title='bbox 1036 3236 1221 3331; x_wconf 81' lang='lat' dir='ltr'><strong>Postquam</strong></span> <span class='ocrx_word' id='word_1_191' title='bbox 1252 3237 1409 3325; x_wconf 79' lang='lat' dir='ltr'><strong>Marcus,</strong></span> <span class='ocrx_word' id='word_1_192' title='bbox 1441 3236 1637 3313; x_wconf 73' lang='lat' dir='ltr'><strong>uocatus</strong></span> <span class='ocrx_word' id='word_1_193' title='bbox 1673 3242 1731 3331; x_wconf 86' lang='lat' dir='ltr'><strong>qui</strong></span> <span class='ocrx_word' id='word_1_194' title='bbox 1772 3247 1806 3312; x_wconf 88' lang='lat' dir='ltr'><strong>et</strong></span> <span class='ocrx_word' id='word_1_195' title='bbox 1844 3241 2002 3312; x_wconf 77' lang='lat' dir='ltr'><strong>Auienus</strong></span> 
     </span>
     <span class='ocr_line' id='line_1_24' title="bbox 324 3315 2001 3454; baseline -0.001 -27"><span class='ocrx_word' id='word_1_196' title='bbox 324 3315 496 3454; x_wconf 34' lang='lat' dir='ltr'><strong>pff&amp;</strong></span> <span class='ocrx_word' id='word_1_197' title='bbox 513 3316 741 3428; x_wconf 52' lang='lat' dir='ltr'><strong>Amphdictuc</strong></span> <span class='ocrx_word' id='word_1_198' title='bbox 766 3359 819 3424; x_wconf 85' lang='lat' dir='ltr'><strong>est</strong></span> <span class='ocrx_word' id='word_1_199' title='bbox 842 3349 1087 3423; x_wconf 76' lang='lat' dir='ltr'><strong>Putriarcltum</strong></span> <span class='ocrx_word' id='word_1_200' title='bbox 1112 3351 1386 3422; x_wconf 81' lang='lat' dir='ltr'><strong>Alccundriuuuc</strong></span> <span class='ocrx_word' id='word_1_201' title='bbox 1412 3355 1602 3440; x_wconf 79' lang='lat' dir='ltr'><strong>coustituit,</strong></span> <span class='ocrx_word' id='word_1_202' title='bbox 1636 3354 1795 3444; x_wconf 64' lang='lat' dir='ltr'><strong>aclp&#39;um</strong></span> <span class='ocrx_word' id='word_1_203' title='bbox 1817 3357 1885 3448; x_wconf 82' lang='lat' dir='ltr'><strong>ipsi</strong></span> <span class='ocrx_word' id='word_1_204' title='bbox 1912 3355 2001 3426; x_wconf 88' lang='lat' dir='ltr'><strong>duo-</strong></span> 
     </span>
     <span class='ocr_line' id='line_1_25' title="bbox 629 3465 2002 3561; baseline -0.001 -17"><span class='ocrx_word' id='word_1_205' title='bbox 629 3474 739 3544; x_wconf 87' lang='lat' dir='ltr'><strong>decim</strong></span> <span class='ocrx_word' id='word_1_206' title='bbox 764 3466 1007 3560; x_wconf 79' lang='lat' dir='ltr'><strong>Preabytcros,</strong></span> <span class='ocrx_word' id='word_1_207' title='bbox 1034 3465 1155 3560; x_wconf 80' lang='lat' dir='ltr'><strong>quibua</strong></span> <span class='ocrx_word' id='word_1_208' title='bbox 1176 3470 1360 3560; x_wconf 85' lang='lat' dir='ltr'><strong>proecepit</strong></span> <span class='ocrx_word' id='word_1_209' title='bbox 1393 3473 1430 3538; x_wconf 82' lang='lat' dir='ltr'><strong>ut</strong></span> <span class='ocrx_word' id='word_1_210' title='bbox 1462 3467 1597 3561; x_wconf 81' lang='lat' dir='ltr'><strong>quondo</strong></span> <span class='ocrx_word' id='word_1_211' title='bbox 1633 3467 1881 3541; x_wconf 81' lang='lat' dir='ltr'><strong>Putriorcltum</strong></span> <span class='ocrx_word' id='word_1_212' title='bbox 1916 3471 2002 3544; x_wconf 83' lang='lat' dir='ltr'><strong>diem</strong></span> 
     </span>
     <span class='ocr_line' id='line_1_26' title="bbox 629 3583 2000 3678; baseline -0.001 -19"><span class='ocrx_word' id='word_1_213' title='bbox 629 3607 723 3659; x_wconf 82' lang='lat' dir='ltr'><strong>auum</strong></span> <span class='ocrx_word' id='word_1_214' title='bbox 749 3583 847 3656; x_wconf 83' lang='lat' dir='ltr'><strong>obire</strong></span> <span class='ocrx_word' id='word_1_215' title='bbox 873 3584 1103 3678; x_wconf 79' lang='lat' dir='ltr'><strong>coutiupcret,</strong></span> <span class='ocrx_word' id='word_1_216' title='bbox 1131 3587 1203 3672; x_wconf 70' lang='lat' dir='ltr'><strong>q&#39;ua</strong></span> <span class='ocrx_word' id='word_1_217' title='bbox 1228 3585 1264 3652; x_wconf 84' lang='lat' dir='ltr'><strong>iu</strong></span> <span class='ocrx_word' id='word_1_218' title='bbox 1291 3583 1417 3670; x_wconf 87' lang='lat' dir='ltr'><strong>locum,</strong></span> <span class='ocrx_word' id='word_1_219' title='bbox 1445 3604 1491 3654; x_wconf 71' lang='lat' dir='ltr'><strong>ccc</strong></span> <span class='ocrx_word' id='word_1_220' title='bbox 1517 3604 1555 3654; x_wconf 82' lang='lat' dir='ltr'><strong>ac</strong></span> <span class='ocrx_word' id='word_1_221' title='bbox 1581 3585 1666 3675; x_wconf 82' lang='lat' dir='ltr'><strong>ipsis</strong></span> <span class='ocrx_word' id='word_1_222' title='bbox 1691 3607 1791 3655; x_wconf 85' lang='lat' dir='ltr'><strong>uuum</strong></span> <span class='ocrx_word' id='word_1_223' title='bbox 1810 3589 2000 3658; x_wconf 84' lang='lat' dir='ltr'><strong>constituc-</strong></span> 
     </span>
     <span class='ocr_line' id='line_1_27' title="bbox 628 3695 2000 3795; baseline 0 -22"><span class='ocrx_word' id='word_1_224' title='bbox 628 3707 727 3789; x_wconf 86' lang='lat' dir='ltr'><strong>reut,</strong></span> <span class='ocrx_word' id='word_1_225' title='bbox 755 3699 923 3792; x_wconf 81' lang='lat' dir='ltr'><strong>odiumque</strong></span> <span class='ocrx_word' id='word_1_226' title='bbox 949 3718 995 3768; x_wconf 70' lang='lat' dir='ltr'><strong>ccc</strong></span> <span class='ocrx_word' id='word_1_227' title='bbox 1023 3695 1294 3768; x_wconf 69' lang='lat' dir='ltr'><strong>Christianorum</strong></span> <span class='ocrx_word' id='word_1_228' title='bbox 1319 3719 1458 3768; x_wconf 84' lang='lat' dir='ltr'><strong>numero</strong></span> <span class='ocrx_word' id='word_1_229' title='bbox 1484 3701 1697 3792; x_wconf 72' lang='lat' dir='ltr'><strong>sufficerent,</strong></span> <span class='ocrx_word' id='word_1_230' title='bbox 1730 3703 1782 3770; x_wconf 83' lang='lat' dir='ltr'><strong>ilc</strong></span> <span class='ocrx_word' id='word_1_231' title='bbox 1807 3707 1845 3770; x_wconf 84' lang='lat' dir='ltr'><strong>ct</strong></span> <span class='ocrx_word' id='word_1_232' title='bbox 1870 3723 2000 3795; x_wconf 79' lang='lat' dir='ltr'><strong>acmpcr</strong></span> 
     </span>
     <span class='ocr_line' id='line_1_28' title="bbox 631 3810 2001 3909; baseline -0.001 -22"><span class='ocrx_word' id='word_1_233' title='bbox 631 3815 862 3887; x_wconf 77' lang='lat' dir='ltr'><strong>duodenarius</strong></span> <span class='ocrx_word' id='word_1_234' title='bbox 899 3810 1100 3883; x_wconf 67' lang='lat' dir='ltr'><strong>aubamtcret</strong></span> <span class='ocrx_word' id='word_1_235' title='bbox 1139 3810 1424 3906; x_wconf 69' lang='lat' dir='ltr'><strong>presbyterorum</strong></span> <span class='ocrx_word' id='word_1_236' title='bbox 1461 3835 1634 3884; x_wconf 75' lang='grc'><strong>1101001101</strong></span> <span class='ocrx_word' id='word_1_237' title='bbox 1678 3837 1788 3909; x_wconf 82' lang='lat' dir='ltr'><strong>acqua</strong></span> <span class='ocrx_word' id='word_1_238' title='bbox 1828 3815 2001 3888; x_wconf 75' lang='lat' dir='ltr'><strong>deciorum</strong></span> 
     </span>
     <span class='ocr_line' id='line_1_29' title="bbox 630 3925 2000 4024; baseline 0.001 -23"><span class='ocrx_word' id='word_1_239' title='bbox 630 3933 748 4002; x_wconf 86' lang='lat' dir='ltr'><strong>creari</strong></span> <span class='ocrx_word' id='word_1_240' title='bbox 773 3927 1008 3998; x_wconf 84' lang='lat' dir='ltr'><strong>Patricrclcoc</strong></span> <span class='ocrx_word' id='word_1_241' title='bbox 1035 3949 1081 3998; x_wconf 82' lang='lat' dir='ltr'><strong>cc</strong></span> <span class='ocrx_word' id='word_1_242' title='bbox 1106 3925 1341 4020; x_wconf 79' lang='lat' dir='ltr'><strong>Presbytcric,</strong></span> <span class='ocrx_word' id='word_1_243' title='bbox 1368 3929 1479 4000; x_wconf 82' lang='lat' dir='ltr'><strong>donoc</strong></span> <span class='ocrx_word' id='word_1_244' title='bbox 1509 3933 1711 4024; x_wconf 77' lang='lat' dir='ltr'><strong>couprcpcti</strong></span> <span class='ocrx_word' id='word_1_245' title='bbox 1744 3937 1822 4001; x_wconf 82' lang='lat' dir='ltr'><strong>suut</strong></span> <span class='ocrx_word' id='word_1_246' title='bbox 1856 3935 2000 4004; x_wconf 67' lang='lat' dir='ltr'><strong>macenti</strong></span> 
     </span>
     <span class='ocr_line' id='line_1_30' title="bbox 629 4041 1999 4140; baseline 0.002 -24"><span class='ocrx_word' id='word_1_247' title='bbox 629 4046 807 4116; x_wconf 80' lang='lat' dir='ltr'><strong>decernet</strong></span> <span class='ocrx_word' id='word_1_248' title='bbox 837 4048 927 4112; x_wconf 88' lang='lat' dir='ltr'><strong>octo.</strong></span> <span class='ocrx_word' id='word_1_249' title='bbox 985 4041 1113 4116; x_wconf 89' lang='lat' dir='ltr'><strong>Sensus</strong></span> <span class='ocrx_word' id='word_1_250' title='bbox 1148 4045 1250 4134; x_wconf 85' lang='lat' dir='ltr'><strong>igitur</strong></span> <span class='ocrx_word' id='word_1_251' title='bbox 1284 4065 1380 4138; x_wconf 90' lang='lat' dir='ltr'><strong>quem</strong></span> <span class='ocrx_word' id='word_1_252' title='bbox 1413 4047 1448 4114; x_wconf 94' lang='lat' dir='ltr'><strong>in</strong></span> <span class='ocrx_word' id='word_1_253' title='bbox 1481 4042 1637 4140; x_wconf 69' lang='lat' dir='ltr'><strong>Eutychii</strong></span> <span class='ocrx_word' id='word_1_254' title='bbox 1669 4045 1785 4119; x_wconf 89' lang='lat' dir='ltr'><strong>verbis</strong></span> <span class='ocrx_word' id='word_1_255' title='bbox 1819 4046 1999 4136; x_wconf 72' lang='lat' dir='ltr'><strong>Matrinius</strong></span> 
     </span>
     <span class='ocr_line' id='line_1_31' title="bbox 628 4157 1998 4256; baseline 0.001 -24"><span class='ocrx_word' id='word_1_256' title='bbox 628 4161 807 4250; x_wconf 87' lang='lat' dir='ltr'><strong>intellexit,</strong></span> <span class='ocrx_word' id='word_1_257' title='bbox 833 4179 901 4229; x_wconf 93' lang='lat' dir='ltr'><strong>non</strong></span> <span class='ocrx_word' id='word_1_258' title='bbox 928 4157 1011 4230; x_wconf 89' lang='lat' dir='ltr'><strong>alius</strong></span> <span class='ocrx_word' id='word_1_259' title='bbox 1039 4167 1091 4230; x_wconf 88' lang='lat' dir='ltr'><strong>est</strong></span> <span class='ocrx_word' id='word_1_260' title='bbox 1118 4179 1216 4252; x_wconf 91' lang='lat' dir='ltr'><strong>quam</strong></span> <span class='ocrx_word' id='word_1_261' title='bbox 1244 4159 1333 4253; x_wconf 93' lang='lat' dir='ltr'><strong>quod</strong></span> <span class='ocrx_word' id='word_1_262' title='bbox 1359 4161 1538 4232; x_wconf 90' lang='lat' dir='ltr'><strong>institutum</strong></span> <span class='ocrx_word' id='word_1_263' title='bbox 1572 4157 1672 4232; x_wconf 85' lang='lat' dir='ltr'><strong>fuerit</strong></span> <span class='ocrx_word' id='word_1_264' title='bbox 1704 4161 1747 4236; x_wconf 87' lang='lat' dir='ltr'><strong>ab</strong></span> <span class='ocrx_word' id='word_1_265' title='bbox 1780 4161 1998 4256; x_wconf 84' lang='lat' dir='ltr'><strong>Evangelista</strong></span> 
     </span>
     <span class='ocr_line' id='line_1_32' title="bbox 629 4270 1998 4370; baseline 0.001 -22"><span class='ocrx_word' id='word_1_266' title='bbox 629 4276 745 4350; x_wconf 89' lang='lat' dir='ltr'><strong>Marco</strong></span> <span class='ocrx_word' id='word_1_267' title='bbox 772 4272 945 4344; x_wconf 87' lang='lat' dir='ltr'><strong>duodecim</strong></span> <span class='ocrx_word' id='word_1_268' title='bbox 973 4272 1182 4346; x_wconf 87' lang='lat' dir='ltr'><strong>sacerdotum</strong></span> <span class='ocrx_word' id='word_1_269' title='bbox 1211 4270 1416 4366; x_wconf 79' lang='lat' dir='ltr'><strong>Collegium,</strong></span> <span class='ocrx_word' id='word_1_270' title='bbox 1442 4297 1489 4346; x_wconf 84' lang='lat' dir='ltr'><strong>ex</strong></span> <span class='ocrx_word' id='word_1_271' title='bbox 1515 4295 1652 4369; x_wconf 91' lang='lat' dir='ltr'><strong>quorum</strong></span> <span class='ocrx_word' id='word_1_272' title='bbox 1678 4299 1816 4350; x_wconf 90' lang='lat' dir='ltr'><strong>numero</strong></span> <span class='ocrx_word' id='word_1_273' title='bbox 1836 4279 1916 4370; x_wconf 85' lang='lat' dir='ltr'><strong>eligi</strong></span> <span class='ocrx_word' id='word_1_274' title='bbox 1937 4301 1998 4352; x_wconf 91' lang='lat' dir='ltr'><strong>so-</strong></span> 
     </span>
     <span class='ocr_line' id='line_1_33' title="bbox 626 4384 1999 4483; baseline 0.001 -20"><span class='ocrx_word' id='word_1_275' title='bbox 626 4391 735 4463; x_wconf 89' lang='lat' dir='ltr'><strong>lerent</strong></span> <span class='ocrx_word' id='word_1_276' title='bbox 768 4384 993 4460; x_wconf 87' lang='lat' dir='ltr'><strong>Patriarchae.</strong></span> <span class='ocrx_word' id='word_1_277' title='bbox 1054 4387 1128 4462; x_wconf 90' lang='lat' dir='ltr'><strong>Etsi</strong></span> <span class='ocrx_word' id='word_1_278' title='bbox 1163 4409 1279 4460; x_wconf 92' lang='lat' dir='ltr'><strong>verum</strong></span> <span class='ocrx_word' id='word_1_279' title='bbox 1312 4388 1346 4460; x_wconf 93' lang='lat' dir='ltr'><strong>id</strong></span> <span class='ocrx_word' id='word_1_280' title='bbox 1385 4411 1464 4464; x_wconf 89' lang='lat' dir='ltr'><strong>esse</strong></span> <span class='ocrx_word' id='word_1_281' title='bbox 1499 4389 1780 4483; x_wconf 91' lang='lat' dir='ltr'><strong>concederemus,</strong></span> <span class='ocrx_word' id='word_1_282' title='bbox 1812 4391 1890 4465; x_wconf 89' lang='grc'><strong>1111111</strong></span> <span class='ocrx_word' id='word_1_283' title='bbox 1924 4393 1999 4464; x_wconf 89' lang='lat' dir='ltr'><strong>iude</strong></span> 
     </span>
     <span class='ocr_line' id='line_1_34' title="bbox 628 4502 1998 4603; baseline 0.001 -25"><span class='ocrx_word' id='word_1_284' title='bbox 628 4516 745 4578; x_wconf 89' lang='lat' dir='ltr'><strong>contra</strong></span> <span class='ocrx_word' id='word_1_285' title='bbox 770 4502 1017 4600; x_wconf 88' lang='lat' dir='ltr'><strong>Episcoporum</strong></span> <span class='ocrx_word' id='word_1_286' title='bbox 1044 4507 1253 4576; x_wconf 85' lang='lat' dir='ltr'><strong>autoritatem</strong></span> <span class='ocrx_word' id='word_1_287' title='bbox 1280 4502 1558 4600; x_wconf 86' lang='lat' dir='ltr'><strong>dignitatemque,</strong></span> <span class='ocrx_word' id='word_1_288' title='bbox 1591 4503 1670 4578; x_wconf 91' lang='lat' dir='ltr'><strong>nihil</strong></span> <span class='ocrx_word' id='word_1_289' title='bbox 1702 4527 1764 4603; x_wconf 92' lang='lat' dir='ltr'><strong>pro</strong></span> <span class='ocrx_word' id='word_1_290' title='bbox 1798 4507 1998 4582; x_wconf 88' lang='lat' dir='ltr'><strong>adstruendo</strong></span> 
     </span>
     <span class='ocr_line' id='line_1_35' title="bbox 628 4617 1535 4716; baseline -0.009 -19"><span class='ocrx_word' id='word_1_291' title='bbox 628 4621 844 4697; x_wconf 86' lang='lat' dir='ltr'><strong>ordinationis</strong></span> <span class='ocrx_word' id='word_1_292' title='bbox 868 4621 944 4711; x_wconf 89' lang='lat' dir='ltr'><strong>jure</strong></span> <span class='ocrx_word' id='word_1_293' title='bbox 969 4617 1205 4716; x_wconf 75' lang='lat' dir='ltr'><strong>Presbyteris,</strong></span> <span class='ocrx_word' id='word_1_294' title='bbox 1231 4618 1383 4692; x_wconf 87' lang='lat' dir='ltr'><strong>concludi</strong></span> <span class='ocrx_word' id='word_1_295' title='bbox 1409 4629 1535 4715; x_wconf 84' lang='lat' dir='ltr'><strong>posset.</strong></span> 
     </span>
     <span class='ocr_line' id='line_1_36' title="bbox 326 4734 1998 4835; baseline 0.005 -31"><span class='ocrx_word' id='word_1_296' title='bbox 326 4734 542 4834; x_wconf 26' lang='lat' dir='ltr'><strong>&#39;ueterumumec</strong></span> <span class='ocrx_word' id='word_1_297' title='bbox 556 4738 617 4835; x_wconf 71' lang='lat' dir='ltr'><strong>qs-</strong></span> <span class='ocrx_word' id='word_1_298' title='bbox 730 4735 854 4810; x_wconf 91' lang='lat' dir='ltr'><strong>XXIV.</strong></span> <span class='ocrx_word' id='word_1_299' title='bbox 881 4734 1006 4806; x_wconf 89' lang='lat' dir='ltr'><strong>Verum</strong></span> <span class='ocrx_word' id='word_1_300' title='bbox 1038 4745 1173 4829; x_wconf 89' lang='lat' dir='ltr'><strong>praeter</strong></span> <span class='ocrx_word' id='word_1_301' title='bbox 1205 4756 1304 4829; x_wconf 89' lang='lat' dir='ltr'><strong>quam</strong></span> <span class='ocrx_word' id='word_1_302' title='bbox 1338 4735 1427 4829; x_wconf 89' lang='lat' dir='ltr'><strong>quod</strong></span> <span class='ocrx_word' id='word_1_303' title='bbox 1456 4738 1571 4826; x_wconf 84' lang='lat' dir='ltr'><strong>ignota</strong></span> <span class='ocrx_word' id='word_1_304' title='bbox 1607 4744 1658 4808; x_wconf 89' lang='lat' dir='ltr'><strong>est</strong></span> <span class='ocrx_word' id='word_1_305' title='bbox 1692 4740 1824 4835; x_wconf 86' lang='lat' dir='ltr'><strong>penitus</strong></span> <span class='ocrx_word' id='word_1_306' title='bbox 1858 4739 1998 4833; x_wconf 88' lang='lat' dir='ltr'><strong>antiquis</strong></span> 
     </span>
     <span class='ocr_line' id='line_1_37' title="bbox 306 4835 1885 4888; baseline 0 -16"><span class='ocrx_word' id='word_1_307' title='bbox 306 4835 549 4888; x_wconf 79' lang='lat' dir='ltr'><strong>nrooxcmpmex</strong></span> <span class='ocrx_word' id='word_1_308' title='bbox 591 4839 615 4874; x_wconf 91' lang='grc' dir='ltr'><strong>ι-</strong></span> <span class='ocrx_word' id='word_1_309' title='bbox 728 4857 736 4872; x_wconf 87' lang='grc'><strong>.</strong></span> <span class='ocrx_word' id='word_1_310' title='bbox 849 4853 856 4867; x_wconf 88' lang='lat'><strong>·</strong></span> <span class='ocrx_word' id='word_1_311' title='bbox 1125 4852 1144 4870; x_wconf 62' lang='grc' dir='ltr'><strong>ι.</strong></span> <span class='ocrx_word' id='word_1_312' title='bbox 1364 4852 1557 4869; x_wconf 85' lang='lat'><strong>····</strong></span> <span class='ocrx_word' id='word_1_313' title='bbox 1680 4855 1688 4870; x_wconf 88' lang='lat'>.</span> <span class='ocrx_word' id='word_1_314' title='bbox 1876 4857 1885 4873; x_wconf 88' lang='lat'><strong>.</strong></span> 
     </span>
     <span class='ocr_line' id='line_1_38' title="bbox 307 4820 1999 4974; baseline -0.001 -49"><span class='ocrx_word' id='word_1_315' title='bbox 307 4907 386 4957; x_wconf 57' lang='lat' dir='ltr'><strong>m„</strong></span> <span class='ocrx_word' id='word_1_316' title='bbox 402 4820 496 4974; x_wconf 40' lang='lat' dir='ltr'><strong>wsb·</strong></span> <span class='ocrx_word' id='word_1_317' title='bbox 573 4821 589 4873; x_wconf 79' lang='lat'><strong>¹¹</strong></span> <span class='ocrx_word' id='word_1_318' title='bbox 629 4853 800 4926; x_wconf 87' lang='lat' dir='ltr'><strong>autonhus</strong></span> <span class='ocrx_word' id='word_1_319' title='bbox 824 4849 973 4942; x_wconf 77' lang='lat' dir='ltr'><strong>ejusdem</strong></span> <span class='ocrx_word' id='word_1_320' title='bbox 1002 4846 1146 4942; x_wconf 82' lang='lat' dir='ltr'><strong>Collegu</strong></span> <span class='ocrx_word' id='word_1_321' title='bbox 1172 4848 1390 4924; x_wconf 78' lang='lat' dir='ltr'><strong>sacerdotalis</strong></span> <span class='ocrx_word' id='word_1_322' title='bbox 1423 4860 1594 4923; x_wconf 88' lang='lat' dir='ltr'><strong>mstrtutro:</strong></span> <span class='ocrx_word' id='word_1_323' title='bbox 1629 4851 1819 4928; x_wconf 83' lang='lat' dir='ltr'><strong>Ouentales</strong></span> <span class='ocrx_word' id='word_1_324' title='bbox 1852 4853 1999 4928; x_wconf 82' lang='lat' dir='ltr'><strong>hustorrcr</strong></span> 
     </span>
     <span class='ocr_line' id='line_1_39' title="bbox 629 4963 1998 5064; baseline -0.001 -23"><span class='ocrx_word' id='word_1_325' title='bbox 629 4973 684 5064; x_wconf 90' lang='lat' dir='ltr'><strong>qui</strong></span> <span class='ocrx_word' id='word_1_326' title='bbox 711 4969 753 5041; x_wconf 90' lang='lat' dir='ltr'><strong>de</strong></span> <span class='ocrx_word' id='word_1_327' title='bbox 772 4965 1001 5039; x_wconf 85' lang='lat' dir='ltr'><strong>Alexandrina</strong></span> <span class='ocrx_word' id='word_1_328' title='bbox 1022 4963 1176 5038; x_wconf 82' lang='lat' dir='ltr'><strong>Ecclesia</strong></span> <span class='ocrx_word' id='word_1_329' title='bbox 1203 4967 1382 5060; x_wconf 91' lang='lat' dir='ltr'><strong>scripsere,</strong></span> <span class='ocrx_word' id='word_1_330' title='bbox 1408 4968 1607 5040; x_wconf 89' lang='lat' dir='ltr'><strong>narrationis</strong></span> <span class='ocrx_word' id='word_1_331' title='bbox 1632 4966 1729 5060; x_wconf 87' lang='lat' dir='ltr'><strong>hujus</strong></span> <span class='ocrx_word' id='word_1_332' title='bbox 1760 4967 1859 5042; x_wconf 88' lang='lat' dir='ltr'><strong>fidem</strong></span> <span class='ocrx_word' id='word_1_333' title='bbox 1891 4990 1998 5041; x_wconf 90' lang='lat' dir='ltr'><strong>evor-</strong></span> 
     </span>
     <span class='ocr_line' id='line_1_40' title="bbox 628 5079 1998 5179; baseline 0 -22"><span class='ocrx_word' id='word_1_334' title='bbox 628 5095 707 5158; x_wconf 90' lang='lat' dir='ltr'><strong>tunt.</strong></span> <span class='ocrx_word' id='word_1_335' title='bbox 761 5083 846 5156; x_wconf 87' lang='lat' dir='ltr'><strong>Nam</strong></span> <span class='ocrx_word' id='word_1_336' title='bbox 872 5084 980 5156; x_wconf 89' lang='lat' dir='ltr'><strong>statim</strong></span> <span class='ocrx_word' id='word_1_337' title='bbox 1006 5079 1062 5153; x_wconf 89' lang='lat' dir='ltr'><strong>uhi</strong></span> <span class='ocrx_word' id='word_1_338' title='bbox 1089 5081 1132 5153; x_wconf 89' lang='lat' dir='ltr'><strong>do</strong></span> <span class='ocrx_word' id='word_1_339' title='bbox 1159 5080 1323 5156; x_wconf 84' lang='lat' dir='ltr'><strong>Cerdonis</strong></span> <span class='ocrx_word' id='word_1_340' title='bbox 1350 5081 1515 5154; x_wconf 88' lang='lat' dir='ltr'><strong>electione</strong></span> <span class='ocrx_word' id='word_1_341' title='bbox 1541 5082 1710 5173; x_wconf 88' lang='lat' dir='ltr'><strong>scribitur,</strong></span> <span class='ocrx_word' id='word_1_342' title='bbox 1751 5085 1806 5179; x_wconf 93' lang='lat' dir='ltr'><strong>qui</strong></span> <span class='ocrx_word' id='word_1_343' title='bbox 1837 5087 1998 5158; x_wconf 88' lang='lat' dir='ltr'><strong>tertiusa</strong></span> 
     </span>
    </p>
   </div>
   <div class='ocr_carea' id='block_1_3' title="bbox 0 0 2348 6052">
    <p class='ocr_par' dir='ltr' id='par_1_3' title="bbox 0 0 2348 6052">
     <span class='ocr_line' id='line_1_41' title="bbox 0 0 2348 6052; baseline 0 0"><span class='ocrx_word' id='word_1_344' title='bbox 0 0 2348 6052; x_wconf 95' lang='lat' dir='ltr'><strong> </strong></span> 
     </span>
    </p>
   </div>
  </div>
 </body>
</html>
