4684 6042
630 611 681 685 52
937 547 951 572 r
1004 612 1214 691 ORATIONES
1247 614 1295 689 ET
1321 612 1631 693 BENEDICTIONES.

783 904 848 981 DE
890 903 1276 993 SEQUE'NTIBUS
1318 901 1849 986 BENEDICTlONIBUS

1073 1111 1553 1231 boolton.

731 1339 924 1460 Iritnrpir's
952 1366 1104 1462 Copticis
1130 1369 1216 1436 istas
1242 1363 1497 1436 benedictiones
1523 1362 1677 1453 adicere
1704 1373 2006 1460 operaepretium

625 1485 732 1553 uisum
758 1489 829 1572 est,
856 1507 930 1554 cum
955 1483 1003 1554 ad
1029 1505 1091 1554 eas
1117 1478 1360 1577 quodammodo
1382 1480 1593 1571 pertineant,
1622 1484 1656 1548 et
1682 1488 1883 1572 arpamenta
1908 1508 2001 1577 per-

624 1602 747 1691 spicua
773 1599 987 1692 suppeditent
1017 1599 1103 1691 fidei
1135 1597 1347 1692 Coptitarnm
1373 1597 1471 1664 circa
1483 1593 1729 1664 Eucharistiae
1746 1606 2002 1672 sacramentum.

624 1713 710 1787 Illas
745 1715 985 1808 descripsimus
1024 1737 1071 1786 ea
1109 1713 1247 1785 Rituali
1281 1709 1455 1785 Gabrielis
1486 1709 1721 1780 Alexandrini
1755 1710 2001 1807 Patriarcbae,

626 1835 721 1920 cujus
747 1829 830 1899 libri
859 1835 1054 1924 praecipua
1084 1835 1136 1901 est
1167 1827 1259 1922 apud
1294 1849 1355 1899 eos
1387 1827 1567 1896 autoritas.
1623 1824 1704 1895 Cum
1734 1849 1819 1899 aero
1855 1830 2002 1901 historia

624 1944 884 2016 Patriarcbalis
910 1945 957 2016 ad
982 1945 1073 2016 illius
1098 1967 1203 2039 usqrre
1230 1950 1384 2037 temporo
1409 1963 1478 2011 uon
1499 1943 1697 2032 perveniat,
1725 1946 1848 2014 scimus
1874 1952 2002 2018 tantam

625 2081 672 2129 ea
698 2062 923 2154 inscriptione
950 2060 1089 2132 Codicis
1113 2065 1173 2156 qui
1198 2057 1357 2132 seruatur
1382 2063 1419 2130 in
1444 2058 1666 2130 Bibliotheca
1690 2061 1817 2155 Rapio,
1846 2063 2000 2137 Gabrie-

624 2175 688 2246 lem
714 2175 819 2248 881111.
846 2180 1020 2247 numerari
1046 2180 1082 2246 iu
1109 2177 1230 2247 ordine
1264 2174 1553 2245 Putriarcbarum
1588 2173 1800 2268 Coptitarum
1833 2179 1998 2251 Alexan-

625 2291 818 2380 drinorum,
846 2298 882 2362 et
906 2291 1081 2363 Ritualem
1106 2291 1228 2362 librum
1254 2291 1446 2362 ordinatum
1472 2294 1507 2360 ct
1533 2294 1606 2381 ejm
1638 2296 1829 2364 autoritate
1864 2298 1997 2388 confir-

624 2412 748 2476 matam
770 2409 880 2500 suisse
906 2427 997 2476 anno
1024 2407 1214 2498 Martyrum
1242 2405 1356 2478 1127.
1384 2407 1443 2499 qui
1469 2410 1521 2475 est
1546 2405 1579 2477 l.
1608 2405 1643 2476 C.
1671 2405 1787 2479 1111.
1813 2432 1882 2481 aon
1909 2411 1998 2482 127.

624 2527 662 2592 ut
679 2522 838 2592 mendace
858 2522 983 2591 editum
1002 2527 1055 2591 est
1068 2525 1104 2592 iu
1118 2519 1278 2593 Historia
1290 2521 1544 2593 Alemandrina.
1576 2520 1727 2592 Eadem
1744 2520 1999 2598 benedictiones

624 2635 825 2731 quibusdam
851 2639 1007 2730 enceptis
1033 2636 1192 2709 ediderat
1219 2659 1309 2708 anno
1328 2637 1441 2709 1653.
1468 2635 1543 2707 Leo
1563 2635 1717 2707 Allotius
1740 2640 1777 2708 in
1795 2639 1997 2732 Syriaticus,

624 2775 671 2823 en
697 2755 855 2824 oersione
881 2751 1069 2823 Athanasii
1084 2753 1261 2839 lideberi,
1288 2753 1344 2822 oel
1370 2751 1542 2843 cujusdam
1562 2755 1682 2844 potius
1697 2752 1852 2826 aduenae
1868 2754 1997 2827 Orien-

624 2867 705 2937 talis
731 2871 790 2961 qui
816 2872 1018 2939 seutentiam
1048 2871 1183 2939 autoris
1212 2890 1318 2961 saepe
1350 2890 1419 2939 non
1451 2864 1626 2937 assecutus
1661 2873 1732 2957 est,
1765 2893 1830 2940 uec
1857 2868 1998 2944 ¹uidetur

623 2983 776 3054 codicem
802 2984 962 3055 babuisse
987 2987 1074 3054 satis
1099 2987 1274 3076 inteprum.
1327 2983 1451 3076 Itaque
1477 3005 1599 3053 nouam
1624 2987 1815 3056 cerdonem
1831 2987 1918 3058 darc
1937 2990 1996 3058 ni-

621 3120 693 3167 sum
719 3106 772 3170 est
796 3100 844 3171 ad
876 3101 1024 3192 Repinm
1054 3099 1231 3191 euemplar
1262 3102 1403 3190 factam.
1457 3097 1500 3167 ln
1531 3098 1645 3169 altero
1676 3121 1773 3192 quem
1805 3101 1997 3174 Kircberus

621 3220 757 3285 secutus
783 3220 850 3303 est,
878 3215 1023 3286 entabat
1048 3213 1271 3307 subscriptio,
1298 3235 1367 3307 qna
1393 3217 1534 3282 notatur
1555 3215 1731 3306 prodiisse
1745 3215 1920 3288 Rituolem
1945 3217 1995 3288 li-

620 3327 718 3399 brum
743 3336 895 3422 tempore
911 3329 1086 3402 Gabrielis
1111 3332 1321 3422 nonapesimi
1336 3331 1446 3422 quinti
1460 3326 1707 3405 Patriarcbae.
1742 3328 1815 3402 Sed
1834 3319 1995 3426 de'ceptos

621 3451 674 3515 est
699 3444 782 3516 libri
807 3445 1017 3539 descriptor,
1045 3452 1106 3516 aut
1132 3449 1318 3539 interpres,
1345 3447 1376 3514 si
1403 3441 1485 3537 quid
1515 3442 1611 3516 aliud
1641 3451 1842 3542 sipnificare
1874 3448 1993 3538 ooluit,

619 3563 689 3630 nisi
722 3563 813 3654 quod
848 3560 961 3632 coden
992 3564 1141 3654 scriptus
1172 3564 1297 3655 suisset
1332 3565 1483 3651 tenpore
1515 3561 1614 3630 istius
1647 3562 1902 3651 Pentascino,
1936 3567 1995 3657 qui

620 3674 766 3748 Gabriel
792 3680 894 3747 etiam
920 3676 1032 3747 dictus
1058 3683 1129 3762 est;
1163 3681 1198 3747 et
1227 3675 1476 3746 Misolranensis
1509 3676 1556 3747 ad
1586 3676 1731 3749 alterius
1766 3678 1995 3771 differentiam

618 3798 765 3862 uocatur
791 3815 815 3862 a
838 3789 1053 3880 Wanslebio,
1081 3798 1117 3862 et
1142 3790 1186 3861 ab
1214 3789 1394 3861 autoribus
1420 3789 1600 3862 Historiae
1627 3791 1992 3870 PatriarcbalisBol-

472 3947 476 3952 -
619 3905 823 3978 loudionae:
848 3910 940 3976 inter
968 3927 1065 3999 quem
1090 3911 1125 3977 et
1153 3905 1348 3979 Gabrielem
1373 3904 1527 3976 Ritualis
1552 3886 1817 3998 reformatorem
1842 3913 1878 3978 et
1900 3928 1992 3998 pro-

618 4020 855 4113 mulpatorem,
882 4044 946 4091 sen
972 4020 1036 4090 alii
1061 4026 1291 4092 numerantur.
1345 4019 1453 4091 Neam
1481 4027 1613 4110 autem,
1648 4024 1716 4092 nisi
1741 4023 1778 4091 in
1806 4019 1993 4091 Orientalis

619 4135 803 4207 Ecclesiae
829 4137 977 4206 historia
997 4135 1104 4227 plane
1129 4136 1267 4229 bospes,
1295 4135 1487 4228 offendetur
1519 4139 1595 4206 istis
1628 4133 1859 4223 orationibus,
1895 4135 1994 4227 quasi

618 4255 805 4322 nouitatem
829 4250 1010 4322 redoleant
1016 4302 1027 4338 ,
1056 4273 1130 4320 oum
1154 4271 1313 4320 nasorum
1337 4271 1516 4320 sacrorum
1544 4254 1723 4322 ueneratio
1755 4253 1992 4343 antiquissima

617 4369 663 4436 sit
698 4369 734 4436 in
764 4368 925 4437 uniuersa
956 4363 1137 4453 Ecclesia,
1173 4387 1272 4459 quam
1306 4364 1507 4457 relipioncm
1541 4364 1734 4436 Orientales
1767 4367 1991 4438 retinuerunt.

618 4480 709 4552 Hinc
735 4482 904 4552 miracula
929 4481 1034 4551 msulta
1060 4487 1207 4551 narrant
1233 4478 1276 4550 de
1301 4479 1529 4550 Eucbaristia
1555 4482 1592 4549 iu
1617 4478 1687 4548 illis
1699 4483 1820 4573 sacta,
1848 4485 1883 4548 et
1908 4477 1992 4548 illud

612 4601 822 4692 praesertim
847 4601 884 4666 in
909 4600 984 4668 aito
1008 4594 1136 4666 lacobi
1160 4594 1396 4666 Potriarobae
1423 4595 1463 4664 L.
1491 4595 1533 4665 de
1569 4593 1680 4664 calice
1716 4616 1762 4663 ea
1797 4615 1881 4686 quo,
1918 4615 1991 4664 oum

342 4715 405 4768 ms.
433 4714 506 4767 Pan.
529 4699 709 4804 Atexljnssu
739 4713 981 4785 Mabomedani
1011 4711 1195 4804 Praefecti
1227 4712 1285 4803 qui
1318 4709 1513 4780 Ecclesiam
1554 4711 1648 4777 nasis
1690 4706 1918 4800 spoliaverat,
1945 4705 1990 4776 ab

289 4802 394 4870 1270·
569 4906 571 4912 s
618 4831 763 4921 aurifice
786 4831 906 4922 sranpi
933 4830 1118 4920 coepisset,
1152 4848 1276 4918 mapua
1305 4827 1406 4917 {lircil
1435 4825 1612 4916 sanpuinis
1644 4823 1756 4916 copia.
1813 4821 1909 4906 Quae
1944 4821 1991 4916 ad

615 4943 755 5014 easdem
780 4942 1036 5013 benedictiones
1060 4940 1281 5011 illustrandas
1304 4941 1479 5032 pertinent
1504 4941 1540 5008 in
1566 4937 1670 5009 Notis
1696 4935 1862 5006 dicentur.

1023 5140 1578 5191 ψ
