4736 6064
482 517 524 594 Ill
543 514 726 594 GANONEM
746 515 971 594 nnumntnlt
989 515 1073 592 Slllll
1088 515 1295 593 LITURGIAM
1312 513 1583 593 AETHIOPIGAM.
1652 514 1727 591 505

351 701 482 784 spondet
505 700 634 763 orationi
656 699 865 781 Aethiopicae.
910 698 983 762 Abit
1005 707 1104 762 tamen
1126 699 1239 781 aliquot
1261 699 1337 763 loeis
1360 700 1398 762 ah
1421 717 1457 762 ea
1482 700 1727 781 quaandolfus
1775 718 1804 774 n,
1822 719 1848 771 3.
1868 719 1913 772 rm.
1932 720 1976 772 37.

351 799 479 864 inseruit
502 799 724 864 Commentario
747 817 803 863 suo
826 799 864 864 ad
886 799 1049 863 Historiam
1070 797 1289 881 Aethiopicam.
1326 799 1444 863 Summa
1468 799 1593 862 eruditis
1615 799 1728 865 noiv-

351 885 507 984 γλώποις
529 899 683 961 temeritas
706 905 810 961 nostra
833 896 994 975 videbitur,
1014 895 1145 962 hominis
1167 899 1197 960 in
1212 917 1249 962 ea
1265 899 1368 979 lingua
1383 906 1443 960 tarn
1458 898 1618 978 praeclare
1630 891 1728 965 meriti

351 1001 522 1062 versionem
547 998 762 1061 emendandam
791 997 959 1078 suscipere.
1004 996 1117 1060 Verum
1146 998 1203 1060 nisi
1232 997 1429 1060 vehementer
1456 996 1602 1076 fallimur,
1633 999 1727 1086 longo

351 1099 448 1179 maj0r
470 1099 623 1159 temeritas
645 1096 715 1174 init,
746 1115 786 1159 ex
813 1095 928 1179 regulis
954 1093 1176 1174 Grammaticis,
1204 1113 1330 1178 quarum
1352 1097 1418 1176 ipse
1440 1095 1618 1177 plerumque
1641 1108 1728 1163 antor

351 1195 417 1275 init,
441 1203 470 1258 et
493 1214 568 1276 quas
590 1195 791 1277 Aethiopibus
809 1195 886 1276 ipsis
909 1196 1043 1277 ignorari
1065 1214 1181 1279 negare
1203 1214 1265 1259 non
1287 1197 1452 1276 potuisset,
1482 1213 1518 1257 ea
1540 1195 1571 1258 in
1595 1197 1727 1278 Symbo-

352 1295 413 1357 lum
436 1294 505 1358 lidei
528 1295 740 1374 introducere,
772 1313 850 1376 quae
880 1294 1057 1358 Christianis
1085 1295 1208 1359 auribus
1235 1293 1367 1357 inaudita
1394 1293 1453 1356 hue
1476 1311 1574 1374 usque
1596 1294 1726 1361 suerunt.

352 1392 427 1470 Quis
451 1396 530 1457 enbn
550 1412 681 1475 unquam
705 1394 817 1457 audivit
839 1394 918 1456 inter
948 1393 1089 1457 attributa
1119 1393 1193 1471 Dei,
1225 1393 1298 1456 illud
1327 1393 1535 1468 Ludolfinnm,
1565 1396 1618 1473 qui
1645 1396 1730 1458 videt
1812 1453 1816 1460 .

353 1495 454 1558 omniu
477 1501 507 1555 et
526 1495 628 1556 videri
647 1511 708 1556 non
725 1500 843 1574 potest,
872 1493 1051 1573 praesertim
1074 1477 1235 1556 cum'illud
1258 1495 1361 1556 omnia
1382 1493 1413 1556 in
1435 1492 1616 1573 Aethiopico
1639 1500 1726 1556 textu

352 1609 414 1655 non
436 1593 564 1675 legatur.
606 1591 680 1654 Erat
702 1609 777 1654 sane
805 1592 981 1654 necessaria
1010 1592 1060 1654 illa
1088 1610 1165 1668 vox,
1195 1601 1228 1654 ut
1258 1593 1408 1655 sententia
1436 1591 1503 1655 Deo
1533 1593 1725 1655 conveniret:

351 1711 420 1754 narn
442 1690 580 1774 Angelus
603 1691 686 1754 videt
709 1699 741 1753 et
763 1709 824 1755 non
845 1690 980 1754 videtur:
1002 1693 1061 1754 imo
1086 1692 1182 1755 anima
1205 1690 1287 1753 videt
1309 1698 1340 1752 et
1362 1708 1423 1752 non
1445 1691 1574 1754 videtur.
1607 1691 1726 1763 Quanto

351 1790 468 1853 facilius
490 1789 546 1852 init
569 1807 756 1872 agnoscere,
780 1789 831 1852 vel
854 1789 993 1852 omissam
1016 1789 1179 1868 literulam,
1203 1785 1280 1871 quae
1302 1790 1455 1872 passivam
1476 1787 1728 1872 significationem

352 1869 537 1972 designaret,
560 1888 609 1951 vel
631 1891 757 1970 primam
779 1906 886 1952 vocem
909 1888 1013 1952 eadem
1030 1888 1250 1972 significatione
1268 1907 1338 1953 esse
1350 1888 1565 1970 accipiendam.
1597 1888 1726 1952 Omissio

351 2005 444 2071 porro
467 1989 555 2051 unius
584 1988 692 2051 literae
715 1987 804 2052 laeile
826 1989 857 2052 in
879 1988 1083 2070 suspicionem
1105 1989 1211 2051 venire
1233 1988 1331 2070 potuit
1360 1989 1442 2050 circa
1464 1973 1628 2052 Romanam
1658 1988 1727 2052 edi-

351 2090 479 2168 tionem,
512 2105 589 2168 quae
613 2088 729 2151 mendis
752 2087 983 2171 typographicis
1006 2095 1118 2150 scatet:
1143 2106 1212 2150 narn
1234 2106 1300 2150 earn
1323 2087 1419 2151 solam
1441 2086 1587 2150 Lndollus
1610 2105 1727 2150 consu-

350 2188 446 2252 luisse
469 2186 604 2265 videtur,
628 2205 696 2252 cum
719 2185 861 2251 Codicem
884 2189 1118 2268 manuscriptum
1141 2186 1253 2250 nullum
1276 2188 1348 2250 citet
1370 2187 1552 2250 nominatim.
1599 2185 1673 2247 Turn
1697 2186 1728 2246 in

350 2304 442 2349 unnrn
463 2285 570 2363 Deum,
593 2284 741 2365 Οριιιηιιιιι
763 2287 928 2348 marimum
950 2286 998 2348 cui
1021 2285 1102 2350 bono
1124 2287 1278 2349 inseritur.

437 2383 478 2446 Et
499 2385 587 2448 homo
607 2383 713 2463 suctus
734 2392 780 2446 cst
801 2402 822 2445 a
850 2383 966 2464 Spiritu
986 2392 1104 2448 sancto.
1149 2384 1244 2449 Nemo
1274 2393 1411 2448 veterum
1442 2391 1493 2448 aut
1522 2383 1728 2447 recentiorum

350 2484 392 2546 ita
421 2483 540 2545 locutus
571 2489 626 2544 est.
670 2481 745 2544 Nam
775 2481 917 2563 Spiritum
953 2490 1089 2546 sanctum
1119 2500 1232 2566 corpus
1264 2484 1365 2546 Verbo
1399 2483 1473 2560 Dei,
1504 2502 1544 2546 ex
1572 2501 1664 2546 carne
1696 2491 1726 2547 et

350 2583 501 2667 sanguine
531 2578 565 2646 B.
594 2581 729 2663 Virginis
758 2579 924 2659 fonnasse,
959 2583 991 2645 in
1015 2601 1081 2664 ‚quo
1113 2583 1191 2646 iilius
1225 2590 1362 2646 naturam
1390 2584 1545 2646 humanam
1574 2583 1725 2664 assumsit,

352 2681 517 2746 communis
540 2678 755 2758 Jacohitarum,
778 2681 970 2762 omniumque
990 2681 1229 2746 Christianorum
1252 2682 1449 2745 Orientalium
1472 2681 1639 2766 ‘theologia
1662 2689 1726 2745 est:

350 2780 447 2844 Deum
476 2779 628 2858 Verbum,
659 2798 781 2844 earnem
810 2788 860 2843 ant
890 2780 1039 2844 hominem
1069 2781 1180 2845 lactum
1202 2800 1219 2844 a
1242 2782 1355 2863 Spiritu
1376 2789 1499 2858 sancto,
1528 2796 1617 2844 nemo
1640 2781 1726 2860 dixit,

351 2897 450 2961 neque
473 2879 530 2959 ipsi
553 2877 732 2961 Aethiopes,
755 2897 823 2943 eum
844 2880 993 2961 particula
1015 2882 1112 2966 magis
1135 2883 1173 2944 de
1196 2900 1284 2963 quam
1306 2901 1327 2944 a
1349 2881 1508 2963 significet.

438 2977 498 3043 Sed
520 2977 593 3042 illud
616 2979 835 3043 intolerandum
858 2979 940 3061 quod
962 2980 1112 3062 sequitur:
1144 2999 1211 3045 eum
1233 3001 1273 3044 ex
1297 2981 1414 3044 Graeco
1438 2979 1598 3062 Symbola,
1627 2980 1727 3042 omni-

350 3079 468 3159 busque
490 3078 681 3141 versionibus
704 3078 922 3156 Orientalibus,
952 3081 1045 3142 verba
1068 3079 1134 3159 illa,
1164 3079 1205 3142 Et
1226 3079 1438 3159 humefactus
1460 3086 1519 3155 est,
1542 3096 1609 3139 cum
1632 3096 1726 3159 prae-

352 3174 528 3239 cedentibus
553 3177 785 3260 eonjungantur,
808 3185 840 3239 ιιι
862 3178 1037 3241 necessario
1061 3179 1128 3240 lieri
1150 3177 1259 3256 debet,
1282 3196 1336 3240 cur
1359 3197 1396 3240 ea
1418 3177 1607 3256 separaverit
1629 3177 1727 3238 inter-

351 3293 441 3356 pres,
475 3290 595 3336 causam
626 3274 741 3338 habere
771 3275 883 3338 nullam
912 3275 1019 3357 potuit.
1066 3274 1208 3356 Sequitur
1234 3275 1271 3338 In
1298 3278 1397 3338 cirum
1425 3276 1625 3372 wosit,·qn0
1653 3274 1726 3338 nihil

352 3371 529 3449 absurdius3
553 3373 593 3434 ita
616 3374 696 3436 enim
718 3374 802 3454 loqui
824 3391 995 3454 possumus,
1019 3374 1057 3438 de
1080 3374 1275 3438 adolescente
1299 3376 1349 3456 qui
1365 3373 1555 3458 pubertatem
1567 3392 1725 3456 egressus,

352 3473 382 3534 in
412 3471 496 3535 viros
525 3471 751 3547 transcribitur,
785 3490 885 3554 neque
915 3473 945 3535 id
976 3475 1118 3537 convenit
1152 3473 1367 3538 incarnationis
1402 3474 1558 3554 mysterio.
1611 3474 1725 3536 Vocem

351 3569 564 3652 Aethiopicam
586 3572 652 3651 ipse
673 3569 819 3633 Ludollus
841 3571 872 3633 in
894 3571 1008 3636 Lexico
1031 3589 1087 3635 suo
1110 3591 1181 3654 per,
1204 3574 1293 3636 horta
1313 3573 1415 3652 sactus
1437 3579 1497 3646 eet,
1520 3578 1605 3634 recte
1627 3573 1726 3636 inter-

352 3677 488 3750 pretatus
512 3676 570 3749 est,
593 3677 626 3731 nt
647 3678 717 3733 ante
740 3670 822 3732 illum
843 3669 979 3735 fecerant
1002 3672 1052 3753 qui
1075 3671 1248 3753 Symbolum
1270 3672 1348 3735 idem
1371 3671 1552 3753 Aethiopiae
1576 3671 1725 3736 etLatine

353 3769 512 3834 ediderunt
525 3769 673 3831 Nisselius
689 3777 719 3832 et
734 3770 870 3832 Petreus.
900 3769 1065 3852 Aethiopes
1089 3780 1309 3852 expresserunt
1331 3757 1495 3854 σάρκωσιν
1511 3781 1541 3835 et
1554 3760 1725 3858 ἐνανθριὸ-

351 3887 400 3952 πη
420 3883 481 3929 σιν.
526 3868 558 3932 st
580 3868 674 3950 igitur
696 3867 831 3930 eamdem
853 3868 989 3932 Latinam
1011 3889 1119 3933 vocem
1141 3879 1284 3954 repetere
1307 3889 1369 3934 non
1391 3871 1546 3953 placebat,
1580 3890 1637 3933 neo
1659 3873 1726 3953 pri-

352 3985 440 4046 mam,
464 3974 498 4029 nt
521 3967 588 4046 alii,
610 3985 667 4048 per
689 3966 871 4030 incorrectus
892 3977 938 4030 est
958 3969 1171 4050 interpretari,
1195 3971 1262 4051 quia
1286 3971 1315 4033 id
1338 3971 1441 4052 lingna
1463 3969 1641 4052 Aethiopica
1665 3988 1726 4033 non

353 4064 538 4146 patiebatur,
570 4073 600 4128 at
622 4083 745 4145 novam,
764 4083 822 4129 nec
845 4068 989 4148 mysterio
1014 4071 1245 4136 convenientem
1274 4069 1382 4154 ingere
1414 4068 1542 4132 debebat
1570 4069 1647 4132 hdus
1676 4071 1727 4132 in-

352 4172 484 4245 terpres.

438 4259 472 4324 ln
502 4263 629 4326 articulo
660 4265 711 4346 qui
739 4265 776 4328 de
808 4265 919 4348 Spiritu
943 4263 1054 4330 Sancto
1082 4275 1130 4330 est
1153 4267 1213 4343 Oui
1234 4287 1274 4328 ec
1296 4266 1390 4329 Patre
1412 4267 1545 4348 Filioque
1562 4269 1726 4347 processit,

351 4378 413 4424 non
436 4361 552 4424 melius.
597 4362 672 4426 Nam
695 4366 752 4427 etsi
774 4363 941 4446 Aethiopes
965 4374 997 4429 ut
1019 4365 1150 4429 llebraei
1171 4374 1203 4429 et
1224 4365 1344 4428 Arabes
1367 4375 1484 4446 tempus
1506 4384 1670 4446 praesens,
1694 4375 1727 4429 ut

354 4461 543 4523 Grammatici
555 4461 729 4543 loquuntur,
753 4482 815 4527 non
838 4463 981 4527 habeant:
1004 4471 1035 4528 at
1057 4463 1130 4527 illud
1153 4483 1246 4547 saepe
1270 4467 1439 4546 exprimunt
1451 4483 1507 4546 per
1518 4466 1725 4545 praeteritum,

352 4578 408 4623 seu
430 4561 554 4641 primam
577 4561 664 4624 verbi
686 4561 831 4650 radicem:
862 4571 893 4626 et
922 4582 996 4627 sane
1026 4565 1174 4628 sententia
1203 4582 1240 4628 eo
1270 4564 1368 4642 ducit,
1398 4573 1431 4626 ut
1460 4566 1500 4627 ita
1528 4565 1724 4649 intelligatur.

351 4658 447 4722 Nemo
470 4666 569 4722 autem
593 4660 631 4722 de
651 4661 762 4742 Spiritu
784 4669 890 4725 sancto
913 4662 1052 4744 loquens,
1076 4665 1304 4746 processionem
1328 4663 1366 4727 ad
1387 4665 1584 4746 praeteritum
1607 4673 1725 4745 tempus

353 4756 541 4836 determinat,
565 4765 615 4820 aut
637 4758 697 4821 ulla
720 4759 858 4823 Ecclesia
879 4779 1011 4842 unquam
1034 4765 1157 4827 cecinit:
1181 4763 1242 4840 Orci
1254 4784 1294 4827 ee
1308 4764 1403 4827 Patre
1415 4765 1549 4846 Filioque
1557 4765 1726 4846 processit:

350 4857 507 4937 processio
530 4857 608 4920 enim
632 4863 754 4920 aeterna
777 4867 833 4923 est.
