4680 6044
488 581 496 600 ‘
556 582 657 662 ,190
950 603 953 608 ·
1055 572 1484 657 COMMENTARIUS

503 807 511 824 .
580 775 669 848 alque
691 768 773 829 illum
794 773 930 846 apertum
953 764 1046 826 altari
1065 760 1201 840 imponit,
1224 758 1256 818 in
1278 759 1395 837 siqnnm
1416 759 1497 838 quod
1509 759 1586 822 baec
1598 762 1751 840 scriptura
1759 762 1960 840 promanavit

581 887 622 928 ec
636 866 737 927 verbis
745 864 868 940 Christi,
890 861 1221 944 quisuperbocipsum
1232 857 1473 935 altareponitur.
1496 856 1533 919 Et
1543 875 1610 938 cap.
1622 858 1674 924 69.
1685 859 1841 922 Sacerdos
1852 859 1955 922 aden

581 975 633 1028 cat
654 963 830 1026 sacerdotes
851 963 930 1024 alios
952 964 1196 1032 circumstantes,
1219 956 1426 1034 utinspiciant
1438 955 1563 1018 ommim
1585 977 1621 1020 eo
1643 960 1675 1020 in
1692 958 1769 1020 libro
1783 963 1955 1031 cadratam,

580 1065 675 1142 deque
697 1082 733 1124 eo
756 1063 902 1123 certiores
922 1062 1000 1136 sint,
1022 1067 1170 1138 testesque
1188 1057 1265 1134 liant
1285 1055 1364 1116 tune
1385 1054 1658 1134 librumapertnm,
1681 1075 1748 1118 essa
1763 1055 1955 1118 verellaan-

578 1163 699 1242 pelium.
722 1161 799 1223 Post
819 1163 884 1239 ejm
904 1161 1135 1252 inspectionem,
1165 1165 1337 1236 certamque
1365 1157 1566 1234 aqnitionem,
1596 1155 1813 1218 osculabuntur
1846 1153 1956 1214 librum

580 1269 733 1340 apertum,
755 1268 789 1320 ut
809 1259 913 1320 osculo
935 1259 1015 1318 illius
1037 1258 1152 1336 aperti,
1166 1257 1262 1334 juata
1281 1255 1503 1316 sacerdotalem
1524 1255 1698 1334 diqnitotem
1716 1272 1819 1328 mmm,
1842 1271 1864 1313 a
1876 1251 1956 1312 Lai-

581 1362 627 1421 cis
648 1359 882 1437 distinquantur.
926 1356 1040 1419 Postea
1061 1357 1091 1416 si
1110 1355 1173 1416 vult
1193 1353 1349 1416 Sacerdos
1370 1353 1467 1432 lepere
1488 1352 1702 1432 Eaanqelipn
1726 1350 1859 1430 afficiam
1872 1349 1956 1423 illud,

581 1460 624 1520 ad
646 1458 743 1536 ipsius
765 1458 903 1518 ordinem
922 1456 1068 1534 pertinet,
1091 1453 1228 1515 amnibus
1250 1451 1321 1512 aliis
1342 1453 1498 1530 exeeptis:
1522 1459 1568 1514 est
1589 1453 1668 1512 enim
1689 1471 1706 1512 e
1727 1448 1958 1512 sucessoribus

580 1557 809 1637 Apostolorum,
831 1556 884 1634 qui
903 1553 1101 1633 Evanqelium
1120 1552 1387 1630 praedicaverant.
1423 1549 1460 1612 Si
1479 1549 1633 1612 Sacerdos
1660 1551 1736 1612 nolit
1760 1550 1826 1627 ipse
1849 1547 1956 1625 tepere,

577 1661 678 1734 potest
699 1654 839 1714 Diacono
858 1654 1035 1732 permittere
1057 1659 1091 1712 ut
1112 1651 1187 1712 illud
1208 1639 1307 1728 lepat',
1330 1650 1382 1729 qui
1402 1651 1447 1711 ito
1469 1649 1509 1711 ab
1532 1649 1603 1710 aliis
1616 1648 1765 1710 Diacanis
1787 1647 1957 1724 annaque-

581 1763 646 1829 tur,
668 1752 855 1831 manebitque
877 1771 945 1812 cum
966 1751 1117 1829 sinqulari
1137 1749 1269 1829 quadam
1294 1750 1531 1828 promapatiom
1561 1743 1817 1827 appellabitur'qne
1830 1744 1958 1814 ‚Diaco-

580 1871 639 1914 nus
660 1850 828 1930 Ecanqelii.
875 1849 1008 1910 Tandem
1028 1848 1189 1928 annqelii
1217 1847 1305 1908 lectio
1332 1866 1374 1910 ea
1401 1846 1536 1910 Ardone
1561 1848 1629 1926 liet,
1659 1847 1712 1926 qui
1739 1852 1784 1908 est
1811 1843 1957 1916 sublimis,

576 1953 669 2030 innata
690 1950 765 2012 illud
785 1949 866 2028 quod
886 1949 932 2008 cit
954 1946 1116 2022 Dominus,
1140 1945 1270 2025 quaein
1293 1964 1366 2007 aare
1390 1945 1513 2008 audistis
1539 1945 1712 2026 praedicate
1743 1960 1837 2022 saper
1865 1947 1956 2002 tecta.

583 2049 701 2112 Tectum
724 2049 803 2108 enim
825 2055 871 2108 est
890 2045 1026 2121 Amban,
1047 2065 1133 2126 quem
1154 2047 1199 2108 ita
1220 2044 1365 2106 Salvator
1385 2045 1557 2124 desiqnoait
1577 2063 1645 2106 cum
1666 2046 1707 2106 sit
1728 2042 1882 2116 sublimis,
1905 2041 1957 2101 in-

581 2155 649 2210 star
671 2147 750 2208 tecti.
774 2145 891 2207 Deinde
910 2153 1070 2223 postquam
1092 2144 1281 2206 descenderit
1301 2145 1331 2204 is
1351 2145 1404 2223 qui
1423 2143 1620 2223 annqelium
1642 2143 1727 2222 lepit,
1756 2150 1785 2204 et
1814 2143 1878 2219 ejas
1905 2141 1958 2199 in-

581 2253 716 2324 terpres,
747 2244 772 2305 is
795 2242 912 2306 scilicet
943 2243 993 2322 qui
1023 2241 1102 2303 illius
1131 2242 1304 2304 versionem
1332 2240 1490 2324 vulgarem
1514 2242 1605 2324 legit,
1625 2240 1765 2320 perfecta
1786 2240 1959 2317 scriptione

581 2345 708 2407 lectione
730 2351 760 2404 et
780 2343 1045 2421 interpretatione,
1068 2342 1214 2402 accedent
1235 2359 1338 2402 munes
1365 2339 1549 2402 Sacerdotes
1576 2341 1749 2414 adstantes,
1779 2345 1810 2400 et
1833 2336 1958 2399 oscum-

551 2429 553 2434 ’
582 2443 692 2504 buntur
713 2442 804 2518 illud,
828 2442 872 2502 ad
890 2441 964 2519 fidei
984 2447 1014 2500 et
1035 2440 1223 2502 certitudinis
1252 2458 1342 2519 quam
1370 2439 1408 2500 de
1435 2458 1471 2500 eo
1501 2439 1611 2502 babent
1637 2436 1851 2509 testimonium,
1880 2435 1962 2496 nna

581 2545 613 2603 in
635 2541 739 2603 oscula
758 2541 858 2619 primo
879 2539 995 2618 sactum
1017 2546 1071 2602 est.
1118 2536 1251 2600 Tandem
1274 2555 1330 2616 cap
1357 2537 1408 2601 ⁷0.
1463 2538 1587 2617 Deferat
1615 2536 1828 2598 Snbdiaeonus
1849 2533 1959 2595 librum

580 2639 742 2719 Eoonqelii
763 2639 805 2699 ad
824 2638 983 2717 populum,
1006 2637 1193 2716 involoetque
1214 2637 1290 2698 illud
1311 2637 1377 2698 celo
1400 2638 1534 2712 sericeo,
1559 2635 1807 2713 circumferetque
1821 2651 1879 2711 per
1892 2651 1959 2692 nse-

581 2739 665 2800 diam
686 2737 919 2810 multitudinem,
941 2741 974 2796 ut
995 2753 1098 2797 omnes
1119 2735 1227 2798 librum
1249 2737 1385 2798 clausum
1407 2737 1593 2811 osculentur,
1621 2740 1777 2814 sequentes
1802 2730 1959 2793 Sacerdo-

583 2843 645 2898 tum
667 2837 832 2914 exemplum
854 2836 887 2895 in
908 2836 972 2912 ejus
994 2835 1123 2896 ueritate
1145 2843 1175 2896 et
1203 2835 1382 2896 certitudine
1411 2835 1621 2914 approbanda.
1677 2831 1723 2894 De
1752 2828 1860 2893 eodem
1887 2829 1958 2910 ritu,

583 2935 624 2996 ita
648 2932 769 2996 Gabriel
792 2933 965 2995 Patriarcha
988 2933 1019 2994 in
1040 2932 1160 2996 Rituali.
1189 2933 1388 3014 annqelium
1415 2933 1553 3012 defmmr
1577 2936 1676 3014 prinw
1704 2933 1821 2994 circum
1849 2928 1959 3002 abne,

582 3040 721 3114 qestante
742 3032 816 3093 illud
836 3031 993 3109 Discern,
1018 3032 1142 3111 reliquis
1158 3032 1425 3110 praecedentibus,
1452 3051 1614 3112 cereosque
1640 3028 1838 3111 qestantibus.
1888 3027 1959 3088 tum

582 3133 761 3192 incernatur
781 3138 845 3206 ter,
868 3131 998 3209 dicitque
1019 3130 1194 3204 Diaconos,
1215 3129 1274 3195 hoc
1297 3139 1346 3194 est
1360 3130 1558 3214 Evangetium
1578 3131 1653 3193 lesu
1673 3127 1784 3192 Christi
1802 3127 1869 3189 Filii
1889 3126 1958 3186 Dei.

583 3229 698 3291 Postea
722 3229 838 3308 occipit
858 3228 964 3291 librum
987 3235 1018 3290 et
1038 3227 1077 3289 ab
1101 3229 1197 3289 altari
1214 3230 1432 3309 propreditur:
1459 3237 1529 3292 tune
1550 3228 1732 3291 Sacerdotes
1760 3233 1791 3288 et
1814 3224 1962 3305 Episcopi

584 3329 744 3390 adstantes
765 3329 866 3407 capita
888 3327 1040 3406 detepunt,
1064 3325 1246 3407 baculosque
1267 3327 1433 3408 deponunt,
1456 3335 1485 3390 et
1497 3335 1680 3390 ammonius
1693 3325 1890 3405 Ecanqelinm
1906 3325 1959 3384 in-

465 3481 467 3488 .
584 3428 745 3488 clinatione
768 3427 895 3504 capitis:
918 3424 1111 3505 deferturque
1133 3444 1201 3486 cnm
1218 3445 1333 3506 pompa
1354 3427 1397 3488 ad
1418 3426 1600 3501 Ambonem,
1621 3425 1674 3488 ubi
1692 3425 1874 3504 praermssis
1896 3423 1960 3483 ali-

583 3533 655 3606 quot
673 3524 818 3604 precibus
839 3531 875 3586 et
890 3523 1178 3602 scommationibus,
1200 3544 1278 3605 quoae
1301 3527 1333 3586 in
1361 3523 1504 3606 Liturqia
1532 3530 1733 3598 annotantur,
1763 3523 1872 3601 lepimr
1895 3519 1960 3582 Oo-

580 3627 678 3704 ptice,
700 3631 730 3684 et
748 3631 856 3702 postea
877 3621 1021 3686 Arabiae.
1059 3619 1205 3685 Lectione
1232 3625 1394 3704 completo,
1422 3624 1499 3687 liber
1524 3623 1657 3702 refertur
1686 3623 1729 3684 ad
1757 3621 1959 3694 sacerdotem,

584 3723 636 3802 qni
655 3721 730 3784 illud
751 3729 798 3782 ter
819 3721 972 3794 incanui,
996 3721 1186 3782 simonibus
1210 3724 1377 3800 nannents,
1404 3723 1602 3786 osculandum
1629 3722 1756 3801 sinqnlis
1782 3719 1959 3782 moerdati-

584 3819 640 3882 bns
657 3819 795 3898 praebet.
838 3819 886 3881 llli
907 3839 981 3881 aera
1003 3820 1153 3881 accedant
1173 3820 1289 3884 detecto
1311 3824 1421 3900 capite,
1443 3821 1633 3900 dimissisque
1650 3819 1785 3882 bacalis.-
1803 3825 1959 3897 postremo

584 3919 739 3982 oseulatur
758 3921 840 3998 ipse,
864 3925 893 3978 et
912 3918 1052 3980 Diacono
1073 3920 1277 3997 reputandum
1299 3922 1395 3982 tradit
1414 3921 1447 3980 in
1469 3920 1566 3982 locum
1587 3937 1682 3982 sunm
1714 3916 1747 3980 ln
1769 3917 1828 3978 alio
1852 3914 1959 3978 codice

584 4018 805 4098 manuscripto,
837 4023 868 4078 ct
897 4017 927 4078 in
955 4016 1053 4097 Regio
1081 4017 1246 4079 recentiori
1273 4016 1486 4082 caeremoniali
1516 4017 1645 4098 legitur,
1675 4015 1866 4080 sacerdotem
1889 4015 1959 4076 dum

583 4117 721 4178 incensat
742 4115 940 4196 Evangelium
962 4113 1075 4179 dicere.
1120 4114 1226 4178 Adoro
1252 4115 1451 4198 Ecanqeliam
1476 4116 1533 4195 filii
1552 4116 1613 4178 Dei
1632 4117 1697 4178 olei
1716 4115 1841 4179 Domini
1861 4113 1961 4176 nosti

583 4213 660 4278 lesu
682 4211 805 4278 Obsisti.

675 4311 708 4373 ln
731 4310 839 4374 eodem
861 4309 967 4376 codice
990 4320 1069 4376 totus
1093 4312 1143 4375 ille
1166 4312 1289 4395 legendi
1311 4313 1470 4395 Evangelii
1491 4315 1567 4376 ritus
1595 4319 1737 4375 accurate
1767 4309 1958 4390 describitur,

587 4410 696 4474 eodem
718 4409 815 4472 ferme
842 4409 948 4473 modo:
980 4429 1089 4492 nempe
1118 4411 1269 4476 Sacerdos
1292 4413 1429 4476 incensat
1455 4400 1670 4496 Evangelium,
1701 4410 1861 4488 deserente
1886 4411 1959 4474 illud

586 4511 720 4574 Diacono
744 4511 858 4572 circum
879 4509 992 4573 altare:
1015 4519 1123 4592 postea
1145 4510 1302 4574 descendit
1324 4510 1361 4573 ad
1383 4518 1500 4593 portam
1523 4509 1708 4588 Sanctaarii,
1739 4522 1798 4590 qua
1825 4510 1863 4572 sd
1892 4529 1960 4572 am-

587 4608 697 4672 bonem
726 4609 802 4686 itur,
833 4606 884 4669 ubi
901 4611 1023 4694 ⁸iterum
1051 4609 1187 4673 ineenset
1217 4609 1361 4673 dicendo:
1389 4610 1496 4673 Adora
1524 4610 1722 4690 annqelinm
1749 4609 1788 4673 D.
1819 4609 1856 4672 N.
1884 4609 1960 4674 lesu

586 4706 700 4769 Christi
726 4708 796 4769 Filii
824 4708 884 4768 Dei
911 4711 991 4770 elei:
1026 4708 1133 4788 accipit
1169 4708 1279 4772 librum
1308 4729 1348 4770 ex
1375 4727 1465 4772 manu
1492 4708 1633 4787 Diaconi,
1664 4725 1891 4787 conversusque
1919 4707 1960 4769 ad

587 4804 793 4883 Occidentem,
817 4806 1013 4870 osculandum
1034 4805 1115 4868 illam
1138 4809 1265 4887 praebet
1279 4807 1494 4874 Sacerdotibus
1512 4807 1648 4871 omnibus
1671 4824 1728 4870 suo
1750 4806 1873 4870 ordine:
1897 4815 1959 4869 tum

586 4902 695 4965 librum
717 4904 853 4967 Diacono
881 4906 998 4984 reddit,
1021 4907 1071 4985 qui
1094 4905 1293 4988 Evangelium
1314 4907 1405 4990 legii,
1428 4908 1517 4970 modo
1541 4906 1638 4989 probe
1662 4907 1768 4988 legere
1796 4906 1883 4981 sciat;
1910 4907 1960 4968 sin

586 5001 700 5084 minas,
722 5004 844 5085 legetur
866 5023 884 5067 a
906 5003 1082 5070 Sacerdote.
1128 5005 1224 5068 Finita
1245 5003 1377 5072 lectione
1391 5005 1542 5070 Sacerdos
1558 5005 1711 5070 inclinabit
1732 5023 1767 5068 se
1790 5023 1856 5067 cum
1878 5004 1958 5068 libro
