4686 6060
772 552 1307 633 ituitnutiuo
1634 550 1764 683 413ι

341 745 455 836 logice
488 755 522 816 et
547 739 781 838 Philosophiae
815 744 951 838 peritia,
987 741 1117 838 quando
1152 742 1185 813 in
1220 738 1329 837 aliquo
1361 762 1408 812 ex
1450 735 1616 834 Syncellis
1649 761 1711 811 seu

344 857 636 933 contubernalibus
662 857 874 930 Patriarobae
900 858 1099 948 eminebant,
1126 857 1265 950 gradum
1297 856 1344 928 illi
1375 853 1543 928 faciebant
1569 854 1612 928 ad
1637 855 1712 928 Pa-

345 973 553 1048 triarobalem
580 975 782 1067 dignitatem,
810 975 886 1069 quia
920 983 1018 1047 notus
1045 983 1118 1046 erat
1144 971 1315 1066 omnibus,
1347 993 1415 1045 non
1447 971 1560 1046 Laicis
1597 971 1711 1060 modo,

347 1091 406 1165 sed
439 1094 537 1164 etiam
569 1090 815 1163 Ecclesiasticis
855 1100 888 1162 et
919 1088 1117 1185 Episcopis,
1151 1091 1224 1184 qui,
1256 1110 1299 1161 eo
1332 1087 1422 1183 quod
1455 1110 1553 1161 nemo
1579 1087 1710 1160 illorum

346 1205 521 1280 transferri
555 1205 597 1278 ed
631 1209 769 1302 primam
804 1205 919 1278 sedem
951 1214 1102 1302 poterat,
1141 1202 1320 1277 ambitione
1364 1202 1532 1277 carebant
1597 1203 1709 1278 Satius

347 1327 448 1416 igitur
472 1324 554 1419 ipsis
580 1343 685 1418 saepe
709 1325 818 1394 uisum
846 1332 910 1413 est,
936 1332 973 1394 ut
1006 1343 1051 1392 err
1077 1319 1243 1417 syncellis
1277 1341 1338 1393 seu
1364 1319 1561 1394 Secretariis
1597 1321 1710 1413 obge-

348 1449 439 1512 retur
464 1460 575 1511 novus
600 1438 765 1528 Antiates,
790 1460 888 1533 qrrarn
914 1459 960 1508 ex
985 1435 1176 1524 ltlonachis,
1202 1446 1258 1508 aut
1289 1435 1463 1524 Recluso,
1504 1440 1558 1532 qui
1585 1436 1712 1532 ubsque

348 1556 415 1628 nlla
441 1555 647 1650 experientia
673 1575 784 1625 rerum
810 1551 1121 1625 Ecclesiasticarum
1148 1551 1266 1643 electi,
1293 1575 1396 1648 saepe
1423 1573 1482 1624 eas
1507 1555 1654 1648 pessime
1680 1560 1714 1623 et

349 1667 647 1767 imprudentissime
674 1667 922 1742 administrasse
947 1671 1166 1764 reperiuntur.

457 1785 539 1859 clii.
565 1785 793 1860 Assumebant
819 1784 994 1880 aliquando
1026 1783 1237 1858 Patriarobae
1270 1783 1312 1856 ad
1345 1783 1428 1857 baec
1458 1806 1593 1858 munera
1626 1784 1735 1886 Ερί-Ι
1757 1783 1901 1855 nummus
1912 1785 2036 1886 Episcopi

352 1907 493 1999 scopos,
528 1904 679 1997 quamne
713 1900 747 1972 id
782 1911 898 1973 contra
934 1901 1137 1974 canonicam
1173 1900 1379 1996 disciplinam
1414 1900 1522 1992 foret,
1562 1905 1618 1998 qui
1652 1896 1714 1974 sub
1727 1889 1754 1925 ¹¹¹
1772 1871 1905 1940 ⁸⁸¹¹oe¹¹⁰⁸
1922 1881 2034 1928 'm‘

352 2040 467 2092 eorum
493 2021 668 2090 autorimte
693 2038 750 2090 res
766 2015 1022 2090 Ecclesiasticus
1050 2015 1222 2105 curabant,
1249 2015 1309 2090 sed
1335 2017 1484 2114 plerique
1510 2022 1544 2090 in
1570 2018 1625 2090 illa
1649 2016 1715 2089 ad-

352 2137 590 2208 ministratione
615 2155 683 2206 non
708 2142 801 2206 recte
827 2131 1058 2220 versabantur,
1089 2136 1285 2228 pracsertim
1313 2131 1373 2206 sub
1403 2121 1539 2208 senibus
1566 2146 1622 2208 ant
1647 2137 1716 2205 im-

352 2249 480 2324 becillis
506 2248 716 2323 Patriarcbis.
768 2248 843 2321 Uno
869 2247 998 2340 verbo,
1025 2272 1152 2323 summa
1180 2259 1252 2321 erat
1276 2253 1310 2321 in
1336 2248 1400 2322 boc
1426 2250 1566 2323 consilio
1592 2249 1715 2323 dome-

354 2369 438 2441 stico
464 2366 676 2456 instituendo,
703 2375 759 2437 aut
785 2365 991 2439 destituendo
1016 2366 1145 2439 illonrm
1173 2369 1347 2439 autoritas:
1374 2369 1440 2438 imo
1467 2387 1509 2438 ea
1536 2368 1717 2438 occasione

354 2505 476 2576 magna
502 2481 563 2555 fuit
588 2504 721 2580 semper
745 2480 1004 2555 Ecclesiasticus
1030 2481 1223 2578 disciplinae
1250 2484 1395 2557 eversio.
1448 2480 1534 2554 Nam
1561 2481 1718 2555 Monacbi

355 2603 409 2696 qui
435 2600 544 2695 aliqua
571 2598 740 2671 doetrinae
767 2597 864 2670 leude
891 2598 1224 2688 commendabantur,
1252 2608 1309 2671 aut
1335 2598 1390 2671 alii
1416 2601 1543 2673 actuosi
1569 2610 1603 2673 et
1628 2597 1717 2672 soli-

353 2715 471 2788 tudinis
498 2718 728 2810 impatientes,
763 2714 803 2786 ad
832 2709 959 2786 Gellam
984 2713 1244 2789 Patriarobalem
1276 2716 1474 2805 veniebant,
1506 2717 1717 2808 negotiisque

352 2854 391 2905 se
416 2829 639 2928 implicabant,
665 2853 732 2903 non
758 2829 857 2903 modo
883 2829 1141 2920 Ecclesiasticis,
1169 2831 1355 2906 sedetiam
1381 2829 1615 2906 saecularibus.
1649 2829 1717 2902 Alii

351 2946 573 3044 Episcopatus
600 2944 805 3033 ambiebant,
833 2956 888 3018 aut
915 2946 1070 3020 ambitum
1096 2948 1234 3021 aliorum
1261 2948 1477 3039 adjuvabant:
1504 2969 1608 3043 saepe
1633 2945 1716 3018 tiu-

352 3062 608 3135 bamedanorum
634 3065 817 3159 principum
844 3066 986 3154 gratiam
1011 3067 1116 3154 nacti,
1147 3087 1209 3161 per
1242 3064 1348 3139 malas
1381 3072 1469 3136 artes
1502 3074 1716 3160 apertamque

351 3177 565 3251 licitationem
592 3179 633 3251 ad
658 3176 916 3252 Patriarobatum
948 3179 1207 3271 grassabantur:
1240 3202 1378 3275 quorum
1412 3181 1581 3252 eriminum
1615 3180 1716 3275 plena

353 3305 405 3368 est
420 3295 567 3369 Historia
583 3293 824 3381 Alexandrina,
851 3317 893 3368 eo
919 3295 997 3384 line,
1023 3305 1058 3366 ut
1084 3297 1212 3392 plurimi
1233 3307 1310 3392 post
1329 3297 1716 3384 excommunicationem,

353 3418 409 3483 aut
434 3411 516 3484 alias
541 3431 671 3507 poenas
698 3412 892 3497 canonicos,
921 3433 1002 3506 quas
1030 3410 1092 3484 sibi
1120 3414 1387 3502 accersiverunt,
1419 3411 1462 3486 ad
1494 3409 1715 3508 llluhameda÷

339 3529 428 3599 'nam
454 3529 652 3623 impietatem
680 3535 795 3622 aperte
822 3523 1014 3621 defecerint,
1041 3537 1075 3598 et
1097 3526 1355 3601 Christianorum
1383 3527 1588 3603 acerbissimi
1613 3539 1715 3626 post-

352 3643 485 3716 modum
510 3641 625 3716 hostes
651 3644 830 3717 evaserint.

456 3758 541 3832 CIV.
568 3758 643 3830 dam
669 3758 711 3830 de
738 3762 912 3831 autoritate
928 3757 1141 3831 Patriarobae
1157 3757 1375 3832 Alexandrini
1392 3759 1566 3836 Jacobitae
1593 3765 1711 3837 dicen·
1743 3763 1905 3818 reomense
1919 3763 2033 3819 trerm-

353 3876 427 3948 dum
455 3885 525 3966 est,
552 3897 638 3970 quac
663 3883 738 3946 erat
764 3874 974 3969 amplissima.
1026 3873 1149 3946 Notum
1176 3884 1229 3948 est
1260 3898 1361 3972 porro
1393 3900 1440 3949 ex
1467 3877 1617 3951 Concilio
1644 3851 1794 3950 Ni-‘Irini
1810 3850 1956 3908 ΝΜ

352 4014 458 4064 caeno
486 3992 563 4062 clim
590 3989 697 4062 eidem
723 3989 936 4063 Patriarobae
962 3989 1148 4064 attributam
1166 3990 1269 4064 insse
1286 3993 1492 4090 Aegyptum,
1518 3994 1714 4090 Pentapolin

353 4117 385 4180 et
411 4107 572 4205 Libyam,
596 4116 630 4178 ut
655 4109 740 4181 sicut
766 4105 905 4180 Conone
938 4106 995 4179 Vl.
1030 4110 1235 4181 constituitur
1268 4131 1383 4181 eorum
1416 4113 1558 4181 omniurn
1592 4113 1647 4206 qui
1679 4114 1714 4182 in

351 4228 423 4298 istis
449 4225 632 4320 provinciis
659 4233 772 4296 essent
799 4222 1057 4298 Christianorum
1083 4223 1331 4296 Alexandrinus
1355 4222 1543 4320 Episcopus
1574 4225 1715 4300 baberet

351 4342 534 4435 primatum.
565 4339 677 4434 Atque
698 4339 732 4411 bi
755 4337 886 4412 manunt
912 4341 1127 4436 antiquissimi
1153 4341 1271 4413 limites
1292 4339 1536 4414 Patriarchatus
1552 4341 1711 4414 Alexan-

353 4455 458 4546 driae,
484 4452 526 4526 de
553 4454 669 4550 quibus
696 4454 802 4528 multa
824 4454 910 4551 apud
937 4467 1071 4529 autores
1099 4477 1214 4530 omnes
1240 4459 1365 4552 passim
1391 4467 1578 4548 occurrunt,
1606 4457 1712 4532 doctis

351 4573 532 4645 notissima.
571 4571 648 4645 Mos
675 4569 809 4659 obtinet,
836 4575 940 4668 inquit
960 4571 1161 4669 Epiphanius
1187 4572 1319 4646 haeresi
1346 4571 1405 4643 68.
1432 4581 1466 4644 ut
1485 4573 1713 4646 Alexandriae

351 4686 555 4785 Episcopus,
587 4690 687 4762 totius
718 4690 869 4784 Aegypti
903 4713 943 4762 ac
979 4688 1177 4779 Thebaidis,
1208 4687 1467 4783 Maraeotaeque
1502 4711 1543 4762 ac
1568 4688 1713 4785 Libyae,

351 4803 680 4900 Ammoniocaeque,
715 4803 930 4878 Maraootidis
966 4815 1000 4876 et
1025 4805 1265 4902 Pentapoleos,
1292 4804 1560 4878 Ecclesiastioam
1591 4803 1712 4878 babeat

352 4920 674 4992 administrationem.
725 4920 826 4990 Fines
852 4917 1061 4995 Diceceseos
1089 4923 1283 5018 explicqtius
1310 4920 1398 4995 dedit
1422 4920 1519 4997 Nilus
1542 4923 1710 5018 Doxapa-

351 5039 449 5127 trius,
475 5037 570 5127 cujus
597 5043 756 5132 excerpta
782 5032 887 5110 refert
911 5037 983 5111 Leo
1009 5037 1151 5112 Allatius
1177 5040 1198 5112 l.
1227 5038 1286 5115 10.
1314 5039 1356 5112 de
1390 5049 1552 5136 perpetuo
1583 5043 1711 5114 utrius-

1430 5157 1509 5234 68*
