4760 6038
484 578 535 654 DE
549 573 791 656 COPll'lAllUbl
802 575 1354 658 ALEXAllDllllldllllllLl'lUllGlIS.
1431 575 1626 654 LXXXVII

251 785 319 838 uon
345 762 499 842 obscuris
525 764 667 855 indiciis,
694 764 864 837 doctrinae
879 763 1098 856 similitudine,
1124 787 1264 856 mamm,
1283 765 1446 856 locorum,
1473 777 1507 840 ct
1532 765 1623 840 alia-

250 903 324 954 rum
348 903 463 954 rerum
488 883 739 976 comparatione
765 889 936 970 statuatur,
963 903 1006 954 an
1026 884 1080 952 cui
1106 880 1321 954 attribuantur
1346 885 1559 976 conveniant,
1580 885 1624 958 de

250 998 381 1094 νοθείᾳ
408 1007 464 1070 aut
488 993 664 1093 addmtp
685 996 870 1089 judicatur,
897 1019 972 1070 eam
998 995 1041 1070 ad
1072 995 1187 1070 Officia
1213 1019 1310 1070 sacra
1336 1007 1462 1070 temere
1489 1001 1622 1072 omnino

253 1113 481 1206 adhibuerunt,
507 1135 646 1210 quorum
672 1113 737 1186 alia
764 1115 909 1203 omnino,
937 1137 977 1186 ac
1002 1115 1208 1208 privatorum
1227 1115 1425 1208 scriptorum
1447 1115 1533 1186 ratio
1560 1122 1622 1186 est

251 1232 337 1306 Nam
370 1253 416 1303 ex
450 1229 667 1326 quomrmdam
700 1233 868 1300 nominum
906 1231 940 1301 in
971 1227 1146 1326 Diptycbis
1182 1228 1366 1318 additione,
1404 1251 1451 1301 ex
1480 1227 1623 1304 vocibus

251 1370 335 1444 quas
361 1348 584 1444 posteriorum
612 1344 836 1418 Conciliorum
868 1343 1003 1416 decreta
1037 1354 1235 1432 ramerum,
1262 1354 1297 1416 ct
1322 1345 1395 1418 aliis
1420 1349 1509 1418 notis
1537 1368 1624 1442 prae

250 1466 487 1560 suppositionis
515 1472 549 1535 et
575 1461 785 1557 corruptelae
804 1469 999 1553 argumenta
1015 1458 1145 1532 Griticis
1171 1460 1358 1534 firmissima
1370 1461 1516 1554 judicata
1536 1471 1622 1557 suut,

249 1581 454 1652 contrarium
493 1580 628 1652 omnino
668 1577 815 1650 eilioitrrr.
874 1575 960 1648 llinc
998 1576 1127 1650 scilicet
1160 1576 1335 1652 manifesto
1380 1577 1624 1652 demonstratur
1699 1623 1706 1647 1

249 1695 422 1788 Liturgias
447 1693 522 1768 illas
548 1697 582 1766 in
609 1693 798 1790 qrrotidiano
824 1690 1052 1766 Ecclesiarum
1077 1695 1259 1766 ministerio
1294 1704 1470 1792 usurpatas
1504 1693 1622 1784 luisse,

251 1835 321 1908 quo
348 1812 457 1902 major
484 1813 640 1900 omniuo,
667 1831 765 1904 quam
791 1831 838 1880 ex
865 1814 989 1883 autoris
1017 1811 1252 1905 cujuscumque
1268 1809 1425 1903 dignitate
1438 1809 1502 1884 illis
1521 1832 1623 1882 com-

249 1936 390 2022 paratur
416 1930 586 2000 autoritas.
613 1924 682 1998 Sed
709 1923 795 1996 haec
826 1936 925 2020 atque
958 1925 1023 1997 alia
1056 1928 1192 1996 maximi
1224 1931 1382 1999 momenti
1415 1935 1637 2028 argumenta,

251 2066 341 2139 quae
368 2039 508 2115 Graecis
534 2043 768 2114 vetustissimis
797 2038 919 2115 Olliciis
947 2050 981 2113 et
1007 2043 1229 2136 antiquitatem
1257 2052 1292 2114 et
1316 2042 1437 2140 publici
1455 2041 1622 2138 quodam-

249 2159 355 2233 modo
381 2160 585 2232 monumenti
612 2160 680 2230 vim
707 2168 742 2230 ct
767 2153 870 2228 robur
896 2157 1091 2248 conciliant,
1116 2178 1182 2229 non
1201 2161 1283 2230 satis
1299 2159 1532 2234 animadversa
1553 2181 1621 2232 oo-

249 2278 426 2350 casioncm
452 2275 604 2350 omnibus
631 2296 738 2371 prope
765 2271 897 2346 Criticis
924 2273 1105 2364 dederunt,
1138 2295 1256 2346 omnes
1287 2273 1376 2348 nulla
1409 2297 1516 2372 prope
1551 2297 1622 2347 ex-

249 2401 372 2489 cepta,
396 2391 566 2483 Liturgias
585 2393 670 2463 inter
686 2392 913 2485 supposititia,
940 2390 997 2463 vel
1012 2388 1130 2462 saltam
1144 2390 1389 2484 recooperta
1409 2394 1532 2488 scripta
1555 2412 1620 2462 re·
1736 2463 1744 2478 ,

247 2505 397 2602 jiciendi.

356 2623 431 2696 XX.
471 2623 561 2696 Inter
586 2623 660 2698 illas
687 2645 773 2717 quae
804 2623 863 2695 tali
889 2643 1032 2696 censura
1059 2621 1212 2696 confixae
1240 2633 1335 2715 sunt,
1361 2645 1430 2696 non
1451 2633 1621 2721 postrema
1635 2637 1946 2700 ouseeeoraecamar-

251 2740 315 2813 fuit
342 2763 383 2814 ea
411 2762 496 2835 quac
522 2738 630 2812 Marci
656 2737 857 2835 appellatur,
886 2737 1019 2812 Graece
1044 2741 1182 2836 primurn
1208 2751 1243 2813 ct
1261 2740 1381 2813 Latine
1407 2740 1494 2813 edita
1510 2726 1928 2813 Lupe,giauarereenau0rrna

250 2860 320 2929 tiae
353 2878 441 2928 anno
468 2854 719 2930 lllDLXXXlIl.
753 2877 773 2926 a
805 2855 934 2928 loanne
965 2877 985 2926 a
1016 2856 1051 2928 S.
1078 2855 1216 2929 Andrca
1244 2854 1415 2931 canonico
1446 2855 1623 2931 Ecclesiae

250 2973 465 3046 Parisicnsis.
523 2971 722 3067 Exemplum
758 2993 825 3065 quo
860 2971 903 3044 ad
939 2972 1115 3045 aditionem
1151 2995 1232 3048 usus
1271 2984 1345 3064 est,
1381 2973 1542 3048 babuerat
1579 2971 1621 3044 ab

251 3088 475 3162 cmrditissimo
504 3085 671 3160 Cardinali
700 3085 875 3188 Guillclmo
904 3088 1043 3180 sirleto,
1071 3093 1125 3184 qui
1151 3088 1230 3162 illud
1262 3089 1407 3164 describi
1432 3097 1623 3180 curaverat,

250 3229 299 3278 ex
324 3203 455 3278 Codice
480 3214 615 3299 reperto
643 3207 675 3276 in
701 3205 738 3277 B.
770 3203 898 3277 Mariae
922 3201 1150 3305 ildqurpioc
1182 3229 1268 3302 quae
1299 3208 1402 3300 vulgo
1438 3207 1555 3279 dicitnr
1579 3207 1623 3276 de

251 3321 285 3392 lo
310 3325 444 3412 potire,
472 3322 698 3415 antiquissimo
725 3324 759 3392 in
786 3318 940 3392 Calabria
966 3321 1204 3396 ldonacborum
1223 3321 1259 3396 S.
1273 3323 1389 3398 basilii
1403 3322 1620 3396 Monastcrio.

251 3435 417 3509 Eumdem
443 3439 550 3533 ipsum
577 3435 727 3508 codicem
753 3434 864 3508 bonae
888 3447 989 3510 notae
1016 3446 1050 3511 et
1075 3443 1258 3532 integrum,
1285 3462 1360 3512 cunr
1376 3439 1622 3513 Romaecsse-

251 3575 328 3624 mus
355 3575 442 3626 armo
468 3550 621 3626 trucci.
648 3553 808 3644 vidimus,
842 3563 875 3624 et
906 3558 1143 3651 percurrimus,
1179 3557 1212 3625 in
1238 3556 1346 3627 Domo
1373 3555 1621 3648 Religiosorum

251 3667 403 3760 ejusdcm
430 3667 584 3759 Ordinis,
618 3669 660 3741 ad
694 3691 791 3764 quam
827 3691 901 3740 cum
934 3670 1042 3742 mullis
1078 3669 1150 3742 aliis
1181 3669 1395 3742 venerandae
1422 3675 1620 3766 antiquitatis

251 3785 426 3859 codicibus
453 3785 644 3857 translatum
672 3795 724 3859 est
750 3810 770 3858 e
798 3784 971 3880 Calabria,
998 3798 1097 3881 atquc
1123 3791 1168 3858 ita
1195 3784 1236 3858 ab
1261 3788 1393 3859 interitu
1410 3787 1621 3861 vindicatum.

250 3897 342 3974 Nihil
367 3899 441 3972 buic
467 3901 575 3974 codici
601 3902 742 3992 deesse,
770 3912 924 3998 quantum
950 3902 1136 3976 observare
1161 3905 1343 3999 potuimus,
1373 3905 1439 3974 imo
1467 3905 1622 3997 integer-

250 4021 371 4089 rirnum
398 4040 477 4091 esse
498 4015 736 4109 judicavimus,
764 4022 913 4114 quamvis
939 4019 1066 4092 lacunis
1093 4019 1217 4114 aliquot
1241 4021 1348 4116 prima
1374 4018 1474 4091 editio
1500 4015 1621 4091 deier-

250 4143 342 4206 mata
371 4137 431 4224 sit,
456 4157 503 4206 cx
529 4155 643 4207 comm
670 4137 724 4230 qui
751 4134 997 4232 descripserunt
1021 4134 1090 4207 levi
1116 4135 1388 4208 hallucinatione:
1419 4138 1483 4208 nisi
1509 4138 1620 4230 potius

250 4251 443 4344 interpretis
470 4251 573 4345 ipsius
600 4273 694 4322 error
719 4248 838 4343 buerit,
865 4251 940 4324 dum
959 4252 1143 4324 dimidiatas
1163 4255 1362 4343 sententias,
1388 4263 1424 4324 ut
1445 4252 1517 4324 ficri
1535 4251 1623 4326 solet

250 4369 286 4437 in
324 4367 397 4458 ejus
427 4369 563 4457 generis
595 4365 705 4455 libris,
742 4370 817 4461 quia
851 4366 1064 4440 formularum
1098 4371 1340 4441 notissimamm
1372 4371 1460 4440 initia
1495 4378 1620 4440 tantum

250 4476 506 4571 scribebantur,
534 4480 670 4556 lacunas
697 4503 776 4554 esse
801 4486 1014 4558 existimavit
1066 4484 1139 4557 Nee
1169 4495 1296 4556 temere
1330 4481 1514 4557 cardinalis
1540 4484 1620 4556 Sir·
1742 4469 1744 4478 ’

249 4596 356 4685 lettre,
382 4597 602 4693 Hierutrqiom
628 4597 719 4669 illam
745 4621 834 4689 ecre,
868 4624 966 4696 quom
998 4626 1022 4672 a
1046 4602 1159 4673 Bouto
1185 4601 1308 4672 Marco
1341 4601 1502 4671 traditam
1527 4602 1619 4674 Ate-

247 4713 430 4784 oeandrino
455 4713 615 4785 Ecclesia
640 4721 810 4788 scrouscct
831 4717 1012 4809 judicavit,
1039 4739 1113 4788 cum
1138 4716 1215 4788 illae
1241 4719 1335 4811 ipsac
1357 4724 1426 4788 tres
1441 4739 1527 4810 quae
1543 4713 1619 4789 Co-

247 4833 341 4925 pticc
356 4839 390 4901 et
406 4828 552 4903 Arabica
568 4842 643 4904 sunt
659 4835 693 4903 in
710 4833 898 4928 quotidiano
914 4855 975 4906 usu
989 4831 1076 4929 apud
1088 4833 1299 4930 Aegyptios,
1326 4829 1368 4904 ab
1387 4855 1428 4904 es
1439 4835 1619 4904 maximam

248 4955 384 5041 partem
412 4969 598 5043 expressae
624 4951 708 5022 sint:
736 4960 769 5021 et
796 4947 924 5022 Graeca
949 4960 1016 5022 tam
1043 4952 1143 5022 certis
1170 4951 1274 5042 signis
1305 4948 1349 5020 ad
1373 4948 1618 5046 Aegyptiacam

248 5059 443 5136 Ecclesiam
468 5063 652 5156 reseratur,
679 5075 714 5138 ut
740 5065 782 5138 ad
809 5063 946 5140 alteram
971 5068 1138 5164 pertinere
1163 5086 1231 5138 uon
1256 5069 1409 5162 potuerit.
1434 5064 1618 5140 Audiamus
