4736 6064
650 649 655 654 -
695 589 778 668 SIVE
806 587 936 668 CANON
961 590 1207 669 UNlVERSALIS
1234 592 1463 671 nnifflorun.
1692 596 1767 672 485

395 774 510 849 hostes
537 784 572 847 et
597 775 813 850 adversarios
839 797 974 867 eorum,
1006 776 1135 870 subjice
1166 787 1200 850 et
1226 787 1363 850 contere
1390 776 1451 852 sub
1484 777 1625 875 pedibus
1652 803 1768 856 eorum

395 891 574 963 velociter:
600 889 676 964 illos
703 911 787 965 vero
814 890 912 966 nobis
946 913 1114 965 conserua
1147 895 1182 964 in
1210 895 1338 988 Justitia
1369 903 1403 964 et
1435 915 1521 988 pace
1553 897 1588 966 in
1612 893 1769 970 Ecclesia

396 1016 452 1079 trra
480 1015 603 1080 sancta.

826 1195 947 1266 Oratio
971 1217 1038 1288 pro
1066 1200 1365 1294 congregatione„

498 1383 621 1455 lterum
648 1383 867 1478 deprecemur
894 1385 1151 1478 omnipotentem
1177 1383 1295 1470 Deum,
1322 1383 1456 1456 Patrem
1484 1386 1616 1458 Domini
1642 1387 1708 1459 Dei
1734 1394 1770 1456 ει

396 1498 575 1572 salvatoris
611 1502 718 1572 nostri
742 1498 826 1571 Jesu
858 1497 991 1570 Christi.
1043 1497 1217 1589 Rogamus
1253 1507 1287 1569 et
1327 1496 1545 1572 obsecramus
1585 1497 1769 1573 bonitatem

394 1623 496 1703 tuam,
522 1622 651 1686 amator
677 1611 861 1686 hominum:
889 1623 1054 1685 memsam
1081 1612 1223 1684 Domine
1250 1618 1525 1706 congregationis
1551 1624 1709 1705 nostrae,
1735 1625 1769 1686 ει

394 1725 536 1800 benedic
562 1728 627 1802 illis
655 1732 770 1823 quiin
797 1750 839 1800 ea
866 1740 949 1800 sunt.

497 1843 686 1916 Diaconos.
740 1843 841 1915 Orate
875 1865 938 1938 pro
975 1842 1038 1914 bac
1073 1840 1228 1916 Ecclesia
1270 1854 1387 1916 saneta
1427 1854 1461 1916 et
1501 1845 1766 1936 congregatione

393 1970 509 2034 nostra
537 1982 622 2056 quae
649 1962 683 2030 in
710 1982 752 2031 ea
780 1969 840 2032 est.
1600 1975 1605 1986 ·
1729 2045 1737 2052 ο

497 2075 657 2169 Populus.
684 2073 831 2146 Benedie
848 2075 1103 2166 congregationi
1118 2084 1265 2160 nostrae,
1293 2083 1327 2145 ει
1338 2095 1505 2144 conserva
1524 2096 1598 2146 eam
1617 2077 1650 2145 in
1668 2097 1767 2170 pacet

393 2213 538 2284 mosque
564 2191 682 2261 dicant
708 2189 898 2282 Spnsbolum
922 2190 1013 2283 fidei.

495 2305 683 2376 Diaconos.
736 2305 773 2376 ln
801 2307 963 2401 sapientia
990 2304 1066 2394 Dei,
1093 2304 1191 2376 dicite
1218 2301 1416 2398 Symbolum
1441 2301 1519 2376 lidci
1545 2315 1579 2376 et
1606 2307 1726 2377 canite.

499 2421 560 2494 10.
615 2419 789 2494 Credimus
816 2423 849 2491 in
875 2442 975 2492 unum
1001 2420 1121 2508 Deum,
1147 2420 1281 2491 Patrem
1304 2421 1575 2512 omnipotentem,
1601 2419 1765 2494 factorem

392 2535 480 2608 coeli
506 2549 540 2609 ει
566 2546 696 2625 terrae,
723 2534 902 2607 visibilium
930 2544 964 2607 et
988 2535 1212 2608 invisibilium.
1266 2533 1443 2606 Credimus
1479 2538 1578 2607 etiam
1606 2539 1639 2607 in
1666 2557 1766 2606 unum

392 2652 567 2724 Dominum
594 2651 711 2723 desum
745 2650 931 2741 Christum,
962 2650 1081 2722 Filium
1111 2650 1221 2722 Patris
1252 2653 1403 2721 unicum:
1438 2652 1593 2745 quierat
1620 2673 1694 2723 cum
1722 2669 1764 2721 eo

392 2775 567 2862 antequam
594 2775 766 2839 crearetur
791 2765 947 2838 mundus:
978 2765 1089 2837 lumen
1123 2764 1166 2837 de
1196 2765 1329 2853 lumine,
1356 2766 1465 2835 Deum
1492 2763 1534 2835 de
1560 2763 1636 2838 Deo
1662 2785 1765 2836 vero:

392 2886 539 2974 genitum
565 2903 633 2954 non
659 2881 795 2971 iactum,
822 2880 995 2977 aequalem
1022 2881 1113 2951 Patri
1139 2879 1321 2952 secmrdum
1337 2879 1541 2951 divinitatem
1569 2901 1679 2951 suam:
1704 2901 1768 2975 per

391 3017 488 3091 quem
516 3001 626 3070 omnia
653 2997 740 3070 lacta
767 3005 854 3086 sunt,
880 3007 915 3069 et
940 2999 1014 3071 sine
1045 2999 1120 3092 ipso
1154 2995 1276 3068 iactum
1313 3005 1366 3067 εει
1398 2993 1477 3066 nihil
1504 2994 1700 3091 quidquam,
1732 2999 1766 3067 in

390 3111 488 3182 coelo
515 3122 549 3182 et
576 3116 608 3183 in
635 3124 735 3185 terra.
773 3113 838 3199 Qui
863 3124 1001 3207 propter
1027 3132 1090 3184 nos
1117 3110 1279 3198 homines,
1307 3121 1341 3181 et
1366 3118 1504 3204 propter
1530 3119 1679 3182 nostram
1700 3131 1763 3184 sa-

390 3224 491 3297 lutem
518 3225 690 3308 descendit
717 3226 759 3298 de
785 3225 898 3299 coelis.
950 3225 995 3299 Et
1027 3229 1217 3297 incarnatus
1251 3232 1304 3296 est
1337 3223 1379 3295 de
1411 3223 1536 3318 Spiritu
1562 3234 1697 3312 sancto,
1731 3234 1766 3297 et

391 3361 437 3411 ex
463 3339 571 3413 biario
598 3341 739 3434 Virgine
767 3351 900 3434 sancta,
936 3349 969 3412 et
1001 3339 1100 3412 homo
1126 3339 1236 3412 iaetus
1263 3349 1325 3412 est.
1379 3337 1567 3411 Crucifixus
1594 3349 1647 3412 est
1673 3351 1764 3412 tem-

392 3477 477 3550 pore
502 3458 610 3528 Pontii
635 3456 744 3546 Pilati,
770 3477 912 3552 passus,
938 3465 1105 3544 mortuus,
1139 3466 1172 3526 ει
1207 3454 1356 3550 sepultus
1390 3465 1451 3527 est.
1503 3452 1548 3524 Et
1578 3458 1766 3526 resurrexit

392 3593 412 3642 a
439 3575 577 3645 mortuis
604 3577 703 3644 tertia
729 3573 794 3660 die,
821 3575 906 3644 sicut
931 3573 1089 3666 scriptum
1115 3581 1188 3642 erat
1213 3573 1247 3641 in
1263 3572 1370 3642 sacris
1398 3570 1588 3665 scripturis:
1615 3567 1766 3641 ascendit

392 3707 467 3756 cum
494 3685 602 3778 gloria
636 3691 670 3759 in
696 3687 835 3776 coelos,
861 3685 1023 3782 sedetque
1049 3684 1092 3756 ad
1123 3684 1296 3757 dexteram
1330 3686 1433 3780 patris
1467 3687 1540 3771 sui3
1580 3685 1765 3778 itemmque

392 3809 551 3874 venturus
583 3813 635 3874 est
666 3825 740 3873 cum
773 3803 882 3895 gloria
911 3801 1116 3894 judicaturus
1151 3802 1251 3873 vivos
1283 3808 1317 3871 et
1341 3809 1510 3888 mortuos,
1542 3799 1637 3889 cujus
1667 3799 1766 3890 regni

391 3936 459 3988 non
491 3919 554 3988 erit
587 3917 670 3992 finis.
725 3916 899 3990 Credimus
932 3919 1032 3988 etiam
1062 3919 1097 3986 in
1136 3913 1293 4010 Spiritum
1333 3923 1482 3988 sanctum
1520 3912 1697 3984 Dominum
1730 3922 1765 3983 et

391 4029 628 4122 vivificantem,
655 4035 710 4127 qni
738 4054 784 4103 ex
809 4032 911 4104 Patre
937 4029 1103 4126 procedit:
1136 4051 1234 4124 quem
1261 4029 1437 4102 adoramus
1465 4039 1499 4100 et
1525 4027 1764 4119 glorificamus,

392 4166 468 4216 cum
493 4146 595 4218 Patre
622 4157 656 4219 et
680 4147 788 4219 Filio:
815 4149 872 4243 qui
896 4146 1027 4218 locutus
1042 4154 1093 4218 est
1108 4168 1171 4242 per
1196 4144 1391 4239 Prophetas.
1419 4142 1594 4216 Credimus
1616 4145 1715 4216 etiam
1729 4145 1764 4214 in

390 4281 489 4331 unam
517 4273 664 4333 sanctam
690 4261 890 4352 Ecclesiam,
919 4259 1124 4334 Catholicam
1153 4271 1186 4334 et
1198 4259 1439 4356 Apostolicam.
1468 4254 1641 4330 Credimus
1662 4278 1763 4328 unum

390 4373 561 4470 Baptisma
588 4380 622 4447 in
648 4381 879 4450 remissionem
905 4385 1134 4472 peccatorum:
1171 4385 1206 4447 et
1231 4382 1447 4471 expectamus
1481 4373 1762 4446 resurrectionem

390 4501 608 4580 mortuorum,
634 4500 668 4563 et
695 4495 797 4564 vitam
823 4499 998 4564 venturam
1024 4493 1057 4561 in
1084 4491 1262 4564 saeculum.
1314 4491 1434 4562 Amen.

495 4603 679 4678 Sacerdos.
731 4606 803 4678 Fac
837 4615 873 4678 ut
905 4609 1190 4699 congregationes
1223 4613 1360 4678 nostrae
1390 4606 1457 4677 sint
1497 4601 1596 4674 nobis
1635 4599 1763 4694 absque

390 4718 624 4813 impedimento
651 4732 685 4793 ει
708 4722 968 4794 intermissione:
1003 4721 1147 4814 fiantqm
1172 4741 1234 4816 per
1260 4719 1467 4793 voluntatem
1498 4727 1589 4789 tuam
1616 4723 1764 4787 sanctam

391 4841 425 4902 ct
458 4833 607 4923 beatam,
642 4835 759 4907 domus
793 4839 971 4922 orationis,
1006 4834 1123 4908 domus
1158 4837 1330 4931 puritatis,
1361 4834 1479 4906 domus
1511 4829 1763 4916 benedictionis.

389 4951 541 5043 benigne
568 4948 718 5024 concede
743 4947 818 5021 illas
843 4949 942 5024 uobis
970 4952 1081 5022 servis
1107 4953 1185 5038 tuis,
1212 4958 1246 5021 et
1271 4948 1336 5020 illis
1363 4951 1418 5042 qui
1443 4954 1522 5041 post
1547 4968 1609 5020 nos
1630 4944 1763 5016 venturi

390 5075 484 5154 sunt,
518 5081 624 5160 usqae
659 5065 694 5132 iu
725 5063 905 5140 saeculum.
959 5065 1100 5156 Exurge
1132 5066 1276 5136 Domine
1310 5063 1403 5135 Deus
1430 5069 1562 5146 noster,
1598 5069 1631 5130 et
1658 5056 1763 5131 dissi-

1484 5175 1532 5246 77
1546 5173 1565 5209 ⁴*
