4760 6038
750 532 799 610 hh
818 531 960 610 LlllGUA
986 530 1157 610 COPTICA.
1521 529 1648 604 CXVII

275 723 463 820 gyptiacaS,
489 741 558 794 aon
584 745 605 794 a
632 717 773 793 Graecis
800 717 843 792 ad
870 741 953 794 suae
977 718 1258 813 linguaegenium
1285 744 1348 818 per
1370 720 1540 814 adjunctas
1569 729 1647 794 ter-

276 840 486 928 minationes,
501 842 569 913 τοῦ
593 865 625 922 ις
642 835 806 928 inflexas,
840 858 923 933 quas
955 847 1077 927 tamem
1112 845 1148 908 ut
1179 836 1361 929 radicales,
1403 848 1500 911 autor
1539 839 1648 933 accipi

274 955 399 1045 voluit,
432 953 507 1026 dum
540 957 574 1025 in
609 953 812 1050 etymologia
854 952 978 1048 aliquot
1017 953 1184 1024 nominum
1222 953 1356 1046 Regum
1389 955 1541 1050 Aegypti
1574 977 1645 1028 ve-

276 1085 382 1146 terum
407 1071 485 1143 lusit
510 1074 592 1143 satis
616 1068 800 1142 infeliciter.
823 1151 826 1163 Δ
853 1067 941 1140 Nam
967 1089 1041 1140 cum
1069 1071 1179 1141 omnia
1205 1067 1311 1142 ferme
1337 1073 1371 1142 in
1402 1097 1456 1170 ρις
1482 1071 1645 1162 desinant,

276 1219 321 1289 ρη
347 1198 457 1260 autem
484 1187 589 1260 solem
624 1186 805 1280 significet,
839 1207 937 1280 quem
970 1207 1132 1258 summum
1166 1184 1274 1256 Deum
1308 1183 1369 1258 sub
1404 1189 1509 1259 variis
1546 1187 1645 1260 titulis

275 1308 438 1401 Aegyptii
452 1301 620 1393 colebant,
635 1304 812 1397 perspicua
838 1299 969 1373 illomm
997 1304 1096 1392 origo
1124 1311 1191 1374 est:
1218 1300 1275 1372 ille
1299 1324 1386 1374 vero
1413 1330 1444 1386 ις
1469 1302 1542 1376 vult
1567 1325 1646 1375 esse

275 1419 478 1494 Hebraioum
505 1421 605 1510 mer,
648 1418 736 1513 quod
762 1426 871 1489 tamen
903 1416 998 1488 litera
1034 1417 1159 1507 finiun,
1196 1440 1283 1512 quaa
1319 1417 1460 1490 Graecis
1494 1421 1648 1491 musitata

276 1537 410 1635 s'emper
435 1536 503 1609 fuit.
575 1623 579 1632 Ι

379 1654 507 1727 Verum
541 1650 714 1746 Copticam
754 1649 1001 1746 qualiscumque
1041 1652 1101 1740 sit,
1142 1649 1289 1742 linguam
1331 1662 1408 1724 ante
1448 1654 1646 1746 quingentos
1677 1687 1784 1757 equa
1802 1687 1970 1758 quartanae

275 1793 382 1846 annos
410 1775 445 1842 in
469 1792 534 1842 usu
559 1771 645 1839 inter
671 1765 878 1840 Christianos
894 1766 1086 1862 Aegyptios
1105 1765 1221 1861 fuisse,
1249 1764 1394 1862 probant
1417 1767 1509 1840 multi
1535 1769 1862 1845 histo-eumaeo
1877 1777 1970 1846 viguit.

274 1892 347 1962 riae
373 1884 626 1964 Alexandrinae
652 1883 727 1956 loci.
769 1882 918 1957 Severus
954 1879 1009 1976 qui
1041 1883 1166 1977 primus
1197 1882 1243 1952 illi
1275 1882 1474 1957 scribendae
1509 1909 1647 1983 operam

276 2006 378 2094 dedit,
405 2012 545 2075 testatur
572 1999 717 2093 adjutum
743 2021 781 2070 se
809 2022 829 2070 a
856 1998 998 2094 quodam
1023 1997 1177 2070 Diacono
1203 1997 1400 2089 Abellanis,
1428 1998 1471 2072 ad
1497 2002 1647 2075 transla-

274 2125 402 2194 tionem
427 2120 517 2190 vitae
545 2115 759 2211 quommdam
794 2113 1076 2186 Patriarcharum:
1111 2122 1145 2185 at
1178 2113 1318 2188 vivebat
1350 2115 1406 2187 ille
1439 2116 1576 2190 saeculo
1602 2119 1645 2192 X.

274 2238 371 2310 Vana
398 2234 482 2306 lilius
508 2233 607 2324 Reja,
643 2231 684 2303 de
712 2253 776 2326 quo
804 2229 897 2322 alibi,
925 2251 987 2326 per
1012 2229 1206 2302 miraculum
1232 2228 1274 2301 ad
1301 2229 1521 2305 Christianam
1548 2232 1646 2306 fidem

274 2373 480 2441 conversus,
511 2352 544 2420 in
571 2372 612 2420 ea
639 2351 762 2420 institui
789 2351 899 2444 coepit
934 2368 954 2417 a
980 2344 1166 2418 Sacerdote
1201 2345 1377 2422 Ecclesiae
1410 2351 1516 2422 sancti
1548 2348 1647 2421 trer-

274 2473 370 2560 cmii,
398 2470 453 2563 qai
479 2465 669 2562 Scripturas
695 2463 740 2534 illi
780 2487 826 2535 ex
860 2459 1001 2560 Coptica
1036 2463 1185 2537 Arabico
1217 2463 1504 2560 interpretabatur.
1558 2467 1649 2539 Ante

274 2589 476 2684 quingentos
511 2580 711 2675 etamplius
748 2603 853 2653 annos
886 2577 1003 2674 Yupab
1036 2577 1228 2652 Patriarcha
1262 2604 1376 2655 coram
1403 2580 1646 2655 Muhamedano

273 2701 453 2777 Praefecto
482 2693 620 2793 Coptica
647 2696 787 2792 loquens
815 2695 856 2768 ad
882 2694 1084 2791 Episcopus,
1111 2696 1261 2790 proditus
1292 2707 1345 2770 cst
1370 2720 1390 2768 a
1418 2697 1562 2792 quodam
1588 2704 1646 2771 in-

274 2818 377 2906 fideli,
404 2816 538 2908 huguae
563 2813 649 2885 illius
676 2817 794 2908 perito.
820 2811 955 2884 lilarcus
982 2810 1065 2884 filius
1091 2808 1276 2885 Elkonbari
1301 2814 1458 2886 infinitam
1480 2815 1646 2886 hominum

276 2932 516 3008 multitudinem
555 2930 597 3001 ad
632 2951 671 3001 se
712 2932 814 3002 traxit
848 2928 1044 3000 duodecimo
1080 2927 1235 3018 saeculo,
1275 2932 1352 3022 quia
1379 2928 1567 3026 Scripturas
1601 2953 1647 3002 ex

276 3052 428 3146 Coptiois
455 3045 547 3119 libris
574 3027 792 3142 exponebat'
827 3046 915 3120 Acta
947 3054 981 3116 et
1015 3047 1230 3116 instrumenta
1258 3045 1332 3116 talis
1360 3049 1490 3137 aetatis,
1517 3055 1550 3117 et
1576 3067 1646 3117 ve-

275 3172 417 3242 tustiora
445 3169 543 3235 etiam
579 3166 787 3258 reperiuntur
817 3165 942 3258 scripta
959 3161 1112 3257 Coptica,
1137 3172 1273 3256 praeter
1290 3161 1472 3256 LiturgiaS,
1499 3171 1532 3233 et
1559 3159 1645 3232 Ott-

276 3289 329 3358 cia
358 3278 622 3354 sacramentalia
648 3281 761 3368 varia,
789 3300 925 3374 quorum
954 3279 1099 3349 omnium
1126 3280 1299 3372 antiquitas
1325 3277 1497 3376 Epocham
1523 3303 1544 3350 a
1570 3281 1645 3350 viro

276 3400 473 3474 doctissimo
500 3397 710 3468 constitutam
736 3392 860 3488 aliquot
886 3416 1048 3465 annorum
1075 3399 1230 3469 centuriis
1247 3399 1432 3468 antevertit.
1460 3393 1528 3466 Sed
1557 3395 1645 3490 quod

274 3515 428 3608 negavit,
455 3510 629 3607 Copticam
654 3509 799 3602 linguam
824 3533 963 3604 usquam
989 3521 1151 3581 terrarum
1178 3514 1212 3582 in
1237 3535 1300 3584 usu
1323 3510 1441 3602 fuisse,
1467 3514 1645 3607 perspicue

275 3629 439 3704 refellitur
465 3631 643 3700 autoritate
668 3624 820 3698 Makrizii
855 3627 995 3718 insignis
1023 3623 1237 3721 Geographi,
1270 3628 1324 3722 qui
1351 3627 1394 3699 de
1419 3626 1558 3700 Osiouta
1585 3625 1643 3698 lo-

277 3767 396 3842 quens,
423 3746 543 3836 vigere
572 3764 632 3815 suo
659 3752 809 3838 tempore
836 3740 901 3811 illio
920 3764 1017 3813 usum
1042 3739 1176 3833 huguae
1189 3739 1350 3839 Copticae
1366 3745 1519 3838 purioris,
1548 3764 1646 3835 quam

275 3863 477 3934 Sabidienus
502 3868 638 3946 vocant,
666 3867 815 3947 testatur,
842 3865 876 3929 et
901 3855 988 3928 idem
1015 3854 1056 3929 ab
1085 3856 1157 3928 aliis
1192 3879 1258 3930 non
1284 3857 1468 3950 nugacibus
1495 3861 1644 3952 scripto-

277 3978 369 4051 ribus
385 3978 566 4048 memoriae
584 3974 749 4070 proditum
769 3984 830 4047 est.
867 3971 1016 4044 Tandem
1043 3995 1086 4044 ne
1112 3975 1206 4071 plura
1234 3977 1419 4046 testimonia
1445 3972 1646 4064 referantur,

278 4093 369 4189 quod
394 4095 429 4164 in
455 4091 521 4164 alio
548 4091 625 4164 loco
653 4114 673 4162 a
699 4089 796 4163 nobis
822 4085 1055 4185 praestabitur,
1084 4089 1238 4164 discimus
1266 4115 1311 4164 ex
1333 4090 1502 4186 Opusoulo
1519 4088 1645 4162 Gram-

276 4213 401 4282 matico
427 4205 600 4280 Athanasii
627 4205 786 4303 Episcopi
812 4205 882 4276 itus
908 4208 941 4275 in
968 4204 1158 4297 Thebaide,
1192 4208 1268 4280 olim
1296 4207 1484 4304 Scripturas
1512 4210 1545 4278 in
1571 4205 1647 4277 Ec-

278 4324 384 4396 clesia
411 4321 542 4394 Graece
568 4322 673 4395 lectas
700 4321 816 4412 fuisse,
844 4331 878 4392 et
903 4331 1022 4417 postea
1050 4322 1190 4418 Coptica
1217 4349 1237 4395 a
1259 4322 1495 4397 Sacerdotibus
1522 4321 1646 4418 populo

277 4444 530 4534 interpretatas:
558 4449 592 4510 at
618 4461 692 4509 oum
721 4436 873 4509 Graecae
899 4437 1033 4531 linguae
1058 4438 1210 4532 vulgaris
1236 4463 1316 4513 usus
1342 4443 1470 4536 penitus
1504 4443 1646 4511 interci-

279 4557 396 4646 disset,
422 4555 495 4628 illas
521 4555 627 4628 lectas
653 4553 757 4634 fuisso
785 4551 941 4649 Coptica:
968 4555 1272 4652 interpretationem
1298 4555 1386 4650 plebi
1412 4555 1525 4649 lingua
1548 4556 1646 4630 Ara-

277 4671 357 4744 bica
383 4670 515 4743 factam.
569 4669 664 4744 Haec
689 4680 723 4742 et
749 4670 867 4745 similia
894 4692 979 4765 quae
1006 4674 1267 4743 certisautorum
1294 4675 1487 4745 testimoniis
1516 4672 1645 4745 confir-

279 4797 422 4879 mantur,
449 4789 478 4860 si
504 4785 640 4880 Vossio,
667 4798 701 4860 et
727 4787 799 4860 aliis
827 4790 881 4882 qui
914 4788 987 4878 ejus
1021 4789 1230 4879 conjecturas
1267 4789 1371 4861 secuti
1402 4797 1496 4878 sunt,
1531 4791 1645 4881 ignota

279 4901 394 4994 fuere,
424 4925 492 4974 non
522 4913 633 4976 tamen
668 4908 775 4978 minus
806 4926 890 4977 vera
925 4913 1008 4976 sunt.
1062 4902 1147 4975 Nam
1183 4928 1257 4976 cum
1294 4903 1441 4996 linguam
1474 4899 1644 5000 Copticam

283 5021 378 5093 annis
412 5022 598 5116 quingentis
642 5022 859 5094 vetustiorem
893 5041 970 5094 esse
1009 5043 1203 5113 negavere,
1237 5019 1433 5097 nesciebant
1470 5020 1573 5094 libros
1611 5024 1647 5092 in
