4680 6044
619 531 672 606 AD
689 529 895 624 tttutdnu
911 525 1104 604 contuenti
1119 526 1150 604 S.
1165 526 1310 602 BASILII.
1423 517 1430 532 ’
1578 529 1655 604 209

366 713 413 776 De
447 713 586 796 'trisagio
621 714 744 795 proprie
775 711 855 776 dicto
885 729 983 800 pauca
1007 712 1070 792 jam
1101 710 1290 774 observanda
1324 718 1404 778 sunt.
1449 712 1583 794 Hymnus
1614 713 1656 775 ita
1703 731 1886 802 hastingio.

278 811 398 876 Graece
422 829 457 874 se
488 811 578 874 habet
601 800 751 895 Ἅγιοςό
778 797 876 888 θεός,
903 799 995 894 ἅγιος
1022 795 1166 896 ἰσχυρός,
1200 797 1293 892 ἅγιος
1320 797 1493 885 ἀθάνατος
1521 805 1656 894 ἐλέησον

276 900 376 993 ἡμᾶς.
428 909 559 973 Sanctam
586 912 684 985 Deru,
714 916 838 973 senators
863 909 973 990 sortis,
1003 916 1127 972 sonetur
1154 909 1351 984 immortalis,
1384 913 1529 972 miseere
1557 911 1656 977 hobis.

276 1007 360 1072 lllius
384 1011 534 1091 originem
556 1010 664 1073 Graeci
687 1018 811 1072 autores
840 1025 945 1073 omnes
973 1009 1110 1072 relerunt
1137 1006 1175 1070 ad
1204 1007 1303 1069 Procli
1332 1005 1657 1089 constantinopolitani

275 1107 471 1200 Patriaychac
501 1117 655 1191 tempora,
686 1126 753 1171 curn
776 1107 907 1186 scilicet,
931 1109 1006 1172 urbe
1028 1123 1139 1190 magno
1161 1114 1262 1168 terrae
1284 1113 1367 1169 motu
1390 1094 1556 1186 concussa,
1579 1123 1656 1188 puer

277 1207 309 1268 in
332 1206 461 1270 sublime
484 1215 607 1288 raptus,
637 1207 720 1271 illum
743 1207 870 1269 edoctus
894 1217 958 1286 est,
981 1222 1159 1285 omnemque
1187 1203 1308 1285 plebem
1338 1225 1405 1268 eum
1434 1224 1546 1270 canere
1576 1207 1656 1269 hor-

277 1312 357 1367 tatus
393 1314 460 1384 est,
494 1313 585 1386 atque
619 1307 659 1369 ita
693 1303 852 1368 calamitati
882 1305 949 1368 linis
979 1305 1043 1368 luit.
1096 1303 1139 1366 lta
1168 1302 1274 1365 lobius
1305 1305 1383 1385 apud
1414 1305 1567 1383 Photium,
1596 1304 1655 1368 Jo-
1703 1315 1762 1369 cort.
1781 1319 1843 1372 222.
1859 1322 1888 1374 h.
1907 1325 1933 1376 a.
1950 1325 1981 1380 aa

277 1421 375 1466 annes
398 1404 603 1470 Damascenus
626 1404 846 1485 Theophanes,
869 1411 900 1467 et
929 1419 1033 1465 omnes
1064 1402 1159 1465 ferme
1189 1403 1394 1483 recentiam,
1424 1411 1486 1466 tum
1508 1405 1654 1486 historici,
1665 1403 1714 1468 fide
1731 1404 1799 1458 ortt.
1818 1416 1843 1458 er
1856 1409 1981 1478 Optoouh

190 1575 193 1582 y
276 1509 340 1564 tum
362 1503 473 1564 rituum
496 1505 687 1585 interpretes.
733 1501 855 1565 illorum
877 1501 1046 1566 testimonia
1069 1509 1100 1564 et
1126 1517 1333 1582 quaecumque
1361 1503 1456 1566 lerme
1486 1503 1524 1566 dc
1548 1504 1655 1568 Trisa-
1669 1489 1698 1540 ὰ
1718 1490 1836 1558 ΜΨ·
1854 1512 1881 1546 ¹⁸·
1895 1493 1933 1546 “¹-
1954 1495 1979 1550 Τ·
2060 1507 2066 1530 '

275 1603 329 1685 gio
360 1601 420 1664 dici
455 1610 601 1684 possunt,
636 1599 814 1681 compendio
849 1601 1014 1682 explicavit
1043 1602 1089 1663 vir
1117 1599 1306 1664 Clarissimus
1341 1603 1372 1664 in
1401 1619 1458 1666 suo
1490 1573 1688 1698 Glossario5¹'
1705 1594 1732 1644 Ρ·
1751 1577 1813 1628 ⁴⁸⁰·

275 1700 416 1782 Hymno,
440 1701 529 1782 quus
552 1700 681 1782 simplex
704 1700 781 1764 haec
803 1700 929 1782 primum
951 1699 1050 1763 lorma
1072 1700 1141 1778 luit,
1165 1701 1272 1764 Petrus
1295 1699 1456 1782 Gnapheus
1485 1701 1655 1764 Antioche-

274 1817 335 1860 nus
361 1797 533 1880 Episcopus
557 1798 669 1861 addidit
698 1797 774 1862 haec
804 1798 899 1862 verbu
928 1801 981 1880 proi
1009 1801 1174 1879 crucistens
1202 1819 1236 1861 es
1259 1818 1320 1879 pro
1348 1801 1453 1863 nobis:
1481 1817 1559 1882 quae
1588 1819 1655 1863 cum

274 1899 443 1963 memoriae
465 1897 563 1979 plebis
587 1898 726 1962 mandata
754 1899 946 1980 supprimere
976 1897 1097 1962 didicile
1124 1896 1219 1975 soret,
1251 1896 1416 1962 Calandion
1446 1897 1654 1977 orthodoxus,

274 2005 308 2059 ut
332 2013 370 2060 ea
400 1996 438 2060 ad
467 1998 649 2060 sententiam
678 1999 830 2062 innoxiam
859 1997 1041 2075 reduceret,
1075 1996 1151 2060 haec
1179 1996 1313 2078 adjunxit
1340 1990 1467 2080 Xprord
1496 1992 1653 2077 βασιλεῦ,

275 2095 400 2158 Christe
428 2117 504 2172 ree,
534 2104 567 2158 nt
602 2095 641 2160 ad
670 2095 821 2160 Christum
849 2096 1056 2159 reserrentur:
1084 2094 1139 2158 sed
1161 2094 1335 2158 reclamavit
1356 2113 1479 2176 semper
1507 2095 1654 2160 adversus

273 2195 358 2276 pium
382 2192 593 2273 Calendionis,
617 2195 789 2274 Ephracmii
813 2197 884 2276 (qui
905 2195 943 2258 de
966 2195 1011 2258 his
1040 2194 1120 2275 apud
1147 2193 1283 2257 Photium
1310 2193 1402 2258 multu
1429 2200 1535 2258 notatu
1564 2193 1656 2274 digna

273 2291 406 2371 relert,)
430 2293 617 2374 aliorumque
640 2293 888 2358 urthodoxorum
910 2293 1077 2372 consilium,
1100 2291 1191 2356 tactio
1214 2292 1349 2374 Gnaphei
1368 2311 1493 2374 sequax.
1539 2293 1583 2356 lta
1605 2291 1656 2356 la-

274 2400 373 2471 ctum,
397 2399 431 2454 ut
447 2392 687 2474 monophysitae
709 2399 849 2473 unquam
872 2393 1020 2455 communi
1043 2400 1177 2468 tessera,
1199 2390 1258 2454 hoc
1276 2391 1387 2473 hymno
1410 2410 1466 2473 per
1479 2390 1656 2473 Gnapheum

274 2498 439 2572 corrupto,
470 2508 532 2555 non
562 2490 621 2554 olio
651 2498 819 2555 uterentur.
870 2493 982 2554 Extant
1012 2489 1050 2552 de
1081 2491 1138 2553 hoc
1168 2497 1347 2572 argumento
1377 2490 1491 2571 aliquot
1518 2492 1655 2574 insignes

271 2590 430 2674 Epistulae
453 2590 562 2654 Felicis
586 2588 635 2654 Ill.
664 2589 808 2667 Romani,
837 2588 943 2652 Aeacii
971 2587 1308 2670 Constantinopolitani,
1338 2588 1488 2661 Quintiani
1516 2588 1655 2652 Acullia-

274 2709 398 2769 narum,
422 2689 532 2752 Justini
553 2689 698 2770 Episcopi
720 2690 750 2750 in
773 2687 890 2767 Sicilia,
913 2687 1103 2769 Asclepiadis
1127 2687 1280 2764 Trebium,
1302 2685 1471 2752 Antheonis
1493 2688 1655 2768 Arsinoes,

275 2791 381 2854 Fausti
403 2788 628 2870 Apolloniadis,
652 2787 795 2868 Pamphili
816 2787 1012 2868 Abydorum,
1036 2787 1074 2850 de
1097 2787 1205 2868 quibus
1227 2788 1312 2850 varia
1334 2795 1405 2850 sunt
1427 2786 1582 2851 doctorum
1604 2787 1655 2848 vi-

274 2906 381 2952 rorum
412 2887 535 2968 judicia.
587 2885 767 2950 Anastasius
797 2885 964 2968 imperator
995 2905 1083 2967 qnam
1113 2885 1268 2950 Jacobitae
1297 2886 1336 2950 oh
1369 2887 1497 2967 partium
1531 2901 1654 2948 sumum

274 2987 425 3064 studium,
448 2987 535 3068 quasi
565 3001 677 3048 novum
701 2984 929 3048 Constantinum
956 2993 1156 3063 venerantur,
1185 2985 1342 3049 additionis
1373 2983 1508 3066 Gnaphei
1535 2985 1654 3048 acerri-

274 3105 341 3150 mus
365 3085 511 3149 defensor
532 3083 601 3164 luit,
626 3092 659 3146 ut
681 3094 724 3146 ex
744 3084 944 3165 Theophane,
968 3083 1082 3166 Cyrillo
1105 3083 1352 3166 scythopolitam
1375 3087 1406 3148 in
1420 3087 1479 3148 vita
1495 3083 1525 3148 S.
1544 3083 1653 3163 Sabae,
1685 3087 1731 3140 W.
1748 3087 1775 3138 S·
1793 3086 1883 3139 Sohae-
1898 3103 1920 3139 o.
1935 3087 1978 3140 32

273 3184 453 3250 Marcellino
477 3182 610 3261 Comite,
633 3184 757 3246 Victore
780 3183 954 3246 Tononensi
978 3191 1008 3246 et
1031 3184 1096 3246 aliis
1120 3183 1294 3248 observavit
1309 3183 1452 3267 Congius,
1475 3186 1526 3265 qui
1540 3185 1655 3265 pariter

273 3305 315 3348 ex
347 3283 472 3348 Graecis
508 3281 663 3344 autoribus
699 3280 808 3364 probat
838 3301 904 3345 eam
937 3283 1117 3346 additionem
1147 3301 1165 3344 a
1193 3283 1413 3364 hionophysitis
1444 3274 1655 3348 conservatam

273 3382 388 3458 fnisse3
411 3381 494 3464 quod
515 3388 548 3444 ut
570 3383 695 3444 istorum
719 3382 898 3457 autoritate,
922 3391 1064 3462 quantum
1094 3400 1171 3464 opus
1203 3391 1283 3461 erat,
1306 3382 1476 3464 probavit,
1493 3383 1532 3445 de
1560 3383 1655 3446 Jaco-

274 3483 346 3546 bitis
371 3499 476 3544 eornm
498 3479 749 3559 successoribus,
776 3480 853 3543 idem
882 3482 1002 3544 omnino
1034 3481 1225 3544 statuendum
1258 3489 1315 3544 est.
1361 3481 1421 3546 Sed
1450 3481 1488 3544 de
1518 3481 1577 3546 illis
1605 3483 1655 3544 vi·-

274 3579 395 3644 dendae
417 3586 487 3642 sunt
507 3578 657 3660 praelatio
680 3588 710 3642 et
732 3586 822 3642 notae
844 3579 1008 3644 doctissimi
1022 3580 1054 3642 P.
1069 3579 1223 3643 Michaelis
1246 3581 1381 3661 Leqrrien
1397 3582 1448 3661 qui
1463 3582 1561 3644 omnia
1576 3598 1655 3661 quae

275 3678 357 3762 apud
381 3678 516 3742 Graecos
540 3686 662 3742 autores
685 3677 859 3742 referuntur
882 3678 919 3742 dc
943 3677 1001 3740 hoc
1024 3686 1218 3762 argumento,
1242 3687 1384 3741 accurate
1407 3680 1580 3760 explicavit.
1612 3711 1617 3722 ·

363 3775 399 3838 ln
420 3777 617 3860 Euchologiis
641 3777 850 3841 Melchitarum
872 3779 1084 3861 manuscriptis
1108 3785 1139 3840 et
1161 3779 1190 3840 in
1214 3797 1253 3842 eo
1272 3777 1355 3858 quod
1366 3778 1439 3840 Fani
1461 3779 1573 3842 editum
1588 3777 1654 3856 tuit,
1702 3775 1838 3837 Quomodo
1856 3779 1979 3832 recitetur

273 3875 406 3957 hymnus
430 3874 545 3956 absque
570 3875 620 3939 illa
643 3875 796 3939 additione
818 3878 985 3958 reperitur,
1001 3879 1086 3940 ‘sicut
1108 3875 1286 3942 Orthodoxa
1316 3876 1353 3938 ab
1376 3878 1458 3940 initio
1486 3876 1568 3938 illum
1598 3879 1683 3938 re-⁸
1699 3861 1829 3917 tacebitis.
1866 3897 1876 3908 ·

274 3975 379 4036 citavit
400 3973 546 4036 Ecclesia.
590 3973 632 4037 lta
656 3981 687 4037 et
709 3976 739 4036 in
769 3975 1018 4039 Nestorianorum
1046 3976 1142 4038 sacris
1173 3973 1297 4053 ciliciis,
1328 3993 1456 4057 cumque
1484 3994 1592 4058 purum
1622 3982 1654 4038 et

274 4073 393 4153 absque
420 4071 474 4134 tali
505 4072 611 4134 lacinio
638 4073 735 4136 refert
763 4074 874 4138 Amrus
906 4074 1037 4138 ldathaei
1064 4073 1153 4138 lilius.
1204 4073 1292 4150 Ata,
1322 4076 1432 4156 inquit,
1461 4075 1580 4148 cretio,
1609 4080 1656 4135 est

273 4174 403 4256 hynamts
424 4172 516 4233 naon
537 4171 715 4248 amborum,
737 4180 793 4234 out
813 4175 1003 4254 hiporhtrra,
1025 4174 1077 4254 pai
1098 4172 1290 4250 oudihtsfur't
1303 4174 1335 4236 in
1353 4175 1530 4236 remorando
1542 4171 1654 4234 Eccle-

273 4273 343 4333 eioe
372 4272 500 4350 majoris
531 4268 789 4352 Constantinopoli
819 4292 860 4334 ec
886 4292 940 4335 ore
964 4271 1089 4353 atropoli,
1122 4272 1242 4352 pendo
1271 4271 1390 4350 occidit
1413 4272 1571 4332 eontmuus
1595 4277 1655 4349 p'er

273 4370 482 4450 puodropr’nto
503 4369 571 4431 dr'ea
593 4376 696 4432 terroe
717 4378 833 4448 motata,
856 4373 908 4452 dui
929 4373 1099 4459 cmrqoiecr't
1119 4371 1222 4432 stetim
1243 4377 1332 4450 etque
1353 4387 1465 4450 mayoc
1485 4387 1560 4434 occe
1583 4369 1655 4430 ceni

273 4469 402 4550 hyrcanus
424 4475 548 4547 coeptus
569 4473 623 4532 est.
668 4466 700 4530 Is
722 4477 822 4532 cotem
844 4471 888 4532 ito
909 4469 1018 4532 hebet:
1040 4469 1172 4532 sanctor
1192 4469 1290 4546 Dera,
1313 4475 1437 4531 sorwtars
1449 4467 1553 4548 fortas,
1576 4485 1654 4530 son-

274 4571 343 4626 etur
364 4565 561 4642 immortales,
583 4569 728 4630 miseere
749 4568 847 4630 nobis.
891 4568 1047 4631 lacebitee
1076 4586 1171 4650 porro
1198 4568 1352 4649 cujusdam
1382 4584 1473 4630 manu
1502 4565 1539 4630 ad
1569 4583 1654 4628 mar-

274 4663 379 4745 ginem
401 4663 572 4746 adjunctum
595 4673 658 4743 cst,
681 4667 734 4746 put
754 4668 920 4746 errwittcos
942 4687 976 4729 cs
992 4687 1054 4748 pro
1076 4666 1172 4729 nobis.
1218 4665 1257 4728 Et
1278 4684 1353 4730 sane
1379 4666 1550 4745 lacebitae,
1584 4663 1655 4745 Syri

275 4768 308 4822 et
329 4761 475 4842 Aegyptii
497 4761 584 4824 aliter
606 4781 674 4825 eum
696 4782 758 4828 non
781 4765 926 4844 recitent,
950 4766 1007 4828 nisi
1031 4782 1098 4827 cnm
1122 4764 1272 4827 additione
1296 4765 1345 4827 illa
1367 4766 1489 4847 antiqua
1518 4773 1549 4828 et
1578 4763 1655 4832 bre-

274 4860 369 4938 viori,
393 4860 444 4922 vel
457 4877 523 4922 cum
539 4861 689 4944 ampliori,
713 4871 744 4925 et
765 4881 845 4944 quae
868 4863 905 4925 ad
928 4863 1063 4926 eamdem
1085 4865 1264 4928 secundam
1287 4863 1494 4946 explicandam
1518 4862 1656 4928 adhiberi

274 4965 394 5040 potest,
417 4959 611 5041 paraphrasi,
637 4963 723 5044 cujus
747 4963 835 5025 etiam
857 4979 918 5026 non
940 4979 998 5026 una
1020 4961 1117 5025 forma
1140 4971 1197 5026 est.
1241 4962 1274 5027 In
1296 4963 1486 5048 Eucbologio
1515 4965 1656 5048 Coptica.
