4670 6046
678 478 731 553 AD
752 477 959 555 tumtun
978 474 1170 554 utrumn
1190 479 1221 554 S.
1240 477 1385 554 BASlLlI.
1642 477 1714 550 251

289 710 294 718 .
343 659 424 722 nulla
448 667 511 720 toto
534 658 611 722 orbe
633 659 771 722 Ecclesia
793 676 922 741 unquam
946 661 986 722 sit
1008 668 1058 721 aut
1081 659 1188 734 inerit,
1221 661 1249 720 in
1279 678 1337 740 qua
1369 658 1551 724 Sacerdotes
1579 669 1610 724 et
1635 658 1719 724 Laici
1790 729 1792 732 ,

343 759 523 820 luculentius
558 757 595 820 de
631 758 835 821 sacratissimo
871 757 923 821 illo
952 759 1097 840 mysterio
1115 759 1328 821 testimonium
1367 757 1489 822 dedisse
1518 760 1719 842 reperiantur.

345 857 444 938 Atque
467 873 504 918 ea
527 857 637 936 opinor
659 861 776 919 ratione
799 855 980 934 factumest,
1004 863 1036 917 ut
1058 855 1197 918 absolute
1207 846 1381 938 ‘Ouolayla
1394 857 1610 938 appellaretur,
1634 856 1719 937 quasi

346 957 442 1019 omnia
466 953 689 1034 complectens,
715 973 875 1036 quaenon
899 956 1049 1019 modoad
1076 954 1278 1033 Sacramenti,
1310 953 1364 1017 sed
1396 951 1547 1018 etiamad
1575 956 1720 1018 lucarna-

344 1054 434 1115 tionis
456 1052 545 1114 fidem
568 1054 769 1132 pertinerent:
794 1054 929 1133 quamvis
952 1054 1053 1115 ullium
1076 1054 1122 1115 sui
1145 1061 1242 1134 parte,
1266 1061 1336 1115 ante
1359 1045 1472 1135 aliquot
1486 1053 1725 1116 saeculaintcr-

343 1152 527 1233 polalioncm
550 1169 640 1232 passu
662 1151 712 1228 sit,
735 1157 767 1212 ut
783 1150 821 1213 ad
844 1153 997 1232 propriam
1011 1151 1156 1214 Jacobitis
1169 1152 1309 1213 haeresin
1323 1150 1615 1214 accommodaretur:
1638 1149 1719 1232 quad

346 1269 399 1336 cur
421 1257 451 1311 ct
474 1248 594 1330 quando
616 1248 727 1310 lactum
749 1248 841 1311 tuerit
864 1269 903 1312 ex
927 1251 1019 1313 certis
1041 1251 1239 1312 monumentis
1271 1265 1469 1330 exponemus.
1515 1249 1603 1314 Adeo
1634 1249 1718 1312 ccle-

318 1349 406 1418 ¹bris
445 1354 492 1409 est
527 1347 557 1408 in
592 1346 799 1409 Alexandrina
827 1347 965 1412 Ecclesia
995 1349 1070 1410 hacc
1098 1350 1214 1426 oratio,
1248 1354 1282 1411 ut
1316 1349 1346 1408 in
1377 1346 1457 1409 nulla
1490 1348 1626 1431 Litargia
1655 1347 1720 1408 sive

345 1446 549 1529 Aegyptiace,
573 1447 638 1508 sive
661 1447 692 1506 in
714 1445 905 1528 Aethiopicis
928 1466 968 1510 ex
991 1446 1039 1509 illu
1063 1446 1225 1534 derivatis,
1255 1445 1463 1508 desideretur:
1496 1446 1594 1508 nullus
1623 1444 1721 1507 Autor

344 1543 460 1606 liituum
483 1544 563 1605 illius
585 1561 647 1606 nan
671 1545 848 1608 meminerit.
893 1545 931 1606 Ut
954 1553 1052 1608 autem
1075 1544 1261 1626 intelligatur
1282 1543 1399 1621 melius,
1423 1562 1483 1624 quo
1506 1543 1611 1606 ordino
1634 1541 1721 1605 dica-

345 1650 409 1720 tur,
433 1649 558 1723 praeter
578 1641 716 1703 rubricas
741 1639 862 1704 Codicis
886 1642 988 1724 liegii,
1012 1661 1087 1724 quas
1111 1643 1244 1704 versioni
1268 1649 1396 1703 nostrae
1418 1643 1608 1720 inseruimuS,
1632 1644 1720 1704 ritum

346 1742 494 1822 integrum
519 1739 748 1801 antecedentem
771 1757 993 1820 proponemus,
1025 1740 1126 1803 verbis
1151 1740 1299 1802 Gabrielis
1322 1740 1522 1804 Patriarcbae.
1569 1741 1639 1803 Post
1670 1740 1720 1802 illa

243 1875 247 1880 -
274 1913 281 1930 ἱ
346 1857 422 1919 quae
444 1837 592 1918 superius'
607 1837 704 1899 relata
727 1845 814 1918 sunt,
838 1839 877 1900 ita
900 1825 1105 1920 prosequitur.
1151 1840 1289 1918 Accipiet
1303 1838 1459 1901 Sacerdos
1471 1837 1643 1914 isbadicon,
1667 1857 1720 1900 sea

344 1940 487 2016 majorem
509 1937 628 1998 bosnae
645 1943 764 2014 partem
785 1939 817 1998 in
838 1956 959 1998 manum
981 1955 1068 1999 naam
1095 1939 1268 2012 dexteram,
1302 1956 1395 2016 eoque
1428 1938 1619 2017 consipnabit
1643 1955 1720 1998 saa-

345 2038 466 2115 puinem
485 2036 654 2113 pretiosum
676 2037 708 2095 in
731 2036 842 2110 calice,
865 2039 897 2098 in
919 2035 1038 2097 modum
1061 2038 1180 2097 crucis·
1203 2035 1373 2114 attolletque
1399 2035 1478 2096 iliud
1501 2038 1646 2116 sanpuirte
1668 2037 1720 2096 ia·

346 2135 484 2206 tenebam,
506 2133 610 2194 sedam
633 2151 761 2208 cauma,
791 2153 829 2194 nc
851 2133 924 2214 quid
951 2155 991 2195 ea
1013 2135 1065 2196 illo
1092 2135 1234 2195 decidat:
1265 2153 1305 2194 ea·
1334 2153 1370 2194 eo
1397 2133 1505 2195 dende
1535 2133 1668 2213 siprrabit
1687 2136 1719 2194 in

344 2228 473 2307 somam
495 2233 597 2291 cnecia
626 2239 718 2292 totum
741 2249 852 2310 corpus
874 2241 1026 2310 sanctum,
1051 2233 1132 2313 quod
1153 2241 1198 2294 est
1219 2234 1251 2295 in
1273 2231 1368 2292 disca
1412 2231 1491 2294 lianc
1512 2230 1626 2309 referet
1647 2232 1721 2294 illud

346 2329 387 2390 ad
407 2331 599 2407 sanquinem,
622 2335 652 2390 et
673 2348 713 2389 ea
736 2348 772 2389 eo
794 2349 903 2391 maus
925 2332 956 2392 in
978 2333 1126 2410 sanquine
1147 2332 1390 2409 cnacisfipuram
1403 2330 1582 2409 desipnabit,
1605 2331 1720 2392 immit-

347 2433 440 2506 telque
461 2426 535 2487 iilud
555 2426 588 2488 in
610 2428 785 2504 emptionem
807 2429 904 2489 calice
926 2437 1109 2505 contentetur,
1132 2430 1371 2490 dicensinterea.
1406 2415 1721 2510 Eitaypie'tqaoag

344 2512 490 2608 Χριστός
513 2511 585 2595 υἱός
613 2521 707 2585 θεοῦ.
741 2513 902 2608 ἁγιασμὸς
927 2512 1115 2604 πνεύματος
1142 2518 1236 2610 ἁγίου
1269 2515 1365 2610 ἀμήν.
1415 2524 1597 2588 Benedictus
1628 2527 1718 2590 lesus

347 2621 481 2685 Christus
504 2621 582 2683 itlius
605 2622 679 2684 Dei:
703 2623 899 2686 sanctificatio
923 2623 1052 2704 Spiritus
1074 2627 1181 2689 sanati.
1227 2625 1334 2686 Amen.
1378 2624 1512 2703 Populus
1540 2642 1612 2686 aera
1638 2626 1719 2687 ado-

345 2723 464 2784 ratione
485 2729 705 2800 sacraemnta,
735 2741 769 2784 se
790 2725 945 2800 attollens,
975 2721 1172 2804 respondebit
1191 2725 1255 2786 alta
1283 2741 1366 2785 occe.
1413 2722 1495 2792 Unus
1525 2723 1615 2784 Pater
1639 2723 1719 2785 San-

299 2877 302 2882 ,
347 2826 410 2882 ctus
433 2826 492 2882 otc.
539 2819 608 2882 liam
630 2819 786 2882 Sacerdos
807 2823 895 2885 dicet.
941 2823 1003 2885 Pax
1027 2822 1174 2887 omnibus.
1218 2820 1468 2901 Respondebam,
1496 2819 1534 2882 Et
1557 2839 1623 2882 cum
1646 2821 1720 2902 Spi-

346 2920 402 2980 ritu
418 2939 420 2944 ·
435 2925 497 2980 tuo.
549 2917 663 2980 Postea
695 2918 850 2982 Sacerdos
879 2921 960 2983 dicet
994 2920 1241 2999 Confessionem;
1274 2919 1565 3001 pronunciandopue
1600 2919 1719 3001 Corpus

347 3022 499 3092 sanctum,
521 3019 651 3096 accipiet
671 3018 755 3079 itiam
776 3021 922 3098 majorem
940 3027 1058 3099 partem
1083 3038 1162 3101 quae
1190 3021 1222 3080 in
1249 3019 1347 3080 medio
1375 3018 1455 3079 disci
1470 3018 1575 3097 posita
1604 3026 1663 3093 en,
1692 3025 1722 3079 et

225 3117 226 3122 ’
346 3135 385 3178 ea
406 3134 445 3177 ea
466 3115 596 3193 accipiet
622 3114 801 3192 lebadicon,
835 3125 866 3178 et
889 3117 1006 3179 diuidet
1033 3118 1107 3179 illud
1134 3119 1166 3178 in
1196 3126 1259 3179 tres
1282 3123 1399 3196 partes.
1445 3116 1535 3192 Quod
1566 3117 1595 3176 si
1620 3119 1720 3195 mqjor

347 3213 445 3274 bosia
469 3212 581 3293 suerit:
615 3214 745 3293 accipiet
773 3233 814 3276 ea·
841 3214 983 3277 isbodica
1013 3223 1076 3277 tres
1098 3223 1204 3294 partes
1230 3217 1263 3276 in
1292 3233 1400 3276 neantes
1428 3232 1516 3290 suae,
1543 3213 1721 3294 [manetque
1822 3217 1829 3228 '

345 3311 549 3390 particulatim
570 3313 603 3372 in
624 3312 711 3374 duco
733 3313 776 3374 ad
797 3312 873 3373 baec
895 3331 987 3392 aisque
1009 3312 1113 3374 uerba.
1150 3312 1279 3392 Accepit
1300 3311 1374 3373 illud
1396 3331 1437 3374 ex
1458 3311 1586 3374 Domina
1615 3320 1720 3375 nostra

229 3423 233 3430 ·
347 3408 477 3489 Deipara
500 3417 605 3472 sancta
628 3409 733 3471 blaria.
758 3409 827 3471 liam
850 3411 981 3490 accipiet
997 3411 1182 3490 particulam
1203 3413 1236 3472 in
1257 3429 1349 3472 manu
1370 3429 1428 3472 naa
1450 3419 1481 3471 et
1492 3430 1559 3472 eam
1580 3413 1612 3472 in
1634 3411 1720 3475 disco

349 3509 489 3586 menet,
512 3511 598 3587 cupas
618 3507 685 3569 loca
708 3509 802 3569 uliam
824 3509 955 3586 accipiet
975 3528 1016 3569 ea·
1043 3526 1190 3587 corpore,
1221 3508 1302 3589 quod
1332 3517 1379 3569 est
1405 3509 1437 3568 in
1465 3507 1567 3584 disca,
1598 3516 1628 3570 et
1654 3526 1721 3568 eam

349 3607 451 3667 manui
470 3624 546 3667 niae
567 3607 714 3684 imponet:
738 3622 859 3687 nempe,
882 3614 915 3667 ut
937 3605 1046 3668 babeat
1068 3607 1098 3668 in
1112 3623 1202 3668 manu
1229 3605 1392 3687 particulas
1416 3613 1626 3684 consecratas,
1650 3603 1719 3668 dum

350 3699 576 3766 Confessionem
589 3705 786 3784 pronunciat;
798 3711 828 3767 et
838 3704 1005 3768 Sacerdote
1016 3714 1184 3786 praeeunte
1196 3705 1327 3787 populus
1340 3723 1406 3767 eam
1418 3706 1621 3786 prosequitur.
1645 3705 1720 3767 Nam

350 3802 434 3865 simul
463 3817 499 3862 ac
521 3801 742 3865 demonstratur
768 3803 975 3880 Eucharistia,
1005 3803 1172 3885 eodemque
1202 3811 1371 3883 momento,
1403 3803 1634 3866 Confessionem
1662 3803 1721 3865 dici

352 3903 548 3964 certissimum
570 3908 618 3963 est
640 3918 699 3964 non
722 3901 811 3964 mado
835 3920 875 3963 cx
897 3900 1053 3980 liubricis,
1077 3902 1235 3980 Gabriele,
1266 3902 1396 3965 Scientla
1426 3900 1660 3979 Ecclesiastlca,
1691 3909 1721 3963 et

352 3998 413 4063 aliis
436 3999 607 4078 autoribus,
630 4000 684 4062 sed
708 4001 738 4061 in
762 3999 1006 4063 ordinationibus
1028 4001 1249 4082 Episcoporum
1279 4010 1310 4064 et
1340 4001 1537 4065 Sacerdotum
1564 4001 1722 4080 praescri-

350 4096 444 4178 bitur,
466 4104 500 4160 ut
522 4098 591 4160 dum
614 4115 710 4162 novus
733 4099 890 4161 ordinatus
912 4116 978 4160 eam
1005 4101 1200 4181 pronunciat,
1228 4098 1338 4162 babeat
1366 4101 1397 4161 in
1427 4116 1516 4160 manu
1545 4097 1720 4178 particulam

352 4199 489 4278 corporis
512 4196 641 4271 Cbristi,
665 4203 696 4259 ct
719 4215 785 4259 cam
807 4197 963 4277 ostendat,
988 4217 1048 4279 quo
1072 4199 1153 4262 edita
1175 4198 1262 4261 simul
1285 4197 1493 4275 confessione,
1523 4196 1654 4278 populus
1683 4194 1721 4258 de

351 4293 414 4375 ejus
437 4295 496 4357 lide
518 4296 601 4356 circa
624 4295 842 4358 Eucharistiam
866 4303 967 4358 certus
991 4315 1060 4360 csse
1083 4298 1189 4378 possit.
1233 4294 1298 4358 lam
1322 4314 1399 4377 quac
1414 4296 1452 4359 ad
1466 4279 1533 4358 eam
1547 4293 1721 4357 Orationem

351 4391 544 4473 singulariter
566 4395 710 4473 attinent,
733 4385 839 4475 paucis
863 4395 1042 4476 explicanda
1066 4404 1145 4460 sunt.
1537 4379 1539 4390 ⁵

434 4490 519 4555 Duae
542 4501 611 4555 sunt
635 4499 732 4555 autem
756 4495 821 4575 ejus
844 4501 964 4574 partes:
987 4496 1080 4576 prima
1105 4494 1255 4574 antiquior
1277 4501 1335 4569 est,
1358 4511 1436 4575 quae
1458 4491 1621 4555 bisverbis
1644 4508 1721 4554 can·
1770 4503 1857 4554 Parte:
1881 4501 1957 4568 nujus
1975 4499 2046 4554 caa-

350 4589 469 4653 tinctur.
516 4590 636 4671 Carpus
657 4599 794 4654 sanctum
824 4599 854 4654 et
882 4596 1007 4674 sanquis
1029 4585 1287 4674 pretiosus-lesu
1317 4590 1432 4654 Christi
1452 4591 1510 4670 filii
1529 4590 1589 4652 Dei
1614 4592 1721 4654 noctu.
1736 4591 1854 4642 tassionis
1871 4588 1944 4639 duae.

350 4686 453 4752 Autem
498 4689 642 4752 Sanctum
658 4677 827 4770 prationem
856 4709 967 4770 coaptas
996 4699 1026 4753 et
1054 4693 1179 4772 sanquis
1207 4709 1299 4753 caus
1325 4690 1400 4752 decu
1430 4687 1544 4751 Christi
1568 4689 1640 4750 Filii
1666 4688 1739 4750 Dei.
1771 4676 1854 4728 Prima
1865 4672 2046 4740 antiquissima.

349 4789 454 4848 nostri.
498 4786 600 4850 Arnen
635 4789 719 4851 llaec
742 4787 859 4851 Graece
882 4787 1032 4866 dicuntur,
1055 4806 1133 4870 quae
1156 4798 1226 4853 nota
1249 4795 1297 4853 est
1311 4789 1484 4871 primaevae
1499 4787 1657 4850 vetustatis
1673 4783 1734 4848 in-'

351 4881 499 4949 dubitata:
522 4904 592 4947 nam
615 4887 695 4968 quod
720 4902 756 4948 aa
779 4887 883 4970 lingua
905 4889 935 4948 in
958 4888 1101 4970 liturgiis
1124 4895 1225 4968 extat,
1249 4887 1358 4970 procul
1381 4886 1471 4950 dubio
1488 4892 1646 4967 acceptum
1669 4881 1724 4945 luit

386 5019 500 5062 romunt
1466 5003 1517 5076 48
