4736 6064
640 480 717 556 470
929 485 970 562 ill
994 485 1200 564 LITURGIAM
1225 486 1480 566 Autumnum
1505 489 1722 569 PRAEFATIO.

639 669 763 740 editum
788 671 921 744 Romae
949 673 1123 765 eserrsplur
1149 673 1271 744 necllum
1297 673 1505 765 haberemus,
1534 685 1627 770 cujus
1644 701 1710 771 ope
1729 683 1904 753 innumera
1921 687 2004 779 qui-

638 787 700 855 bus
726 793 852 875 sautcl,
887 791 1008 860 munus
1034 789 1154 860 tollere
1176 811 1368 882 possemus,
1401 814 1510 885 neque
1543 795 1638 864 aliud
1658 799 1768 889 [mmo
1796 800 2006 889 praesidium

639 924 738 995 quam
764 907 799 974 in
827 907 1084 998 comparatione
1110 909 1208 976 istius
1234 905 1414 1001 Lilurqiae
1441 930 1514 978 cum
1542 909 1686 1002 Coptica
1711 909 1853 1002 Basilii,
1887 919 1943 986 cui
1968 921 2004 987 in

638 1019 790 1090 omnibus
812 1043 925 1113 prope
948 1021 1107 1114 partibus
1128 1023 1323 1114 respondet.
1385 1023 1464 1094 Cum
1496 1029 1584 1095 enim
1611 1027 1819 1120 Aetli-topica
1845 1030 2023 1102 Ecclesia

635 1135 819 1206 simillimos
844 1136 1095 1209 Alexandrinis
1118 1141 1206 1209 ritus
1232 1146 1411 1232 sequatur,
1441 1164 1491 1211 ca
1517 1145 1593 1213 istis
1616 1143 1720 1214 multu
1746 1145 1793 1214 ad
1818 1145 1895 1218 illos
1919 1171 2003 1240 spc-

637 1255 768 1320 ctantia
792 1253 1027 1340 intelleximus,
1055 1276 1143 1346 qnae
1170 1253 1255 1325 alibi
1276 1259 1411 1358 frustra
1437 1265 1694 1352 quaererentur,
1722 1264 1824 1331 etiam
1841 1266 1877 1332 in
1897 1267 2004 1335 uastis

634 1367 771 1460 Ludolfi
798 1371 1056 1439 commentariis.
1109 1369 1145 1439 Is
1180 1373 1268 1440 enim
1302 1373 1338 1441 in
1373 1372 1578 1466 Aethiopum
1611 1374 1714 1446 rebus
1748 1378 2005 1450 Ecclesiasticis

635 1485 687 1552 ila
712 1491 868 1555 uersatus
894 1490 955 1571 esl,
982 1491 1019 1555 ut
1045 1509 1105 1557 cus
1132 1485 1370 1557 obscuraverit
1392 1493 1518 1582 potius,
1547 1512 1645 1584 quam
1670 1493 1905 1583 illustraverit,
1934 1516 2003 1564 non

634 1600 734 1670 moda
762 1623 808 1670 es
833 1599 1097 1671 Alexandrinae
1119 1602 1204 1692 fidei
1230 1607 1264 1672 et
1290 1603 1491 1696 disciplinae
1517 1608 1726 1698 iquoranlia,
1752 1610 1815 1680 scd
1832 1615 1939 1706 mapis
1956 1633 2003 1680 cc

634 1731 719 1786 suae
744 1722 861 1788 sectae
885 1718 1118 1809 praejudiciis.
1153 1702 1275 1810 Itaque
1300 1722 1438 1810 saepius
1464 1725 1499 1791 iu
1525 1725 1615 1791 notis
1641 1746 1728 1816 quac
1753 1725 1833 1796 luic
1850 1730 2002 1797 versioni

633 1831 866 1923 subjicientur,
894 1855 968 1903 eum
981 1833 1153 1925 refellere
1178 1855 1316 1905 necesse
1344 1837 1419 1922 erit,
1447 1857 1514 1906 non
1542 1842 1768 1910 contentionis
1792 1843 1913 1928 studio,
1940 1843 2002 1914 sed

635 1971 753 2019 ornare
778 1952 952 2036 ueritatis,
980 1970 1079 2043 quam
1111 1949 1251 2021 laesisse
1283 1953 1473 2021 imnmniter
1507 1975 1611 2046 saepe
1646 1954 1931 2047 deprehendetur,
1967 1965 2001 2029 et

636 2085 864 2158 quaecumque
890 2068 1044 2136 rationes
1070 2069 1142 2155 ejus
1169 2066 1429 2156 conturbabant,
1455 2068 1545 2139 arula
1568 2071 1639 2164 fide
1665 2072 1901 2144 dissimulasse.

746 2178 867 2254 Verum
893 2186 991 2251 munt
1011 2180 1137 2272 procul
1162 2182 1264 2253 dubio
1291 2183 1408 2277 quibem
1439 2184 1657 2256 intoleranda
1689 2193 1863 2262 temeritas
1895 2192 1998 2260 aide-

633 2295 726 2367 bitur
752 2319 948 2392 quemquam
972 2297 1147 2385 bominem,
1173 2297 1276 2368 mullo
1302 2302 1409 2392 maqis
1434 2324 1496 2388 me,
1524 2305 1582 2394 qui
1607 2304 1810 2375 mediocrem
1830 2311 1865 2376 in
1883 2306 2000 2399 linqua

632 2413 842 2508 Aetliopica
868 2435 1008 2506 operam
1034 2413 1261 2505 impenderim,
1288 2436 1357 2484 non
1382 2417 1480 2486 modo
1508 2419 1543 2486 in
1569 2418 1672 2489 rebus
1684 2420 1911 2514 Aelliop'icis‚
1937 2423 1999 2492 sed

632 2533 668 2600 iu
695 2535 771 2623 ipsa
797 2530 933 2624 linquae
959 2530 1435 2624 interpretclioneLudolsum
1452 2535 1660 2627 impuqnure,
1688 2538 1746 2627 qui
1759 2534 1827 2603 luc
1841 2538 1877 2604 in
1893 2542 1999 2626 parte
2045 2547 2051 2554 '

629 2647 776 2738 palmam
802 2647 923 2717 dudum
949 2646 1103 2717 obtinuit.
1155 2646 1211 2716 De
1246 2652 1318 2739 ejus
1351 2668 1456 2740 opere
1481 2648 1648 2721 historico
1682 2657 1717 2720 el
1750 2650 1997 2722 Comamuturio

633 2764 719 2834 nibil
744 2765 902 2850 dicimus,
936 2765 1004 2833 nisi
1035 2769 1192 2857 quantum
1218 2763 1265 2833 ud
1295 2786 1353 2835 res
1378 2763 1576 2857 Lilurqicas
1605 2765 1796 2858 spectabat,
1833 2773 1868 2837 et
1897 2765 1998 2860 fidem

632 2884 730 2952 circa
754 2879 999 2950 &charisime
1024 2884 1281 2970 samunrentum,
1309 2901 1396 2974 quac
1423 2881 1554 2975 quidem
1580 2887 1617 2951 ut
1642 2881 1715 2952 alia
1731 2882 1909 2975 reliqionis
1929 2905 1997 2953 ca-

535 2993 539 3004 ’
627 3003 720 3092 pita,
754 3017 849 3066 nemo
876 3018 922 3067 em
948 2995 1030 3068 solis
1055 2995 1272 3088 Aethiopicis
1297 2996 1395 3068 libris
1419 3019 1565 3091 unquam
1590 2998 1723 3069 discere
1753 3003 1903 3091 polerit,
1939 3001 1998 3093 qui

627 3115 826 3206 paucissimi
851 3117 944 3184 suat:
969 3119 1004 3184 et
1025 3115 1248 3205 praecipuum
1273 3117 1332 3207 qui
1358 3119 1410 3184 cst
1434 3113 1535 3184 Fides
1562 3113 1707 3201 eamn,
1737 3114 1902 3208 ludolfus
1927 3135 1997 3186 non

629 3231 773 3301 uiderat.
827 3229 868 3299 ln
894 3227 1010 3324 linqua
1035 3228 1246 3320 Aethiopica
1271 3249 1339 3298 aon
1365 3229 1465 3300 ualde
1487 3233 1635 3322 peritum
1668 3253 1742 3301 esse
1767 3253 1906 3303 necesse
1933 3237 1995 3320 est,

625 3350 831 3440 praesertim
856 3345 948 3416 illum
973 3349 1032 3440 qui
1058 3345 1192 3440 aliquos
1217 3349 1253 3415 in
1279 3345 1421 3438 reliquis
1447 3345 1678 3416 Orientalibus
1704 3369 1909 3442 propressus
1931 3351 1995 3440 se-

629 3469 734 3554 cerit,
766 3464 812 3533 ud
838 3463 1081 3556 assequendam
1116 3484 1233 3533 carum
1265 3465 1457 3532 orationum
1491 3465 1707 3549 sententiam,
1741 3486 1882 3557 quarum
1910 3467 1994 3557 pri-

626 3603 777 3651 maevum
810 3579 984 3672 ecemplar
1011 3578 1167 3671 Coptica,
1203 3578 1376 3664 Arabiae,
1412 3583 1446 3647 et
1474 3578 1610 3648 Graece
1643 3579 1806 3666 labetur,
1841 3586 1876 3649 el
1909 3601 1995 3674 quas

627 3700 771 3768 amnium
796 3697 1028 3787 Liturqiarum
1055 3695 1267 3766 Graecarum
1293 3716 1476 3764 consensus
1500 3697 1712 3787 sufficienter
1739 3695 1899 3787 explicat.
1951 3689 1997 3768 In

625 3816 702 3883 istis
733 3835 820 3908 quae
852 3834 936 3884 saue
964 3813 1159 3904 praecipua
1190 3818 1282 3898 sual,
1315 3813 1376 3880 niu
1412 3813 1640 3881 euistimumus
1673 3817 1845 3904 repertum
1877 3815 1924 3882 iri
1957 3815 1993 3883 in

625 3936 746 3999 nostra
776 3931 934 4000 versione
964 3926 1159 4021 quidquam,
1193 3928 1283 4021 quod
1314 3926 1521 4018 Aelbiopica
1556 3930 1666 3997 temtum
1698 3931 1907 3997 contrarium
1937 3933 1991 3999 sit.

626 4046 756 4140 Nempe
781 4048 835 4115 usi
867 4067 978 4116 sumus
1009 4044 1149 4114 uocibus
1176 4046 1333 4137 propriis
1366 4042 1436 4113 stili
1462 4043 1720 4131 Ecclesiastici,
1756 4065 1823 4114 non
1855 4046 1991 4114 nouiter

626 4162 817 4234 adiacentis
843 4161 959 4254 quales
985 4182 1098 4231 omnes
1120 4164 1230 4253 ferme
1255 4165 1332 4229 suut
1357 4181 1442 4253 quas
1465 4158 1630 4251 Ludolfus
1645 4158 1778 4230 Lecton
1805 4181 1866 4230 suo
1892 4163 1990 4231 inse-

623 4281 702 4348 ruit.
761 4276 805 4348 tlt
830 4299 902 4347 rem
928 4276 1082 4370 ecemplo
1104 4280 1291 4370 perspicuo
1319 4279 1557 4368 confirmemus.
1618 4273 1694 4347 Vos
1721 4273 1874 4362 Corhun,
1901 4299 1991 4370 quae

624 4371 762 4485 saeptus
787 4399 971 4486 usurpatur
997 4393 1216 4484 iuLiturqia,
1243 4393 1331 4462 idern
1356 4390 1757 4486 siqnificalAetltiopice,
1783 4391 1873 4486 quod
1898 4393 1991 4486 apud

623 4509 732 4602 Syros
759 4516 793 4581 et
817 4510 956 4582 Arabes
983 4508 1205 4598 Christianos,
1231 4512 1438 4602 sucrificium
1462 4529 1580 4601 nempe
1598 4507 1879 4580 Euclurislicum.
1908 4507 1991 4593 (luis

623 4629 728 4717 iqilur
753 4625 933 4719 Ludolsum
958 4626 1160 4696 audiendum
1185 4629 1373 4713 existimet,
1406 4647 1480 4695 cum
1505 4622 1597 4693 illam
1622 4623 1827 4716 sinptdarem
1851 4627 1989 4719 siqnifi-

608 4721 794 4815 ²cottonem
819 4746 871 4814 ita
897 4742 1059 4834 amplicat.
1112 4742 1146 4813 S.
1175 4740 1324 4814 Coenam
1357 4738 1517 4814 distribuit
1542 4737 1709 4812 Minister:
1743 4747 1777 4812 el
1806 4761 1887 4810 mos
1921 4740 1988 4810 duo

622 4859 684 4930 itta
710 4859 819 4930 uerba
844 4859 1053 4952 Aethiopica
1080 4857 1265 4950 captiuam.
1319 4856 1382 4942 Qui
1418 4856 1643 4928 administrant
1669 4877 1800 4930 sucrum
1827 4855 1988 4945 Coenum,

623 4998 685 5048 seu
712 4979 767 5071 qui
794 4973 933 5049 otierunt
965 4974 1279 5048 communicantibus
1313 4995 1410 5046 sacru
1442 4976 1611 5069 mysteria.
1673 4973 1806 5044 Rursus
1840 4995 1914 5044 arum
1945 4995 1989 5043 eo
2047 4979 2048 4984 ’
