4686 6060
774 499 1309 620 ttuurtuoa'ruo.
1642 539 1715 612 aro

352 743 432 830 quot
459 753 565 806 annos
592 733 749 826 scriptas:
781 730 842 802 sed
873 729 915 800 de
949 752 990 802 eo
1024 731 1116 802 titulo
1148 727 1226 799 nihil
1262 727 1303 800 ad
1338 723 1510 798 Jacobitas
1549 729 1716 822 pervenit,

350 871 477 945 nempe.
498 849 590 943 mua,
617 857 654 918 ut
684 843 956 918 verisimillimum
988 857 1057 934 est‚
1090 867 1199 918 novus
1233 851 1284 914 est
1314 845 1448 915 omnino
1488 851 1522 914 et
1557 843 1716 915 insolens.

351 965 398 1037 At
423 965 547 1058 Papae
574 962 780 1058 appellantur
805 965 949 1056 utrique,
978 971 1045 1034 tarn
1072 957 1222 1032 Graecus
1250 981 1346 1054 quam
1374 957 1547 1046 raccolta,
1583 975 1608 1030 a*
1636 956 1716 1053 Cy-

351 1079 415 1153 rilli
443 1079 572 1176 quidem
599 1089 762 1174 tempore,
788 1081 818 1149 si
843 1075 1034 1149 Balsamoni
1061 1076 1237 1164 credimus,
1264 1077 1297 1146 in
1324 1075 1481 1147 Tractatu
1509 1072 1552 1144 de
1568 1073 1716 1144 Privile-

330 1199 416 1290 »giis
442 1191 723 1266 Patriarcharum:
751 1191 839 1288 quod
864 1195 898 1263 in
924 1190 1093 1286 Ephesiua
1120 1190 1250 1288 syuodo
1276 1193 1371 1261 vices
1397 1189 1539 1262 Romani
1573 1186 1718 1260 Pontifi-

352 1315 401 1383 cis
434 1311 621 1398 sustineus,
655 1307 696 1380 ab
724 1331 767 1382 eo
793 1307 970 1404 priuilegia
997 1311 1196 1403 acceperit‚'
1218 1317 1316 1401 atque
1348 1308 1455 1400 ipsum
1486 1303 1610 1398 Papae
1648 1325 1717 1375 no-

273 1470 279 1480 1
352 1448 446 1515 men3
482 1427 568 1496 sicut
607 1435 641 1496 et
666 1429 794 1522 Δῶρον
834 1421 922 1518 quod
953 1435 1096 1512 vocant,
1129 1427 1204 1497 sive
1236 1421 1384 1492 Polliam
1415 1421 1457 1493 ab
1492 1441 1533 1492 eo
1566 1427 1717 1514 ternpore
1783 1428 1893 1481 uatum.
1918 1431 1946 1480 t·
1970 1429 2040 1482 Pta-

353 1541 470 1614 eadem
504 1543 634 1614 ratione
660 1550 796 1632 gestare
823 1543 986 1634 coeperit,
1016 1540 1195 1612 secuudum
1223 1537 1372 1630 ejusdem
1399 1537 1608 1610 Balsamonis
1626 1535 1717 1633 'opi-
1731 1515 1865 1568 N⁰m⁰⁰l³²¹
1880 1513 2001 1568 mc·
2016 1515 2057 1565 ¹·'

352 1663 497 1731 aionem.
1236 1663 1239 1669 “

455 1773 512 1846 ΙΧ.
538 1773 650 1846 Aliam
675 1775 817 1846 nominis
843 1771 958 1866 Papae
984 1774 1145 1844 rationem
1172 1771 1321 1843 referunt
1344 1770 1491 1842 Autores
1519 1767 1718 1858 Orientalea
1767 1790 1847 1860 ougo
1869 1790 1935 1842 tirou
1953 1788 2039 1856 rapas

352 1911 492 1985 quorum
518 1911 592 1961 cum
625 1891 870 1983 antiquissimus
902 1885 1083 1983 Eutychius
1111 1889 1170 1976 sit,
1205 1885 1246 1960 ab
1284 1909 1326 1959 eo
1362 1893 1563 1981 acceperunt
1588 1884 1717 1980 reliqui,
1733 1876 1904 1930 l¹⁰¹⁸¹¹l¹i¹¹⁰
1926 1873 2021 1926 llll·

352 2027 421 2078 uon
447 2003 623 2078 Christiani
649 2001 762 2093 modo,
788 2004 897 2076 Autor
925 2000 1080 2075 Chronici
1107 2002 1305 2092 Orientalis‚
1344 2001 1549 2104 libaminum
1586 2009 1620 2072 et
1653 2001 1720 2090 alii,

353 2119 413 2194 sed
441 2129 474 2190 et
499 2117 680 2190 lllakrizius
706 2116 985 2207 Mubamedanus3
1013 2129 1046 2190 et
1073 2121 1234 2210 originem
1262 2117 1304 2188 ad
1317 2117 1482 2189 Heraclae
1507 2115 1721 2189 Patriarchae

354 2245 503 2332 tempora
528 2235 685 2307 referunt.
713 2233 793 2305 Cum
819 2237 921 2329 inquit
945 2233 1141 2330 Eutycirius,
1165 2233 1293 2327 plebeii
1316 2235 1468 2305 lomiucs
1481 2241 1516 2304 et
1540 2233 1624 2304 laici
1649 2257 1718 2304 au-
1733 2240 1838 2308 Eurei-
1857 2241 1883 2294 T·
1901 2239 1926 2292 ¹·
1941 2240 2044 2309 a383·

354 2351 469 2421 diremi
493 2350 685 2444 Episcopus
710 2350 921 2444 appellantes
959 2350 1221 2438 Patriurcllam,
1249 2348 1365 2438 Abba,
1398 2349 1464 2420 boc
1500 2356 1552 2421 eal
1576 2351 1720 2439 Patrem,

354 2469 445 2537 iuter
471 2489 509 2538 ae
535 2467 715 2537 dicerunt:
743 2464 885 2550 Ouauclo
912 2467 1045 2559 quidem
1069 2489 1133 2538 aaa
1150 2466 1357 2559 Episcopum
1378 2465 1585 2560 appellamus
1610 2465 1722 2557 Abba,

357 2583 539 2676 audeatque
564 2583 662 2653 mollo
689 2582 882 2674 Episcopus
907 2580 1153 2652 Palrlarcbam
1179 2583 1332 2676 appellat
1356 2581 1467 2670 Abba,
1495 2603 1555 2652 seu
1581 2592 1721 2677 patrem,

358 2703 495 2790 oportet
519 2703 557 2768 ut
582 2720 656 2768 eum
681 2720 743 2769 uos
768 2696 894 2792 Papam
912 2697 1126 2791 appellamus,
1153 2697 1217 2770 hoc
1244 2709 1295 2771 est
1312 2720 1424 2788 avum,
1452 2719 1525 2768 cum
1542 2703 1588 2770 sit
1611 2700 1723 2770 Pater

356 2811 511 2902 Palmum,
537 2816 589 2883 ila
614 2811 659 2882 ab
685 2811 860 2883 Heraclea
886 2818 1046 2906 tempore,
1073 2812 1287 2884 Putriarclaa
1300 2813 1558 2886 Alccuuclriaua
1582 2818 1724 2884 uocatus

357 2934 409 3000 eal
433 2929 534 3023 Papa.
561 2927 752 3000 Elmacinus
779 2928 898 3002 eadem
924 2931 1031 3002 ferme
1056 2929 1163 3003 verba
1188 2930 1302 3003 relert.
1354 2929 1504 3002 Severus
1531 2940 1628 3002 autor
1655 2951 1722 3002 an·
1753 2933 1814 2986 um.
1830 2951 1856 3002 r·
1876 2932 1900 2986 ¹·
1918 2931 1965 2984 Μ’·
1980 2931 2026 2984 m.

356 3047 478 3139 liquior
504 3055 539 3116 et
563 3044 692 3136 melior,
718 3044 797 3117 nihil
823 3049 956 3118 omuino
992 3046 1034 3118 de
1063 3047 1127 3122 bac
1160 3047 1381 3142 appellatione
1414 3045 1536 3120 scribit.
1588 3043 1724 3118 Makri-

357 3163 440 3249 uius‚
466 3159 545 3232 licet
571 3159 659 3255 quod
686 3160 774 3257 apud
798 3159 996 3258 Eutychium
1023 3163 1165 3256 legerat,
1191 3185 1258 3236 nou
1273 3165 1498 3249 contemserit,
1525 3170 1558 3232 et
1584 3165 1723 3254 exejus

236 3267 238 3272 ’
357 3281 521 3348 sententia
548 3277 719 3372 scripserit
743 3285 897 3348 vaceium
924 3299 1002 3350 esse
1017 3277 1161 3373 Papam,
1188 3283 1286 3373 quusi
1304 3279 1445 3349 Patrem
1470 3277 1622 3364 Palmum
1642 3277 1724 3347 Pa-

358 3392 545 3463 triorcltom
570 3391 862 3482 Alexandrinum,
898 3391 964 3465 duo
991 3403 1099 3466 tamen
1131 3387 1296 3488 atlJuugit:¹
1320 3417 1440 3490 nempe
1466 3393 1555 3489 quod
1581 3395 1626 3464 ita
1652 3411 1724 3462 vo-

359 3507 518 3580 cabantur
540 3509 610 3600 jam
638 3531 658 3580 a
684 3520 834 3604 tempore
865 3508 1004 3600 Auiani,
1038 3513 1092 3604 qui
1125 3511 1242 3583 lilarco
1269 3509 1509 3602 Evangelistae
1540 3512 1723 3596 successit3

358 3631 392 3696 et
418 3624 451 3695 id
477 3645 559 3696 sane
584 3645 714 3712 verum,
741 3646 816 3695 cum
843 3645 1017 3697 commuue
1043 3647 1164 3697 nomeu
1190 3625 1255 3698 boc
1282 3637 1383 3714 esset,
1411 3648 1477 3698 nou
1501 3625 1608 3699 solum
1634 3623 1724 3719 Epi-

359 3743 472 3835 scopis
498 3742 677 3834 primarum
703 3737 842 3829 sedium,
869 3739 929 3811 sed
956 3740 1124 3813 omuibus:
1151 3751 1219 3813 tum
1245 3741 1335 3835 quod
1359 3741 1417 3812 illc
1443 3711 1584 3812 bonoria
1610 3740 1726 3810 titulus

359 3855 545 3927 lrarulutus
572 3860 696 3950 [uiaret
721 3855 773 3926 ab
798 3855 1039 3928 Alexandrino
1072 3858 1287 3928 Polrlurcltu
1319 3859 1366 3928 orl
1401 3859 1604 3943 Romanam,
1643 3861 1725 3950 quia

358 3972 471 4042 Rmaa
505 3979 584 4043 erat
614 3974 712 4044 aedes
753 3972 855 4043 Petri
887 3972 1063 4066 Principis
1098 3974 1349 4067 Apostolorum.
1401 3971 1579 4046 Scribebat
1616 3983 1725 4046 autem

358 4085 442 4159 haec
468 4087 649 4160 Makriuius
676 4087 853 4161 secundum
880 4110 975 4160 usum
990 4093 1148 4185 temporis
1175 4093 1240 4162 sui:
1268 4113 1366 4185 quem
1380 4088 1508 4162 sciebat
1523 4090 1621 4163 talem
1648 4111 1726 4161 esse

263 4196 266 4204 ’
347 4211 394 4297 ut
419 4204 511 4277 solus
537 4205 708 4277 Romanus
734 4203 887 4299 pontifex
913 4207 958 4275 ita
994 4205 1223 4301 appellaretur.
1266 4206 1392 4277 Tamen
1421 4202 1626 4302 Coptitarum
1651 4205 1725 4276 Pa-

358 4319 522 4392 triarehac
554 4319 792 4412 Alexandrini,
825 4342 909 4415 quos
943 4319 1124 4394 Makrizius
1156 4326 1365 4417 potissimum
1398 4331 1559 4412 noverat,
1601 4318 1724 4390 titulum

358 4433 448 4506 illum
480 4457 645 4533 usurpare
678 4457 745 4509 non
773 4436 956 4526 desierant,
991 4442 1046 4534 qui
1079 4461 1098 4510 a
1133 4439 1273 4512 Graecis
1308 4459 1439 4533 quoque
1480 4447 1628 4508 retentus
1664 4446 1725 4506 est.
1865 4423 1883 4491 ι’

358 4551 411 4623 De
437 4556 478 4624 iis
503 4552 599 4649 plura
633 4577 653 4626 a
683 4553 780 4626 uobis
815 4549 901 4626 dicta
934 4565 1008 4626 sunt
1040 4557 1072 4625 in
1107 4559 1177 4628 vita
1203 4554 1385 4644 Hermiae,
1420 4553 1477 4625 ubi
1509 4553 1618 4625 iocum
1643 4550 1724 4622 lila-
1790 4560 1852 4612 um.
1876 4560 1946 4616 Patr.
1973 4562 2048 4615 Ata·

359 4665 452 4740 kriuii
478 4671 641 4764 integrum
668 4669 846 4742 retulimus.
1737 4665 1762 4716 ¹²·
1781 4647 1825 4698 ²⁸·

463 4786 505 4858 Χ
534 4787 769 4880 Quaecumque
796 4807 881 4858 vero
908 4790 1129 4883 posteriorum
1157 4787 1364 4861 Graecorum
1390 4787 1522 4860 ambitio
1549 4785 1667 4876 iurarit,
1693 4789 1727 4858 iu
1774 4817 1945 4872 acosimum
1965 4819 2050 4873 pam.

360 4921 425 4994 qua
457 4902 591 4974 modurn
621 4905 769 4976 tenuisse
801 4905 863 4974 vix
896 4925 1040 4998 uuquam
1075 4903 1249 4994 mnenon,
1283 4913 1438 4991 veteres,
1470 4914 1506 4975 ut
1540 4925 1587 4975 ex
1620 4901 1726 4974 multis
1740 4905 1872 4958 arenarum
1893 4905 2049 4958 ateranuri-
2186 4891 2192 4900 ’

359 5014 519 5112 Epistolis
546 5027 674 5092 constal
702 5041 787 5113 quae
820 5018 906 5114 apud
932 5019 1150 5093 Athanasium
1177 5029 1309 5112 extant,
1343 5029 1399 5090 aut
1431 5023 1465 5091 in
1501 5019 1727 5093 Conciliorum
1740 5009 1830 5046 norum
1847 4992 1920 5044 Μ·

1442 5137 1523 5211 60*
