4670 6046
665 561 717 637 llll
742 561 947 640 LlTUllGlilll
966 558 1159 638 corvtcltt
1178 561 1209 639 S.
1226 561 1371 640 ursiuli.
1624 561 1699 633 275

335 749 406 813 olim
427 749 563 812 venetiis
586 745 684 810 editus
707 754 765 824 est,
786 746 826 808 ita
850 747 976 826 placuit,
1010 752 1042 807 ut
1073 764 1140 808 eum
1163 746 1193 808 in
1215 743 1376 808 Arabicam
1397 743 1527 825 linguam
1551 745 1702 809 nansler-

335 857 420 923 rent,
450 845 614 912 secuudum
642 863 729 927 quam
756 845 934 908 versionem
961 845 1074 925 passim
1096 844 1174 926 apud
1203 861 1305 906 omnes
1328 843 1498 922 Ecclesias,
1533 847 1622 908 etiam
1652 845 1703 907 di·

335 965 445 1009 versac
466 953 570 1009 sectae
592 963 659 1008 cum
683 943 878 1008 admiratione
900 943 1022 1026 legitur.
1066 943 1110 1006 Ea
1137 946 1254 1006 ratione
1285 943 1425 1006 excusari
1447 952 1574 1024 possunt
1596 944 1702 1008 Maro-

335 1046 426 1124 nitae,
449 1047 501 1126 qui
523 1044 666 1124 quasdam
688 1063 728 1105 ex
750 1041 864 1106 Latinis
886 1041 969 1105 libris
1000 1061 1017 1104 a
1048 1060 1082 1104 se
1105 1043 1284 1119 translatas,
1307 1043 1500 1121 llaronitico,
1530 1061 1586 1104 seu
1609 1041 1702 1105 Chal-

333 1142 422 1206 daiec
444 1143 558 1206 llissali
579 1141 799 1224 adjunxerunt:
827 1143 884 1203 etsi
907 1140 1069 1222 optandum
1093 1149 1174 1218 erat,
1204 1149 1237 1204 ut
1266 1141 1323 1204 illis
1353 1139 1501 1224 eligendis
1530 1140 1702 1225 diligentius

334 1244 449 1304 versati
471 1240 613 1316 luissent;
635 1258 735 1321 neque
757 1242 836 1303 eninr
860 1241 995 1321 antiquas
1017 1248 1068 1302 aut
1092 1240 1209 1302 Patrum
1231 1243 1390 1303 autoritate
1405 1238 1625 1303 commendatas
1648 1260 1701 1304 so-

334 1341 492 1423 legerunt,
522 1339 577 1402 sed
605 1357 658 1402 cas
686 1357 765 1418 quae
795 1357 870 1401 casn
900 1337 1001 1420 potius
1030 1355 1119 1419 quam
1148 1345 1233 1401 certo
1264 1339 1408 1415 consilio,
1446 1338 1616 1402 blissalibus
1645 1342 1703 1403 ad·

330 1440 454 1522 junctae
476 1446 556 1518 sunt,
580 1445 611 1500 et
633 1455 760 1518 quorum
784 1436 872 1500 dubia
896 1455 1023 1519 prorsus
1046 1439 1204 1520 antiquitas
1227 1445 1283 1503 est.

722 1712 898 1784 Sacerdos
924 1714 1016 1785 dicct
1041 1713 1319 1785 benedictionem.

423 1923 557 2004 Ειιτιιιτ
580 1955 701 2020 quoque
727 1935 975 1998 esnaeistarum
1002 1940 1220 2016 postremarum
1250 1937 1417 1997 orationum
1453 1935 1615 2013 formulae,
1649 1933 1704 1998 sed

337 2055 461 2120 quarum
484 2036 631 2099 sententia
655 2044 702 2099 est
722 2036 817 2098 lerme
844 2034 964 2112 similia,
998 2052 1106 2115 nempe
1134 2042 1167 2096 ut
1199 2051 1215 2096 a
1243 2033 1310 2096 Deo
1337 2035 1508 2116 postuletur
1533 2034 1703 2097 benedictio

334 2155 429 2217 super
451 2153 556 2198 omnes
578 2137 629 2216 qui
653 2155 724 2199 mox
746 2135 883 2215 eorporis
907 2131 1017 2195 Christi
1040 2141 1070 2195 et
1099 2135 1254 2216 sanguinis
1285 2136 1523 2196 communionem
1550 2152 1703 2215 percepe-

334 2245 411 2298 runt.
455 2235 489 2297 ln
520 2235 656 2298 omnibus
680 2235 823 2316 Liturgiis
854 2233 1068 2314 cujuscumque
1096 2234 1171 2295 ritus
1200 2234 1342 2317 leguntur
1371 2233 1447 2296 tales
1475 2233 1701 2296 benedictiones

334 2335 520 2417 singulares,
543 2342 574 2395 et
597 2335 704 2416 cuique
727 2335 887 2415 propriae,
911 2351 1010 2414 neque
1033 2333 1062 2394 in
1085 2351 1122 2394 eo
1153 2340 1241 2413 parte
1269 2351 1473 2412 communem,
1504 2351 1582 2413 quae
1604 2331 1702 2413 pluri-

332 2435 388 2497 bus
411 2434 541 2511 serviat,
564 2432 722 2496 formulam
745 2431 865 2495 babent.
910 2433 943 2494 ln
966 2431 1101 2512 Copticis
1124 2432 1153 2494 id
1175 2433 1329 2513 proprium
1359 2441 1420 2512 ast,
1451 2433 1531 2513 quod
1561 2432 1704 2494 inseritur

209 2519 212 2532 ’
332 2539 503 2596 sanctorum
526 2535 768 2596 commemoratio
792 2531 865 2594 satis
893 2531 1030 2613 prolixa,
1060 2549 1223 2613 eorumque
1251 2533 1371 2594 nomina
1400 2533 1580 2610 recitantur,
1610 2539 1642 2592 ut
1672 2532 1703 2592 in

332 2632 388 2694 hac
410 2640 515 2694 nostra
538 2631 643 2695 videre
667 2633 754 2695 licet:
777 2650 886 2714 nempe
909 2639 941 2695 ut
964 2633 993 2693 in
1017 2631 1081 2692 aliis
1105 2633 1298 2695 observatum
1328 2639 1389 2711 ost,
1422 2650 1482 2713 quo
1510 2651 1567 2713 per
1596 2648 1702 2694 eorum

332 2750 441 2813 preces
465 2738 495 2793 et
522 2733 772 2795 interventionem
800 2733 898 2814 gratia
928 2729 1115 2813 postuletur,
1146 2740 1176 2794 et
1204 2732 1386 2797 obtineatur.
1437 2732 1520 2796 Haec
1549 2740 1596 2795 est
1623 2733 1702 2794 enim

331 2839 503 2894 sanctorum
526 2833 711 2909 communio,
744 2840 776 2893 nt
799 2833 850 2913 qui
872 2833 903 2893 in
925 2839 1006 2894 terra
1030 2829 1125 2894 adhuc
1149 2833 1315 2913 jactantur,
1343 2834 1487 2915 juventur
1515 2832 1702 2894 orationibus

331 2949 453 3009 eorum,
477 2933 527 3013 qui
544 2931 606 3012 jam
629 2930 764 2994 laborum
787 2949 908 2994 suorum
931 2932 1063 3011 praemia
1085 2939 1269 3013 acceperunt
1301 2951 1318 2994 a
1336 2933 1420 3013 justo
1440 2930 1560 3013 Judioe,
1590 2931 1700 3012 quique

331 3030 443 3094 idcirco
464 3028 553 3092 liberi
575 3047 592 3092 a
615 3033 762 3093 servitute
784 3039 815 3093 et
836 3031 943 3112 poenis
965 3029 1100 3113 peccati,
1122 3039 1250 3111 possunt
1271 3049 1328 3113 pro
1343 3031 1486 3094 iratribus
1509 3032 1582 3106 suis,
1605 3029 1702 3091 Deum

331 3128 539 3211 interpellare;
564 3137 595 3192 et
616 3137 648 3192 ut
670 3139 732 3193 tum
754 3130 889 3210 illorum,
921 3139 983 3194 turn
1011 3131 1176 3194 viventium
1199 3132 1343 3212 precibus
1372 3133 1495 3212 requies
1525 3131 1701 3210 impetretur

332 3228 405 3305 illis,
429 3228 467 3292 de
491 3247 618 3311 quorum
640 3229 737 3292 salute
759 3249 833 3312 spes
856 3238 903 3294 est
926 3233 1062 3309 maxima,
1085 3231 1155 3312 quia
1168 3231 1197 3292 in
1216 3229 1274 3292 fide
1290 3229 1400 3294 Christi
1412 3230 1647 3307 obdormierunt,
1671 3235 1703 3290 et

331 3330 361 3390 in
376 3345 452 3409 pace
460 3329 617 3394 Ecclesiae
630 3329 667 3392 ad
679 3329 835 3393 Dominam
847 3328 978 3411 proiecti
992 3338 1069 3393 sunt.
1090 3331 1133 3392 Ea
1142 3330 1206 3393 sola
1219 3329 1375 3411 disciplina
1387 3331 1458 3392 satis
1473 3328 1602 3393 ostendit
1614 3346 1703 3409 quam

332 3435 446 3491 emere
468 3431 654 3492 recentiores
676 3447 737 3492 non
758 3431 847 3510 pauci
870 3431 1036 3511 scriptores
1054 3429 1091 3492 de
1110 3428 1312 3492 Orientalibus
1329 3431 1486 3512 conquesti
1508 3437 1594 3507 sunt,
1617 3429 1703 3511 quasi

332 3533 454 3589 sanctos
466 3526 597 3590 nondum
609 3528 665 3591 Dei
679 3529 796 3592 visione
810 3527 925 3610 perfrui
939 3531 1121 3609 existiment,
1144 3531 1278 3611 quamvis
1292 3529 1331 3593 de
1343 3530 1393 3593 illa
1407 3531 1583 3611 quaestione
1599 3529 1703 3590 Theo·

330 3624 409 3708 logis
432 3627 544 3689 nostris
567 3627 638 3690 olim
661 3629 772 3691 acriter
794 3629 924 3710 agitata,
956 3628 1046 3690 altum
1074 3631 1111 3691 sit
1135 3630 1214 3711 apud
1238 3648 1343 3693 eorum
1364 3630 1497 3692 Antores
1520 3629 1701 3710 praecipuos

331 3721 489 3789 silentium.
520 3726 566 3789 De
590 3725 717 3808 Coptitis
740 3726 812 3790 nihil
834 3729 864 3789 in
881 3728 1035 3790 autoribus
1051 3731 1193 3808 occurrit,
1210 3748 1270 3810 quo
1284 3747 1339 3792 eos
1353 3729 1441 3792 talem
1454 3727 1613 3809 aliquando
1625 3746 1702 3790 sen-

331 3823 452 3884 tentiam
475 3823 647 3890 defendisse
670 3828 819 3909 possimus
844 3827 1000 3909 suspicari.
1045 3828 1091 3890 lie
1113 3835 1285 3892 sanctorum
1307 3829 1386 3891 enim
1408 3845 1484 3908 quos
1507 3835 1701 3904 venerantur,

332 3929 363 3983 et
385 3923 415 3984 in
437 3921 630 3988 Orationibus
650 3925 817 4008 appellant,
846 3925 965 4009 integra
989 3927 1139 4008 plenaque
1170 3927 1312 3990 felicitate
1342 3945 1402 3991 non
1433 3927 1569 3989 dubitare
1593 3927 1703 3989 viden-

299 4049 303 4060 ·
332 4027 397 4097 tur,
425 4024 476 4102 qui
504 4042 608 4088 eorum
637 4026 779 4088 miracula
808 4033 946 4099 narrant,
976 4029 1028 4108 qui
1058 4028 1211 4106 visiones,
1246 4035 1389 4090 aeternae
1420 4035 1702 4107 consummataeque

332 4119 522 4186 beatitudinis
544 4123 660 4187 indices
683 4123 925 4206 frequentissime
948 4126 1101 4204 referunt,
1124 4129 1175 4210 qui
1198 4127 1326 4210 denique
1354 4127 1432 4190 inter
1454 4127 1563 4188 choros
1592 4127 1703 4208 Ange-

332 4217 427 4284 lornm
451 4242 506 4288 eos
537 4223 693 4286 collocant.
737 4225 844 4305 Neque
878 4243 1003 4288 movere
1033 4246 1210 4310 quemquam
1240 4226 1330 4290 debet
1361 4226 1440 4308 quod
1471 4245 1510 4288 ex
1539 4226 1700 4308 Aethiopis

333 4316 472 4402 Gregorii
504 4323 675 4387 testimonio
706 4324 737 4384 in
764 4325 943 4386 contrariam
974 4329 1153 4390 sententiam
1182 4327 1284 4390 retulit
1312 4327 1359 4390 vir
1387 4326 1576 4390 Clarissimus
1606 4325 1701 4389 bobus

332 4416 477 4484 Ludollus
500 4424 530 4484 in
554 4421 775 4486 Commentario
798 4422 835 4485 ad
859 4423 1018 4487 Historiam
1041 4445 1123 4488 suam
1148 4425 1365 4508 Aethiopicam.
1404 4427 1493 4505 Sunt,
1518 4427 1618 4489 aiebat
1639 4425 1701 4504 illc,

332 4521 384 4598 qui
404 4531 546 4584 cocenim
567 4525 688 4584 animas
706 4523 838 4603 fidelium
856 4532 928 4604 post
948 4533 1073 4586 mortem
1095 4527 1175 4588 illico
1197 4527 1317 4607 ingredi
1337 4529 1369 4588 in
1390 4546 1512 4606 ragnum
1541 4527 1703 4600 coctarum,

331 4620 410 4682 aicta
429 4623 533 4682 oniaco
554 4623 635 4684 illius
655 4621 802 4684 Latronis
826 4625 1008 4703 poenitentis
1034 4625 1065 4684 in
1098 4643 1201 4701 marce,
1235 4611 1286 4686 cu'i
1312 4625 1392 4687 dieii
1412 4626 1558 4708 Dominus
1584 4633 1703 4688 noster:

332 4717 428 4782 Hodie
451 4739 567 4785 mecum
594 4721 657 4783 eris
683 4722 713 4784 in
741 4721 891 4802 paradiso.
935 4723 998 4785 Alii
1026 4732 1095 4785 eunt
1122 4727 1175 4804 qui
1202 4725 1322 4802 dicunt,
1350 4745 1410 4788 non
1438 4726 1554 4786 intrant
1583 4728 1704 4787 animae

331 4815 486 4881 beatorum
507 4823 540 4882 in
561 4839 685 4901 repetam
707 4821 857 4882 coeloram
880 4828 950 4882 unic
971 4822 1132 4884 adventum
1162 4821 1278 4886 Citrim
1303 4827 1335 4886 ia
1363 4826 1585 4887 resurrectione
1614 4843 1702 4887 mor-

331 4923 459 4981 tuorum.
507 4919 670 4983 Confirmat
691 4919 768 4981 idem
791 4918 893 4982 verbis
916 4919 1059 5000 Gonqali,
1082 4921 1276 5006 liodriguesii
1299 4931 1330 4986 et
1352 4923 1476 4986 aliorum
1496 4925 1603 5004 quibus
1627 4941 1702 5005 pro-

332 5014 379 5076 cul
404 5015 494 5082 dubio
517 5019 640 5092 accidit,
663 5018 745 5099 quod
767 5019 866 5082 multis
888 5018 981 5095 solet,
1012 5027 1046 5082 ut
1074 5019 1143 5084 dum
1170 5023 1397 5103 quaestionibus
1420 5023 1566 5088 abstrusis
1590 5024 1703 5108 Orien7

361 5155 476 5200 romu-sc
1446 5142 1490 5214 ιι
