4680 6044
580 517 583 524 '
608 541 660 616 au
684 539 892 618 urrmanu
910 537 1103 618 coruum
1122 541 1153 619 s.
1173 542 1318 619 assur.
1578 544 1649 620 181

275 727 380 792 suanis
402 724 536 787 Arabica
560 723 692 805 scriptis.
715 723 811 806 Hujus
824 725 1022 804 synonymiae
1037 724 1190 801 rationes,
1213 723 1344 787 fortasse
1363 725 1542 808 ingeniosae
1556 729 1654 810 magis

275 844 361 909 quam
383 841 477 887 verae
501 824 671 905 excogitari
694 830 839 904 possunt,
869 841 946 903 qnae
969 829 1002 884 ιιι
1024 823 1055 885 in
1077 823 1225 905 ejusmodi
1248 825 1454 907 conjectaneis
1477 826 1655 907 frequenter

275 922 414 988 accidere
436 921 530 999 solet,
561 939 622 984 non
644 939 716 984 raro
739 922 875 984 veritatis
898 919 1051 1000 hostibus,
1088 940 1196 984 causas
1226 922 1313 985 leves
1346 923 1467 1004 quidem
1490 933 1522 987 et
1544 925 1652 1005 nullas,

274 1024 329 1088 sed
351 1020 461 1104 quibus
484 1020 595 1082 incauti
617 1021 752 1083 lectores
775 1019 874 1100 decipi
896 1029 1041 1100 possunt,
1063 1013 1214 1102 praebent
1236 1023 1274 1085 ad
1303 1021 1471 1104 aliquarum
1499 1025 1653 1106 insignio-

273 1140 339 1184 rum
362 1121 532 1183 orationum
556 1121 735 1183 sententiam
758 1119 1061 1185 circumveniendam.
1113 1119 1172 1182 Sed
1196 1121 1273 1182 ratio
1297 1139 1370 1184 vera
1393 1121 1480 1204 hujus
1504 1129 1564 1185 tam
1587 1121 1652 1185 ire-

273 1221 392 1303 quentis
415 1221 576 1301 synonymi
599 1221 817 1302 simplicissima
848 1227 904 1281 est.
958 1218 1112 1300 Coptitae,
1142 1227 1176 1282 ut
1205 1219 1275 1283 alibi
1304 1221 1488 1302 explicatum
1517 1228 1582 1300 cst,
1611 1223 1653 1284 ita

271 1327 408 1384 veterem
429 1320 561 1401 linguam
583 1320 802 1401 Aegyptiaeam
826 1317 974 1397 retinent,
997 1327 1030 1381 ut
1052 1337 1118 1381 eam
1140 1319 1239 1382 multis
1266 1319 1424 1383 vocabulis
1444 1321 1570 1384 Graecis
1592 1321 1653 1382 mi-

272 1419 425 1495 scuerint,
449 1419 630 1499 praesertim
652 1418 901 1497 Ecclesiasticis,
932 1435 1010 1497 quae
1033 1435 1126 1498 saepe
1149 1435 1205 1498 pcr
1228 1417 1302 1480 alias
1325 1417 1469 1503 vulgares
1501 1418 1653 1501 explicata

272 1524 352 1582 sunt.
375 1518 419 1581 lta
442 1519 633 1580 retinuerunt
655 1534 750 1580 voces
773 1506 884 1600 ἅγιος,
907 1506 1078 1600 ἁγιάζειν,
1110 1525 1140 1578 et
1162 1517 1269 1580 multas
1293 1517 1384 1594 alias3
1414 1517 1469 1580 sed
1500 1536 1567 1580 cum
1595 1519 1653 1582 ad-

274 1617 354 1680 ditae
378 1624 483 1679 essent
503 1617 714 1699 Aegyptiacae
736 1609 868 1696 ἐθουαβ
890 1625 921 1678 et
941 1616 1077 1695 aooodo,
1108 1634 1234 1697 quarum
1257 1625 1323 1678 erat
1345 1616 1391 1680 vis
1423 1616 1545 1696 eadem,
1568 1618 1654 1681 Ara-

272 1716 329 1780 bes
349 1723 494 1798 utrasque
508 1724 679 1795 verterunt,
704 1716 873 1778 atrocibus
896 1732 958 1778 non
980 1713 1069 1794 plane
1086 1703 1299 1793 a’uoduro'umg
1312 1726 1545 1797 expresserunt,
1568 1715 1652 1799 quod
1739 1783 1746 1797 .

272 1817 425 1895 interpres
448 1815 597 1878 blaronita
620 1817 672 1896 qui
695 1813 732 1876 ad
753 1813 975 1896 Aegyptiarum
998 1813 1155 1895 exemplar
1176 1832 1238 1877 non
1261 1815 1402 1893 attendit,
1426 1816 1535 1878 imitari
1558 1833 1654 1878 cona-

273 1922 322 1976 tus
346 1920 415 1992 est,
439 1913 495 1976 sed
518 1932 617 1995 neque
641 1913 785 1992 feliciter,
810 1932 911 1994 neque
934 1917 1120 1978 necessario.
1152 1913 1183 1978 Si
1206 1921 1333 1994 utraque
1357 1931 1418 1976 vox
1437 1932 1476 1977 eo
1491 1915 1560 1978 loco
1575 1917 1654 1978 verti

272 2013 383 2092 debet,
407 2013 515 2076 melius
539 2014 748 2095 exprimentur
769 2015 800 2075 in
823 2012 901 2075 hunc
927 2011 1066 2092 modum,
1094 2012 1236 2088 benedic,
1265 2014 1424 2094 sanctifica
1451 2020 1481 2075 et
1506 2032 1654 2077 cmmecra

272 2114 341 2189 illa,
363 2100 407 2176 τὰ
427 2105 624 2198 προκείμενα
645 2110 771 2175 scilicet.

771 2315 893 2389 Oratio
921 2315 1157 2388 absolutionis.
1705 2324 1736 2377 r.
1754 2325 1780 2376 a.
1799 2324 1815 2376 t
1833 2324 1879 2378 21.

366 2491 498 2570 lnsroms
523 2511 569 2568 est
592 2510 623 2564 et
644 2502 800 2565 notissima
822 2502 853 2565 iu
875 2501 1067 2584 Aegyptiace
1094 2502 1153 2564 ritu
1179 2502 1255 2564 baec
1287 2501 1408 2581 Oratio,
1435 2503 1522 2585 cujus
1553 2503 1656 2566 titulus
1704 2511 1773 2574 Ouid
1791 2515 1917 2586 signifieat
1934 2512 1985 2566 ab·

273 2608 306 2670 in
329 2607 410 2670 edita
432 2597 601 2667 blaronitae
625 2602 767 2664 versione
790 2611 952 2683 corruptus
976 2610 1038 2666 est:
1067 2603 1159 2663 vertit
1187 2602 1267 2664 enim
1290 2600 1466 2664 Orationem
1489 2602 1655 2684 Olorifico-
1668 2599 1770 2654 rotano.

275 2707 366 2768 Omns
392 2706 465 2783 filii,
496 2721 536 2766 ex
563 2703 673 2766 vitiosa
700 2703 786 2764 vocis
816 2700 968 2763 Arabicae
999 2701 1210 2782 punctatione:
1240 2719 1309 2764 curn
1337 2701 1515 2765 vertendum
1545 2705 1584 2766 sit
1613 2723 1654 2768 ex

275 2802 403 2886 Coptica
427 2801 534 2864 Oratio
556 2801 755 2863 absolutionis
774 2801 845 2881 filii,
868 2801 926 2863 hoc
949 2809 1012 2878 est,
1036 2819 1115 2881 quae
1138 2798 1176 2862 ad
1198 2799 1289 2862 filium
1313 2801 1462 2882 dirigitur.
1485 2799 1554 2884 lpsa
1577 2805 1656 2866 enirn

279 2904 371 2966 totius
394 2902 540 2964 orationis
563 2901 659 2964 series
683 2899 756 2962 satis
780 2900 928 2978 ostendit,
951 2900 1062 2962 nullam
1085 2901 1115 2963 in
1138 2918 1175 2962 ea
1198 2893 1391 2983 δοξολογίαν
1412 2903 1571 2981 contineri,
1600 2903 1657 2966 scd

278 3022 347 3066 esse
371 3003 538 3065 orationem
560 3016 617 3081 pro
641 2998 804 3062 obtinenda
825 3000 1005 3062 remissione
1028 3007 1243 3080 peccatorum:
1266 3000 1345 3062 unde
1367 3000 1574 3063 disolationis
1596 3020 1657 3065 no·

275 3121 344 3165 meu
367 3101 529 3164 deductum
552 3105 613 3160 est:
641 3105 672 3160 et
701 3115 764 3160 vox
793 3096 919 3179 Coptica
948 3097 1168 3162 absolutionem
1198 3099 1357 3180 significat.
1410 3100 1458 3162 Ex
1486 3100 1656 3164 Collatione

277 3220 344 3266 cum
367 3200 484 3263 Graeca
507 3197 610 3261 Basilii
632 3204 663 3259 et
685 3197 797 3272 Marci,
820 3198 893 3260 satis
917 3207 1043 3279 apparet
1065 3204 1223 3278 utramque
1247 3217 1287 3260 ex
1310 3198 1415 3262 eodem
1437 3198 1522 3262 lente
1548 3200 1657 3280 prodi·

276 3303 376 3378 visse,
399 3298 534 3381 quamms
557 3315 595 3359 eo
618 3295 687 3358 loco
710 3295 807 3358 biatus
830 3297 860 3358 ln
883 3295 1001 3358 Graeco
1031 3297 1117 3358 istius
1149 3296 1332 3378 exemplari,
1363 3305 1479 3360 textum
1507 3301 1656 3361 intertur-

276 3402 336 3464 bet.
383 3398 481 3461 llabet
503 3403 602 3458 autem
625 3392 697 3458 illud
721 3395 876 3478 singulare
906 3395 1064 3458 Ecclesiae
1093 3394 1237 3477 Copticae
1266 3396 1439 3477 disciplina,
1470 3397 1551 3478 quod
1579 3398 1655 3462 baec

276 3497 377 3561 oratio
400 3514 462 3560 non
483 3497 629 3558 recitatur
651 3513 669 3557 a
692 3493 858 3558 Sacerdote
880 3511 968 3557 sacra
990 3494 1140 3574 faciente,
1170 3495 1224 3558 sed
1247 3495 1285 3558 ab
1315 3497 1391 3575 alio,
1422 3498 1488 3559 sive
1516 3499 1541 3560 is
1571 3497 1657 3560 adsi-

277 3605 362 3660 stens
385 3596 440 3674 sit,
462 3601 495 3656 ut
525 3592 632 3674 aliquis
659 3593 838 3675 plerumque
867 3593 925 3656 boc
954 3594 1120 3657 ministerio
1147 3593 1299 3677 iungitur,
1327 3613 1394 3658 cum
1423 3597 1512 3658 unica
1542 3599 1656 3660 tantum

276 3713 337 3759 uuo
361 3693 411 3756 dic
434 3693 571 3777 Liturgia
594 3693 782 3757 celebretur:
805 3692 854 3755 vel
878 3693 958 3774 quod
981 3694 1167 3774 frequentius
1191 3700 1254 3773 est,
1278 3695 1314 3756 ab
1335 3694 1576 3758 Archimandrita
1599 3712 1656 3758 seu

277 3796 467 3876 llegumeno.
514 3791 645 3874 Cyrillus
668 3791 838 3854 Patriarcba
860 3791 938 3854 lilius
961 3791 1085 3854 Laklald
1108 3795 1139 3854 in
1155 3792 1423 3857 constitutionibus
1441 3793 1654 3875 synodalibus,

277 3895 357 3956 inter
384 3893 442 3956 alia
471 3891 641 3975 llegumeni
674 3909 800 3953 munera
829 3899 973 3953 recenset
993 3893 1049 3970 jus
1072 3893 1299 3971 pronunciandi
1326 3893 1544 3955 absolutionem
1565 3912 1659 3973 super

278 3994 475 4056 Sacerdotem
497 4010 592 4053 sacru
612 3990 784 4069 summatem,
829 3989 1009 4054 Abulbircat
1040 3991 1071 4052 in
1100 3991 1238 4073 Epitome
1266 3995 1524 4054 caeremoniarum
1552 3991 1657 4054 litur-

279 4094 357 4174 giae.
402 4091 439 4152 Si
459 4090 543 4152 adsit
562 4087 717 4152 Sacerdos
738 4091 839 4166 alter,
861 4093 913 4171 qui
934 4092 1023 4152 simm
1043 4093 1209 4168 minabat,
1239 4091 1316 4171 tepet
1343 4110 1435 4172 mtper
1459 4090 1657 4154 Sacerdotem

279 4200 309 4253 et
328 4191 516 4265 Diaconum„
539 4190 706 4250 orationem
727 4188 944 4251 absolutionis:
967 4191 997 4251 si
1017 4210 1077 4252 non
1099 4191 1195 4266 adsit,
1215 4190 1432 4270 pronunciabit
1453 4209 1520 4253 eum
1538 4190 1656 4253 Sacer-

279 4291 336 4352 dos
357 4289 513 4351 celebruns
532 4307 592 4368 pro
614 4307 662 4364 se,
685 4295 716 4350 et
736 4307 827 4368 super
848 4287 1039 4351 Diaconum.-
1060 4291 1113 4370 qui
1123 4297 1297 4370 moenalus
1313 4291 1388 4351 erit:
1410 4289 1564 4352 Sacerdos
1581 4309 1655 4352 aero

278 4387 391 4450 stabit:
413 4388 443 4448 si
462 4386 647 4448 Putriomba
668 4385 819 4466 adiurat,
841 4389 907 4467 epse
928 4386 1151 4450 Absolutionem
1168 4389 1398 4468 monmmiabit,
1428 4407 1519 4468 super
1538 4388 1657 4450 Sacer-

280 4488 378 4549 dotem
400 4493 431 4548 et
450 4485 640 4548 Diaconum:
662 4492 751 4565 utmoe
772 4487 818 4548 ita
836 4486 933 4564 facim
951 4486 1122 4566 Episcopus
1143 4489 1176 4548 in
1198 4488 1270 4549 sede
1291 4507 1358 4552 stau.
1404 4486 1554 4551 Observat
1576 4487 1655 4549 idem

281 4594 385 4665 autor,
410 4585 607 4649 Sacerdotem
629 4591 660 4646 ct
682 4584 865 4662 Diaconum,
888 4587 1092 4667 prostratione
1113 4605 1170 4650 seu
1196 4594 1354 4650 metanoea
1385 4587 1482 4666 iacta,
1512 4605 1547 4651 se
1575 4587 1656 4648 invi-

281 4683 516 4762 consalutare,
541 4689 649 4764 postea
671 4683 861 4746 descendere
884 4685 962 4747 inira
991 4686 1105 4768 gradus
1136 4685 1255 4768 altaris,
1285 4687 1386 4767 ibique
1415 4686 1525 4751 sedere
1557 4687 1656 4767 capite

281 4783 317 4846 ad
340 4792 453 4848 terram
475 4799 573 4862 usque
595 4782 760 4863 inclinato,
784 4781 853 4845 dum
874 4785 1021 4848 recitatur
1042 4783 1213 4850 Absolutio.
1260 4786 1423 4850 Confirmat
1449 4785 1583 4850 camdem
1607 4785 1657 4848 di-

282 4883 439 4964 sciplinam
469 4881 590 4944 Gabriel
619 4880 812 4961 Patriarcba,
841 4881 1001 4964 additque,
1028 4884 1146 4945 intereo
1172 4885 1243 4946 dum
1272 4885 1394 4968 lenitur,
1428 4887 1658 4948 circumstantes

281 4979 479 5058 Sacerdotes,
501 4981 658 5044 macanos
678 4992 708 5045 et
729 5001 845 5046 omnen
868 4981 1004 5060 Ouum,
1026 4985 1140 5046 nnwto
1161 4992 1192 5046 et
1212 4985 1357 5048 inclinante
1379 4986 1479 5067 capite
1500 5003 1578 5064 csse,
1600 5003 1658 5048 ns-
