4736 6064
658 501 733 576 512
1036 498 1655 580 uusuuvtttonts

657 687 780 750 mutatio
803 685 829 748 si
850 701 910 747 non
934 684 1006 748 satis
1030 685 1061 746 in
1080 682 1291 765 ipsabiturgia
1308 684 1488 765 explicatur,
1512 683 1607 765 qualis
1631 684 1662 744 in
1674 683 1813 748 Ecclesia
1826 685 2034 752 Alexandrian

660 789 848 865 crederetur,
872 787 1010 850 dubitare
1032 805 1092 850 non
1115 787 1185 849 sinit
1197 785 1317 849 Gabriel
1330 787 1514 862 Patriaroha,
1537 788 1589 868 qni
1611 785 1692 848 illam
1714 788 1899 852 substantiae
1910 790 1941 851 in
1957 791 2033 854 sub-

658 891 796 950 stantiam
811 904 880 949 esse
898 886 997 964 docet,
1021 893 1054 948 ut
1076 885 1166 948 etiam
1188 885 1437 949 autorScientiae
1450 885 1694 964 Ecclesiastieae,
1717 885 1897 950 Abulbiroat
1919 897 1949 952 et
1972 889 2032 956 alii.

657 988 740 1050 llnec
752 987 851 1048 omnia
861 987 1020 1067 ignorasse
1031 983 1174 1047 Ludoltus
1187 985 1297 1072 potuit,
1306 993 1339 1047 ut
1352 1005 1425 1049 sane
1442 1004 1478 1047 ea
1490 985 1654 1068 ignoravit,
1678 987 1813 1067 quamvis
1827 1005 1941 1050 summe
1955 989 2033 1050 scitu

658 1086 832 1148 necessaria
855 1084 998 1146 scribenti
1021 1083 1060 1145 de
1081 1083 1231 1164 religione
1243 1080 1435 1164 Aethiopum,
1460 1101 1537 1166 quos
1553 1083 1590 1146 de
1604 1083 1807 1164 singularibus
1822 1094 1929 1149 contra
1945 1103 2033 1149 com-

655 1203 774 1246 munem
795 1182 1001 1245 Ecclesiarum
1024 1181 1263 1244 doEuebaristia
1286 1180 1373 1245 fidem
1397 1181 1588 1262 opinionibus
1612 1199 1702 1244 nemo
1725 1183 1919 1246 insimulavit:
1943 1202 2032 1248 nemo

656 1291 780 1363 praeter
800 1280 961 1344 Ludoltnm
983 1280 1124 1359 laudavit,
1148 1280 1230 1361 quod
1254 1281 1616 1344 transubstantiationem
1639 1298 1701 1343 non
1724 1281 1897 1344 crederent.
1920 1284 2034 1345 Verum

656 1383 779 1464 ignotae
801 1381 844 1442 illi
867 1399 937 1443 esse
960 1398 1020 1442 non
1045 1387 1186 1461 poterant
1208 1379 1386 1460 multiplices
1409 1379 1612 1442 invocationis
1634 1378 1762 1459 Spiritus
1785 1382 1882 1442 sancti
1905 1380 2031 1461 tonnae,

657 1498 781 1562 quarum
804 1477 952 1541 vocabula
975 1481 1004 1541 in
1020 1477 1140 1541 Lexieis
1164 1478 1226 1540 suis
1250 1475 1419 1560 digerebat,
1442 1477 1497 1540 sed
1519 1477 1560 1540 ita
1582 1483 1614 1550 ut
1636 1478 1764 1558 phrases
1788 1480 1870 1559 ipsas
1892 1497 1953 1543 non
1977 1498 2032 1542 re-

611 1600 616 1609 ’
656 1579 767 1657 terret,
798 1597 838 1640 ne
868 1597 908 1640 ex
938 1579 1054 1640 illarum
1082 1577 1148 1640 sola
1177 1578 1377 1657 inspectione,
1412 1577 1487 1639 lalsa
1518 1593 1645 1656 prorsus
1675 1584 1706 1638 et
1734 1575 1835 1639 fictitia
1864 1577 2032 1660 'theologia

655 1677 835 1759 Aethiopica
858 1695 913 1739 sua
934 1676 1138 1741 refelleretur.
1182 1675 1330 1756 Reliquae
1352 1676 1431 1738 enim
1453 1675 1623 1757 Liturgiae,
1652 1683 1711 1737 tam
1734 1676 1832 1738 editae
1855 1696 1943 1759 quam
1965 1695 2032 1740 ma-

655 1777 831 1856 nuscriptae
862 1776 998 1839 eamdem
1026 1774 1229 1838 invocationis
1259 1774 1384 1839 formam
1412 1766 1565 1854 referunt,
1595 1782 1645 1837 aut
1675 1787 1725 1837 ers
1746 1777 1840 1855 prima
1871 1776 2031 1858 petendam

655 1873 825 1958 designant.
1378 1917 1381 1934 ι
1668 1860 1677 1876 ’

740 1973 821 2038 lllius
853 1975 998 2038 orationis
1028 1981 1162 2055 partem,
1193 1981 1226 2035 ut
1255 1973 1350 2036 verba
1379 1972 1490 2036 Christi
1520 1975 1762 2050 consecratoria,
1796 1983 1827 2037 et
1855 1973 2032 2055 particulam

656 2071 864 2136 Confessionis
888 2092 966 2154 quae
989 2074 1206 2154 pronunciatur
1229 2080 1297 2134 ante
1311 2073 1549 2136 communionem
1566 2071 1657 2134 edidit
1670 2071 1849 2154 Aethiopiae
1865 2073 2030 2136 llircberus

654 2172 686 2234 in
708 2172 872 2236 Prodromo
895 2172 1024 2254 Coptico
1030 2193 1039 2250 3
1062 2172 1117 2235 sed
1139 2173 1181 2234 ita
1203 2179 1236 2235 ut
1259 2179 1382 2252 praeter
1404 2179 1502 2244 errata
1526 2171 1667 2234 nonnulla
1692 2171 1928 2254 typographica,
1952 2187 2031 2252 quae

652 2269 801 2333 lectorum
828 2281 1035 2350 remorentur,
1065 2271 1209 2353 graviora
1238 2270 1269 2330 in
1298 2270 1441 2333 versione
1466 2270 1741 2351 deprehendantur.
1785 2270 1830 2334 Ea
1853 2270 2031 2351 expendere

654 2377 685 2432 et
707 2371 868 2435 emendare
891 2372 995 2435 inutile
1018 2379 1079 2447 est,
1111 2389 1178 2434 eum
1200 2389 1240 2432 ex
1263 2371 1354 2432 totius
1376 2369 1532 2452 liturgiae
1557 2369 1785 2448 constitutione,
1815 2375 1846 2430 et
1873 2369 1939 2450 ejus
1962 2385 2031 2431 eum

654 2466 780 2549 Coptica
811 2472 1053 2551 comparatione,
1083 2487 1157 2532 vera
1186 2469 1275 2531 lectio
1298 2470 1426 2550 agnosci
1455 2469 1548 2533 facile
1577 2471 1683 2550 possit.
1729 2466 1885 2548 Coptieam
1907 2485 2029 2548 quoque

651 2567 769 2631 illarum
791 2570 1007 2650 particularum
1028 2569 1154 2632 formam
1177 2566 1298 2650 adjecit,
1320 2566 1376 2630 sed
1398 2568 1439 2629 ita
1461 2576 1495 2630 ut
1514 2567 1675 2632 Codicibus
1698 2567 1831 2630 melioris
1853 2573 1944 2628 notae
1967 2581 2030 2628 non

651 2666 851 2747 respondeat,
882 2669 1045 2748 ultimaque
1067 2671 1115 2731 sui
1136 2674 1223 2749 parte
1246 2666 1422 2729 detruncata
1445 2668 1499 2730 sit:
1529 2666 1610 2730 unde
1639 2683 1713 2730 usus
1742 2665 1852 2728 nullius
1875 2682 1946 2727 esse
1967 2681 2030 2745 po-

651 2771 727 2843 test,
758 2767 839 2846 quod
865 2767 1011 2831 Lectores
1040 2766 1243 2830 Orientalibus
1271 2765 1365 2829 literis
1395 2783 1456 2829 non
1485 2766 1614 2830 imbutos
1637 2767 1718 2829 seire
1741 2764 1910 2846 oportebat.
1953 2763 2029 2827 Nam

650 2861 790 2926 fortassis
818 2882 880 2927 non
910 2865 1055 2946 deerunt,
1087 2866 1139 2947 qui
1167 2864 1287 2928 blulleri
1309 2872 1340 2927 et
1362 2865 1488 2929 eborum
1510 2865 1666 2945 exemplo,
1690 2863 1869 2926 llircberum
1890 2862 2029 2926 laudibus

562 2944 575 2968 '
652 2962 855 3043 cumulabunt,
879 2966 991 3046 atejus
1016 2965 1176 3030 autoritate
1190 2966 1339 3028 sinceram
1354 2965 1477 3027 istarum
1490 2965 1659 3028 orationum
1671 2963 1831 3026 lectionem
1842 2963 2030 3046 impugnent.

1120 3239 1181 3310 15.
1219 3239 1341 3311 Oratio
1363 3240 1559 3330 [rasbacis.

745 3443 927 3538 Fragmenti
946 3466 1103 3521 verterunt
1125 3458 1311 3540 interpretes
1335 3477 1396 3522 non
1418 3457 1498 3522 bene
1505 3478 1515 3534 ;
1543 3475 1610 3520 cum
1637 3474 1701 3519 vox
1721 3453 1903 3536 Aethiopica
1925 3456 2026 3536 signi-

649 3557 719 3621 ficet
738 3559 921 3638 [menonem
942 3546 1067 3637 uidem,
1090 3567 1122 3623 ut
1144 3560 1278 3623 Rituales
1294 3561 1403 3624 Graeci
1425 3562 1599 3642 loquuntur,
1624 3577 1712 3641 quam
1722 3557 1841 3620 Arabes
1857 3557 2027 3622 Christiana

648 3665 744 3751 flbop
766 3666 892 3721 vocant:
923 3659 992 3722 dum
1022 3659 1138 3724 scilicet
1164 3661 1251 3741 panis
1278 3662 1308 3722 in
1337 3678 1448 3742 corpus
1482 3659 1594 3724 Christi
1618 3665 1833 3731 consecratus,
1862 3659 1893 3719 iu
1922 3656 2025 3736 plures

646 3757 812 3838 particulas
834 3758 992 3836 dividitur,
1020 3767 1109 3840 atque
1132 3778 1172 3822 ex
1194 3777 1253 3822 una
1276 3760 1355 3822 calix
1378 3761 1573 3844 obsignatur,
1600 3765 1661 3820 tum
1684 3776 1724 3820 ex
1748 3755 1854 3818 eadem
1876 3757 1906 3818 in
1928 3754 2024 3818 calice

647 3857 782 3936 intincta,
804 3857 970 3938 particulae
992 3876 1069 3939 quae
1092 3861 1123 3920 in
1145 3877 1234 3922 sacro
1251 3857 1342 3922 'diseo
1365 3867 1452 3936 sunt,
1480 3861 1640 3941 signantur
1666 3857 1781 3938 pariter
1803 3873 1841 3918 eo
1863 3853 1948 3934 Ritu,
1972 3855 2023 3936 qui

647 3955 831 4036 explicatur,
860 3965 920 4020 tam
950 3957 981 4018 in
1008 3957 1146 4022 Rubricis
1175 3957 1214 4021 ad
1235 3957 1402 4041 liturgiam
1425 3957 1579 4039 Coptieam
1608 3957 1703 4020 sancti
1724 3952 1844 4033 Basilii,
1875 3971 1963 4035 quam
1992 3954 2024 4015 in

646 4054 757 4118 Rituati
780 4055 942 4135 Gabrielis,
973 4063 1062 4137 atque
1091 4056 1156 4119 aliis
1185 4075 1311 4137 quorum
1334 4059 1504 4121 testimonia
1525 4057 1620 4120 relata
1643 4056 1766 4119 suntin
1789 4052 2021 4116 Commentario.

645 4153 790 4217 Ludoltus
810 4154 1013 4236 fragmentum
1035 4162 1066 4218 et
1085 4155 1229 4237 [regmen
1250 4159 1483 4239 interpretatur,
1513 4174 1572 4219 non
1595 4163 1694 4219 recte:
1724 4154 1781 4217 sed
1802 4154 1927 4216 verbum
1952 4169 2023 4214 esse

646 4251 727 4328 dicit,
750 4256 836 4334 caina
857 4273 931 4316 usus
952 4261 999 4317 eat
1018 4256 1051 4316 in
1071 4254 1104 4319 S.
1121 4253 1239 4318 Coeno:
1262 4263 1294 4319 et
1316 4259 1346 4319 iu
1369 4256 1502 4320 secunda
1525 4255 1657 4318 editione
1668 4252 1784 4330 Lexici,
1806 4251 1921 4314 Nomen
1944 4269 2023 4313 ora-

646 4354 738 4414 tionis
759 4355 844 4432 cujus
864 4373 939 4416 usus
959 4357 993 4416 in
1013 4354 1046 4418 S.
1062 4352 1166 4417 Coma
1178 4354 1221 4417 ud
1235 4357 1455 4436 &aquandum
1473 4354 1657 4434 [rectiorem
1664 4355 1768 4434 punis,
1791 4353 1879 4433 pejus
1891 4349 2023 4426 omnino,

645 4460 675 4514 et
697 4453 874 4534 imperitius.
919 4453 988 4517 Non
1009 4453 1137 4518 verbum
1159 4462 1220 4534 est,
1251 4454 1307 4518 sed
1329 4472 1437 4518 nomen
1460 4473 1478 4517 a
1500 4453 1596 4516 verbo
1620 4451 1800 4529 derivatum,
1828 4451 1914 4532 cujus
1936 4465 2022 4530 usus,

530 4599 538 4616 .
644 4553 671 4613 si
693 4569 751 4632 per
771 4551 804 4616 S.
829 4551 978 4629 Coenam,
1008 4553 1208 4616 lutheranam
1230 4570 1314 4616 suam
1336 4552 1495 4634 intelligit,
1525 4551 1626 4614 nullus
1648 4557 1712 4627 est,
1743 4567 1810 4612 cmn
1836 4551 1867 4611 in
1890 4566 1926 4612 ea
1949 4547 2023 4610 nibil

645 4652 766 4715 omnino
789 4651 857 4729 bat,
890 4652 970 4732 quod
999 4651 1153 4731 fractioni,
1183 4652 1280 4733 qualis
1311 4653 1494 4717 observatur
1515 4653 1546 4715 in
1568 4650 1716 4713 Ecclesiis
1739 4647 1943 4711 Orientalibus
1966 4665 2023 4708 re-

645 4748 804 4829 spondeat.
851 4749 882 4812 Si
903 4749 1070 4834 liturgiam
1092 4751 1248 4834 intelligit,
1278 4758 1312 4813 ut
1340 4769 1464 4832 semper
1485 4749 1523 4813 ad
1546 4767 1612 4812 eam
1634 4747 1861 4833 significandam
1884 4764 1921 4809 ea
1942 4760 2023 4808 voce

646 4849 794 4928 abutitur,
822 4867 883 4912 non
913 4850 1010 4912 nunus
1039 4849 1182 4927 ridicule,
1214 4869 1301 4933 quam
1330 4851 1358 4912 si
1378 4849 1500 4913 blissam
1522 4849 1679 4912 solennem
1700 4847 1813 4910 Romae
1837 4863 1854 4906 a
1876 4843 2021 4908 Pontibce

647 4944 831 5010 celebratam
855 4947 988 5012 Coenum
1017 4948 1200 5032 appellaret,
1231 4967 1319 5032 quoru
1340 4949 1458 5031 hospes
1486 4956 1570 5014 esset
1597 4949 1629 5011 in
1656 4947 1773 5011 ltitibus
1794 4943 2021 5012 Ecclesiastieia
