4680 6044
584 649 636 724 ΑΙ)
655 647 864 726 LITURGIAM
879 645 1071 726 colliculi
1085 649 1115 727 S.
1130 649 1275 728 BASILII.
1539 648 1617 724 225

247 841 418 909 murman,
440 833 502 914 ipsi
522 832 792 911 cmnbstamtete,
814 834 871 896 tat
890 835 1015 914 corpori
1034 834 1115 914 quod
1136 853 1202 897 eum
1224 835 1412 917 designabat.
1456 834 1618 917 Dionysius
1648 857 1696 911 rr„
1713 859 1772 926 Syr.
1788 857 1850 910 aar,
1875 855 1942 910 colb.

246 929 393 995 Barsalibi
415 932 629 996 commentario
652 933 690 995 ad
718 931 877 1016 Evangelii
898 931 985 995 loen.
1009 950 1074 1015 cap.
1098 933 1128 998 6.
1164 935 1298 1015 Spiritum
1319 944 1443 1000 concurs
1464 937 1621 998 descendit

247 1051 338 1112 cuper
358 1031 574 1110 Sacramenta,
597 1031 744 1114 efficitque
765 1034 819 1095 illa
840 1051 950 1112 corpus
977 1041 1008 1095 et
1027 1035 1221 1114 sanquinem.-
1250 1041 1280 1097 et
1310 1034 1347 1097 ad
1376 1033 1483 1098 iacobi
1511 1033 1619 1097 litur-

246 1132 337 1216 giam.
383 1131 438 1195 lito
459 1133 527 1213 ipso
540 1134 641 1208 modo,
663 1135 789 1213 (nempe
812 1150 872 1213 qno
895 1131 926 1192 in
946 1133 1091 1213 mysterio
1103 1133 1336 1208 incarnationis)
1359 1135 1517 1211 multare,
1539 1135 1620 1215 quod

246 1238 293 1294 est
314 1239 401 1313 tpptas
420 1233 501 1294 uteri
520 1232 678 1312 aspiratis
700 1238 730 1294 et
755 1233 899 1312 sepulcri,
927 1231 1061 1294 iliabitm
1088 1232 1220 1312 Spiritum
1248 1241 1387 1309 tamnu,
1415 1241 1620 1295 tmumatccs

245 1351 357 1412 panem
372 1339 409 1394 'et
427 1333 544 1407 vineant,
572 1329 762 1412 efficiensque
787 1349 827 1392 ea
856 1349 967 1410 corpus
996 1337 1026 1392 et
1053 1333 1228 1412 sonpuinem
1259 1332 1356 1396 Verbi.
1400 1331 1434 1392 ln
1464 1330 1619 1412 Opusculo

213 1495 215 1500 .
249 1431 287 1494 de
307 1429 497 1494 Institutione
521 1430 717 1496 sacramenti.
767 1428 867 1491 Virtus
888 1429 1021 1508 Spiritus
1042 1432 1143 1492 sancti
1160 1431 1295 1492 illabitur
1316 1447 1409 1510 mcper
1420 1429 1622 1510 panescltma‘

246 1531 421 1611 impositos,
444 1535 475 1590 et
494 1531 665 1609 sanctificet
686 1546 754 1606 eos,
773 1529 949 1608 perficitque
971 1534 1000 1590 et
1021 1526 1114 1609 efficit
1133 1547 1187 1590 eos
1209 1547 1321 1608 corpere
1348 1527 1445 1591 Verbi.
1490 1527 1620 1591 Tractu—

245 1637 294 1692 tus
325 1628 364 1691 de
393 1627 625 1708 praeparatione
656 1627 693 1690 ad
728 1627 974 1691 communionem.
1025 1627 1159 1707 Spiritus
1190 1635 1315 1690 sanctus
1346 1627 1522 1708 requiescit,
1554 1629 1620 1690 sice

245 1727 398 1804 Wabitur,
420 1745 511 1807 suuper
532 1725 774 1789 dicebaristium:
797 1733 886 1807 atque
907 1727 940 1788 iu
961 1745 999 1788 ets
1021 1726 1179 1788 exhibetur
1205 1727 1293 1790 cocu
1321 1726 1478 1802 tunsum
1508 1745 1622 1808 quam·

245 1829 294 1890 cic
315 1827 356 1890 ab
379 1829 474 1890 ocidit
494 1828 609 1889 uostris
629 1825 833 1889 absconditus.
878 1823 912 1886 ln
927 1825 1053 1889 Humilia
1076 1834 1146 1888 ante
1168 1828 1405 1891 communionem
1417 1843 1505 1908 quam
1523 1825 1619 1888 refert

245 1924 345 1988 Autor
368 1925 518 1990 Scientiae
540 1924 772 1988 Ecclesiastioae
797 1941 861 2005 cap.
886 1923 937 1990 84.
962 1925 1070 1988 dicitur
1088 1943 1199 2006 panem
1227 1933 1258 1988 et
1285 1929 1388 1990 cirrum
1412 1928 1482 2006 pert
1508 1945 1619 2006 corpas

245 2033 275 2088 et
296 2028 489 2106 sanctinum,
508 2045 567 2106 per
588 2025 726 2104 illapsam
746 2025 880 2103 Spiritum
901 2026 1016 2101 sancti,
1046 2041 1103 2104 quo
1130 2025 1356 2104 transferentem
1377 2044 1399 2086 u
1427 2018 1540 2088 natura
1561 2043 1619 2087 crta

241 2125 360 2205 priori,
382 2127 415 2187 im
436 2125 635 2187 substantium
657 2125 797 2203 corporis
819 2130 849 2184 et
870 2125 1027 2202 sonprnuis
1049 2122 1172 2188 Cbristi.

332 2223 441 2303 Neque
462 2223 520 2286 soli
544 2222 692 2305 theologi
714 2222 756 2284 ita
777 2221 951 2303 loquuntur,
974 2221 1029 2285 sed
1051 2221 1184 2286 Rituaies
1206 2223 1264 2304 ipsi
1287 2222 1355 2286 libri
1378 2221 1516 2304 Coptici,
1548 2222 1618 2285 dum
1666 2237 1821 2292 qucrimonia
1844 2254 1876 2289 ex
1894 2237 1942 2290 ffi.

243 2330 350 2385 vetant
375 2323 462 2404 juxta
491 2322 642 2385 Gabriilis
672 2321 864 2385 Patriarcbae
896 2321 1165 2401 Constitutionem,
1194 2341 1232 2385 ne
1262 2321 1429 2402 Sacerdos,
1459 2329 1619 2404 postquam
1630 2327 1751 2380 rnatum.

244 2421 326 2484 dicta
350 2430 398 2485 est
419 2418 495 2484 haec
518 2421 632 2500 Oratio,
656 2420 818 2504 quidquam
841 2428 944 2504 tangat
966 2420 1053 2483 nudis
1075 2422 1224 2500 manibus,
1247 2421 1303 2484 sed
1319 2422 1437 2485 sericea
1451 2421 1615 2486 telainvo-

242 2519 327 2599 lutis,
350 2520 474 2584 bonoris
496 2528 528 2583 et
547 2522 740 2584 reverentiae
764 2537 855 2584 causa
878 2527 954 2603 erqo
977 2517 1088 2601 corpus
1112 2521 1223 2584 Christi
1247 2521 1328 2603 qnod
1350 2521 1466 2604 tetigit:
1496 2539 1535 2583 ex
1558 2541 1618 2603 qna

244 2619 405 2701 disciplina
428 2627 546 2683 consui
568 2625 623 2683 e'os
646 2621 786 2700 credere,
809 2628 871 2682 tum
895 2618 1013 2682 demum
1034 2618 1201 2701 perlectam
1231 2628 1262 2683 et
1291 2626 1525 2684 consummatam
1548 2641 1618 2686 csse
1709 2705 1714 2715 Ι

153 2724 156 2730 ’
244 2721 518 2784 consecrationem.
563 2719 643 2782 idem
666 2720 794 2800 probant
817 2721 972 2784 orationes
994 2720 1195 2802 Diaconicae,
1229 2739 1307 2803 quae
1335 2723 1395 2784 ritu
1418 2719 1545 2802 Syriaco
1568 2722 1618 2784 di-

243 2829 356 2884 cuntur
377 2822 408 2882 in
430 2820 506 2882 hacc
527 2819 637 2882 verba:
661 2819 759 2895 Ouum
781 2820 913 2881 &menda
934 2827 981 2881 est
1000 2821 1078 2882 baec
1099 2822 1191 2902 bora,
1214 2839 1304 2903 qaam
1326 2821 1461 2884 terribile
1482 2840 1618 2885 marnen-

243 2928 307 2982 turra
328 2921 397 2996 boc,
420 2921 623 2982 dilectissimi:
645 2939 713 2982 cum
734 2919 864 2999 Spiritus
886 2928 1010 2982 sanctus
1032 2921 1070 2981 dc
1091 2921 1178 2983 caelo
1190 2922 1365 2998 mommo,
1381 2919 1516 2982 illabitur
1529 2940 1621 3002 super

243 3021 327 3082 ὀοπα
347 3021 508 3099 proposito
530 3025 560 3080 et
581 3037 619 3080 ca
641 3021 821 3098 sancbiieat.
850 3018 884 3081 ld
907 3025 1006 3081 autem
1029 3019 1206 3082 inclamatur
1228 3039 1246 3082 a
1267 3018 1420 3096 Diaconis,
1448 3019 1538 3099 paulo
1561 3037 1619 3080 an-

243 3127 367 3200 tequam
388 3117 544 3181 Invocatio
566 3119 793 3198 pronuntietur.
815 3116 849 3179 in
872 3119 931 3181 ritu
954 3135 1076 3199 qnoque
1098 3119 1280 3182 Nestoriano
1310 3119 1418 3182 eodem
1447 3119 1517 3182 loco
1539 3117 1619 3181 dici-

241 3225 303 3281 tur.
347 3217 428 3281 Ecce
456 3236 562 3280 mensa
586 3219 690 3298 posita
717 3225 764 3279 est
789 3218 821 3279 iu
843 3225 949 3279 sancto
976 3225 1170 3294 sanctorum,
1198 3225 1228 3279 et
1255 3217 1441 3281 Sacerdotes
1462 3218 1620 3297 praeclari

244 3321 369 3398 cbcpuut
395 3335 462 3379 eam
488 3319 521 3379 im
546 3317 666 3379 modum
696 3316 873 3396 Sarupbiru:
904 3318 1082 3396 inoccatque
1111 3316 1270 3380 Sacerdos
1296 3317 1441 3398 Spiritum
1469 3325 1619 3393 sanctuar,

242 3419 330 3498 isque
351 3417 516 3493 deseendit,
538 3416 712 3497 tauroque
740 3419 772 3478 im
790 3435 888 3497 pune,
921 3423 952 3478 et
976 3416 1069 3478 calici
1090 3418 1306 3479 commiscetur.
1350 3415 1398 3478 Ex
1425 3415 1483 3478 illis
1507 3422 1617 3492 autern,

244 3525 275 3579 et
298 3517 478 3598 praesertim
508 3533 548 3580 cx
577 3517 671 3597 ipsius
698 3517 842 3577 orationis
872 3516 1079 3595 expositione,
1116 3533 1205 3595 quam
1235 3514 1318 3578 dedit
1340 3515 1371 3576 in
1394 3513 1617 3578 Commentario

244 3631 304 3680 suo
326 3615 491 3696 Dionysius
512 3615 671 3695 Bnrsaiibi,
695 3614 733 3677 ad
754 3615 918 3697 Liturgiam
941 3613 1097 3696 Syriacam
1112 3615 1142 3678 S.
1160 3613 1276 3691 Jacobi,
1299 3613 1486 3697 significatur
1509 3614 1617 3695 ipsum,

243 3721 277 3776 ut
301 3721 332 3776 ct
355 3714 441 3795 alios,
463 3715 504 3778 ita
527 3715 728 3794 existimasse,
753 3715 1012 3777 consecrationem
1034 3714 1212 3796 completam
1235 3715 1366 3793 censeri,
1397 3732 1463 3776 cum
1486 3713 1618 3777 invoca-

243 3817 289 3878 tio
312 3813 394 3877 dicta
416 3821 480 3890 est3
503 3815 573 3895 quia
596 3821 668 3876 tune
688 3814 726 3877 de
750 3814 863 3877 eliceto
883 3815 1101 3896 promissorum
1126 3813 1252 3894 Christi,
1282 3815 1332 3896 qni
1361 3831 1418 3895 per
1449 3829 1515 3876 eam
1543 3831 1617 3876 ora-

241 3915 358 3978 tionem
380 3915 571 3994 exprimitur,
594 3911 730 3976 dubitare
753 3914 915 3977 nonlicet.

242 4015 245 4022 “
332 4013 380 4076 Ex
402 4013 480 4076 illius
502 4013 596 4098 igitur
618 4010 770 4076 Orationis
791 4012 906 4091 verbis,
929 4014 955 4077 si
979 4013 1099 4095 quidem
1113 4013 1143 4075 in
1166 4031 1232 4076 eam
1251 4013 1429 4075 sententiam
1452 4008 1530 4074 trahi
1552 4026 1613 4072 non
1713 4020 1752 4073 uo
1773 4021 1939 4076 invocatione

241 4120 390 4197 possunt,
421 4129 500 4193 quae
526 4119 621 4176 toturn
650 4111 775 4193 illapsus
803 4115 899 4176 sancti
929 4114 1058 4194 Spiritus
1087 4113 1227 4176 ellectum
1257 4111 1436 4174 determinet
1465 4110 1504 4173 ad
1532 4109 1953 4191 piamquincensmmnoncullt.

243 4215 496 4294 fructuosamque
518 4213 730 4293 mysteriorum
752 4214 989 4295 perceptionem,
1013 4214 1111 4276 statim
1133 4212 1288 4293 plerisque
1319 4210 1482 4294 'theologis
1511 4211 1614 4272 veniet
1626 4195 1759 4264 theologi.

241 4315 274 4376 in
297 4319 447 4391 mentem,
478 4311 631 4392 Coptitas,
661 4329 721 4373 non
755 4313 851 4375 minus
880 4331 967 4393 quam
998 4310 1169 4376 orientales
1199 4311 1332 4390 reliquos
1356 4309 1559 4387 Christianos,
1583 4311 1615 4370 in

243 4411 354 4476 eodem
377 4429 484 4474 errore
506 4412 634 4489 versari,
657 4427 719 4491 quo
742 4412 839 4474 teneri
862 4411 1012 4475 aiiirmant
1034 4411 1168 4475 Graecos
1192 4412 1390 4474 recentiores.
1415 4408 1499 4471 illum
1522 4424 1615 4488 porro

243 4513 290 4576 ita
319 4511 484 4574 definiunt:
512 4509 601 4583 Quod
622 4510 725 4572 verbis
747 4510 909 4572 Dominicis
931 4514 992 4574 virn
1022 4509 1220 4574 consecrandi
1249 4509 1357 4572 nullam
1380 4509 1532 4582 tribuant3
1560 4506 1615 4570 sed

243 4609 444 4678 Sacerdotum
466 4609 620 4690 precibus,
648 4607 834 4671 invocationi
862 4611 1056 4689 praesertim:
1086 4627 1174 4692 quam
1201 4609 1373 4691 opinionem
1403 4605 1562 4671 Cabasiiae
1585 4612 1616 4668 et

242 4711 352 4774 Marco
374 4708 519 4790 Ephesio,
543 4709 628 4789 quasi
651 4709 770 4771 noviter
799 4707 835 4769 ab
866 4707 923 4771 illis
951 4710 1149 4773 introductam
1180 4709 1343 4772 attribuunt
1350 4729 1359 4784 ς
1388 4707 1615 4786 damnatamque

241 4807 430 4891 pertendant
460 4809 491 4869 in
524 4806 660 4870 Concilio
687 4806 877 4871 Florentino:
910 4807 1056 4888 ejuratam
1083 4808 1203 4890 quidem
1229 4809 1312 4889 prius
1342 4825 1359 4868 a
1388 4804 1529 4884 Graecis,
1559 4803 1614 4868 sed

244 4907 509 4990 Constantinopoli
531 4906 719 4988 postmodum
742 4925 760 4968 a
783 4906 996 4988 schismaticis,
1018 4908 1123 4971 Marco
1145 4909 1323 4989 praesertim
1345 4906 1494 4989 Ephesio,
1518 4921 1615 4968 reno·

243 5016 355 5073 vatam.
379 5007 433 5070 Vir
455 5006 646 5070 doctissimus
668 5007 719 5088 qui
743 5005 780 5069 de
804 5006 862 5068 hoe
885 5018 1063 5092 argumento
1085 5007 1406 5070 multa·commenlatus
1428 5013 1484 5085 est,
1501 5004 1615 5067 Orien·
1662 5028 1733 5079 pqr,
1746 5028 1890 5080 ΜΝ,
1905 5027 1942 5078 ,p

243 5109 324 5172 tales
347 5109 377 5170 in
400 5107 505 5170 eadem
528 5107 670 5190 opinione
693 5123 762 5170 esse
785 5105 928 5184 etiannum
951 5126 1038 5188 quam
1062 5107 1183 5188 quidem
1210 5105 1329 5170 videtur
1351 5121 1531 5189 agnoscere,
1553 5119 1613 5166 non
1628 5114 1765 5168 demeum
1782 5111 1939 5183 tutamen.
