4760 6038
782 673 1404 766 sinorisnsrnii.
1547 783 1553 790 ,
1732 691 1776 766 11

400 876 452 952 his
479 878 513 946 in
539 875 602 946 illis
630 895 729 964 csse,
755 873 916 966 Domine,
951 882 984 946 et
1020 878 1129 948 servis
1162 877 1225 949 tuis
1262 877 1316 971 qui
1348 889 1426 973 post
1459 900 1523 951 uos
1549 880 1582 949 in
1609 878 1780 952 sacculum

398 1014 505 1088 usque
530 991 631 1064 futuri
656 999 741 1062 sunt.

402 1212 523 1282 Oratio
546 1230 615 1304 pro
636 1209 807 1298 Ecclesia,
835 1232 935 1303 qaam
960 1209 1032 1326 hoc
1045 1209 1122 1280 loco
1141 1210 1305 1282 recitabit
1317 1211 1492 1284 Sacerdos
1504 1215 1634 1305 jejaaii
1650 1213 1779 1284 diebus.
1867 1252 1871 1257 ·

508 1413 638 1488 Cultum
674 1415 838 1488 idolorum
873 1414 915 1488 ah
957 1417 1046 1487 omni
1079 1412 1163 1485 orhc
1201 1415 1320 1509 procul
1354 1439 1510 1490 remove:
1553 1416 1712 1494 Satanam
1747 1426 1782 1489 ct
1798 1419 2110 1520 'succenseamus

402 1553 535 1604 omnem
560 1535 717 1604 virtmcm
744 1535 818 1624 ejus
853 1534 1034 1626 pessimam
1067 1539 1225 1621 contere,
1260 1542 1294 1602 et
1320 1531 1428 1624 dejice
1455 1533 1516 1607 suh
1543 1532 1683 1629 pedihus
1709 1556 1780 1606 no·
1793 1507 2056 1560 ''²⁶⁸²‘'⁸⁶⁰⁰¹⁸⁰'⁶“⁸'

402 1651 481 1720 stris
507 1648 688 1720 velociter:
728 1647 887 1722 haereses
923 1656 958 1719 et
983 1656 1118 1720 autores
1153 1669 1268 1718 earum
1295 1669 1487 1744 compesce,
1513 1657 1549 1720 ut
1574 1648 1782 1722 rescindatur

404 1775 439 1835 et
466 1761 679 1858 abrumpatur
697 1767 802 1836 omnis
819 1762 985 1834 haeretica
1007 1765 1170 1857 pravitas,
1186 1761 1365 1836 Ecclesiae
1385 1774 1462 1836 tuae
1481 1775 1619 1836 sanctae
1638 1768 1780 1837 inimica.

402 1879 567 1969 Domine,
600 1881 685 1954 sicut
711 1878 811 1968 olim,
838 1882 882 1950 ita
909 1888 942 1949 et
968 1900 1055 1948 nunc
1083 1899 1140 1950 ess
1168 1879 1337 1974 deprime;
1365 1879 1460 1951 anim
1486 1879 1559 1954 illas
1586 1879 1781 1952 haereticis:
1896 1906 1913 1939 v

402 1994 561 2068 tenebras
598 1994 709 2068 cordis
743 1998 811 2083 sui,
847 1997 1082 2089 miseriamque
1117 1996 1199 2088 ipsis
1232 2015 1325 2065 suam
1360 1997 1538 2090 perspicue
1571 1995 1781 2068 demonstra:

402 2134 582 2208 compesce
615 2110 774 2183 invidiam
806 2133 940 2200 eorum,
975 2110 1132 2200 consilia,
1160 2108 1433 2200 machinationes,
1460 2110 1575 2200 dolos,
1602 2111 1782 2183 codena-

402 2230 545 2316 stiones,
573 2228 778 2322 dextrasque
805 2228 923 2322 quihus
950 2226 1131 2300 adversum
1163 2249 1226 2297 nos
1255 2226 1443 2315 abutuntur,
1470 2225 1620 2299 imhelles
1648 2230 1782 2299 omnino

403 2366 483 2416 esse
500 2342 628 2436 jubeto.
671 2343 916 2416 Conventicuia
929 2365 1045 2415 eorum
1059 2344 1220 2436 reprime,
1238 2341 1351 2416 divide
1366 2341 1627 2416 consultationes
1652 2363 1782 2431 eorum,

403 2482 426 2532 o
454 2460 558 2550 Deus,
587 2462 643 2553 qui
669 2459 837 2554 dissipasti
864 2459 1037 2531 consilium
1063 2456 1273 2552 Achitophel.

508 2574 672 2648 Adotebit
697 2577 869 2646 incessam
895 2575 942 2644 ad
968 2576 1141 2646 Orientem
1167 2573 1275 2645 tribas
1300 2574 1440 2646 vicibus.

507 2689 660 2782 Exurge,
688 2690 832 2763 Domine
858 2691 965 2778 Deus,
992 2690 1192 2784 dissipentur
1218 2711 1334 2762 omnes
1361 2692 1483 2762 inimici
1511 2693 1568 2780 tui,
1595 2699 1630 2761 et
1654 2691 1785 2784 fugiant

403 2831 424 2878 a
451 2805 538 2878 facie
565 2817 620 2878 tua
648 2827 764 2878 omnes
793 2809 848 2901 qui
875 2805 1016 2878 oderunt
1040 2828 1163 2878 nomen
1190 2817 1339 2877 sanctum
1369 2816 1468 2877 tuum.

511 2923 700 2995 Conversus
735 2923 782 2992 ad
815 2923 1049 3013 Occidentem,
1083 2922 1313 3012 Sacerdotes,
1345 2923 1526 2994 Diaconos
1558 2929 1594 2993 et
1624 2923 1785 3018 papulam

298 3041 301 3048 ’
402 3037 605 3111 incensabit.
1819 3131 1823 3136 Ι

509 3152 554 3226 Et
579 3153 721 3249 populus
748 3163 822 3226 tuus
849 3153 966 3226 millies
993 3151 1134 3224 millenis
1154 3151 1452 3246 benedictionibus,
1479 3165 1513 3226 ct
1531 3154 1647 3252 decem
1664 3153 1783 3228 millies

404 3269 548 3342 millibus
576 3269 759 3340 cumulatus
787 3269 965 3365 adimpleat
992 3291 1108 3342 omnes
1135 3269 1324 3346 voluntates
1352 3282 1436 3344 tuas.

514 3386 594 3458 Tam
621 3406 804 3457 conversus
830 3387 877 3456 ad
900 3387 1075 3469 Orientem
1102 3387 1203 3456 dicet.

510 3501 576 3572 Per
602 3504 762 3593 gratiam,
789 3500 996 3573 clementiam
1024 3512 1058 3573 ct
1086 3523 1234 3575 amorem
1262 3523 1344 3594 erga
1371 3500 1523 3576 homines
1549 3501 1605 3574 hlii
1631 3506 1678 3574 tui
1703 3503 1784 3575 uni-

407 3619 522 3708 geniti,
549 3616 682 3687 Domini
708 3616 773 3688 Dei
800 3627 834 3688 et
860 3615 1048 3689 Salvatoris
1075 3619 1179 3689 nostri
1206 3616 1290 3689 Jesu
1318 3616 1452 3708 Christi,
1480 3629 1542 3690 etc.

510 3731 663 3824 Populus
688 3733 780 3802 dicet
806 3731 1004 3828 Symbolum
1037 3731 1112 3803 fidei
1140 3731 1368 3805 Orthodoxae.
1421 3733 1586 3806 adolebit
1610 3733 1786 3806 Sacerdos

406 3855 461 3918 ter
487 3851 657 3918 incessas
683 3848 731 3916 ad
757 3849 937 3935 Orientem,
966 3847 1127 3941 dabitque
1153 3847 1355 3919 tharibatam
1381 3849 1785 3943 sesquimarcam,

406 3969 474 4034 tam
501 3963 615 4032 dicent
631 3961 841 4054 Symbolum:
870 3961 936 4057 qao
964 3970 1115 4057 tempore
1142 3963 1273 4034 lavabit
1288 3964 1464 4036 Sacerdos
1478 3972 1533 4036 ter
1552 3989 1671 4038 macas
1695 3988 1786 4052 raas,

407 4086 442 4149 et
468 4085 648 4174 antequam
665 4101 725 4151 eas
740 4079 926 4173 abstergat,
955 4084 1173 4150 concertetur
1199 4080 1247 4149 ad
1256 4079 1428 4173 poprdam,
1457 4079 1642 4174 edacetqae
1669 4104 1787 4152 manas

408 4215 454 4262 ca
472 4215 564 4288 aqua
578 4216 696 4265 coram
723 4216 775 4282 eo,
804 4201 838 4265 st
864 4219 887 4266 a
913 4194 1072 4267 sardibus
1097 4195 1278 4289 diiigenter
1302 4195 1475 4289 purgabit.

511 4310 598 4382 Post
623 4313 862 4382 recitationem
887 4310 1039 4404 Symdoti
1065 4311 1166 4398 dicet,
1193 4310 1268 4381 Pax
1295 4311 1457 4383 omnihus.

512 4425 813 4520 Respondebitqae
835 4421 992 4520 popalus,
1019 4425 1064 4497 m
1088 4449 1163 4497 cum
1190 4427 1306 4521 spiritu
1333 4437 1400 4498 tuo.

516 4541 597 4613 Tan
624 4564 807 4614 conversas
826 4543 977 4638 signabit
992 4541 1153 4636 papatem
1170 4542 1274 4614 semet
1287 4546 1324 4612 in
1340 4543 1473 4613 modam
1493 4545 1616 4631 crocis,
1637 4550 1672 4614 et
1695 4543 1787 4614 dicet

406 4655 498 4726 hanc
524 4660 724 4730 orationem.

787 4864 908 4934 Oratio
937 4863 1051 4936 Oscals'
1073 4866 1174 4957 pacis
1200 4864 1248 4935 ad
1275 4865 1423 4936 Patrem

516 5041 700 5115 Sacerdos.
752 5041 845 5115 Deus
880 5066 1003 5137 magne
1031 5052 1065 5115 et
1091 5054 1246 5148 aeterne,
1274 5047 1328 5142 qui
1356 5044 1523 5120 hominem
1550 5044 1677 5142 absque
1704 5049 1818 5158 vitio,
1848 5053 2006 5122 Ἄσπασμόε·
2036 5046 2115 5118 Eiai

411 5155 585 5230 condidisti
613 5168 646 5230 et
672 5170 813 5232 mortem
841 5183 926 5255 quae
948 5159 1095 5234 Satanae
1121 5161 1244 5234 invidia
1271 5165 1305 5232 in
1331 5163 1485 5235 mundum
1506 5165 1700 5256 intraverat,
1726 5160 1949 5282 1³&wass
1967 5141 2017 5192 ⁷⁰³
2041 5135 2116 5208 ΜΨ
