4686 6060
692 579 1228 657 ALEXANDlllND.
1562 581 1633 655 ool

366 767 505 840 xxvtt.
533 767 651 863 Neque
678 763 954 862 praetereundum
982 771 1044 852 est,
1073 763 1162 858 quod
1187 765 1323 839 ulterius
1351 767 1392 838 ad
1420 767 1638 840 evertendam
1685 783 1821 838 aerenum
1835 801 1866 838 ex
1879 786 1953 841 msto

260 888 462 957 narrationis
488 883 644 980 Eutychii
675 881 772 954 fidem
807 884 972 978 pertinet,
1007 890 1164 952 constare
1198 905 1244 953 ex
1278 885 1351 978 ipsa
1385 883 1638 956 Alexandrinae
1651 872 1697 922 ¹³⁸·
1751 915 1754 924 ·

258 1001 436 1074 Ecclesiae
463 997 623 1088 historia,
659 1021 701 1070 eo
729 1001 888 1094 temporis
920 995 1097 1068 intervallo
1131 1019 1196 1092 quo
1216 999 1434 1072 ,Patriarchas
1469 1022 1514 1072 ex
1547 999 1638 1072 duo-

260 1113 368 1186 decim
395 1116 674 1212 Presbyterorum
694 1135 841 1186 numero
869 1121 1034 1184 assumtos
1067 1133 1145 1228 essp
1182 1114 1368 1202 contendit,
1409 1115 1493 1187 duos
1528 1138 1637 1212 repe-

260 1233 337 1319 riri,
374 1232 598 1328 Agrippinum
632 1241 666 1302 ct
697 1230 922 1318 Demetrium,
958 1231 1013 1322 qui
1046 1249 1091 1298 ex
1127 1251 1243 1301 corum
1278 1231 1394 1303 ordine
1430 1253 1497 1302 non
1532 1243 1636 1304 erant.

260 1347 346 1419 Nam
383 1351 508 1444 primus
544 1371 589 1418 ex
618 1344 720 1440 plebe
748 1345 947 1416 Christiano
972 1343 1077 1415 luisse
1104 1343 1237 1432 dicitur,
1265 1343 1329 1418 hoc
1356 1356 1408 1418 est
1434 1345 1576 1420 Laicus:
1595 1349 1637 1420 dc
1701 1351 1765 1402 Hal·
1790 1351 1861 1407 rao.
1889 1352 1962 1406 Aba·

262 1441 367 1535 altero
395 1485 462 1536 non
489 1462 589 1535 modo
617 1460 764 1534 scribunt
791 1483 866 1532 eum
892 1460 1030 1531 Laicum
1056 1457 1177 1548 luisse,
1208 1459 1267 1532 scd
1294 1483 1436 1534 uxorem
1462 1461 1636 1538 hahuisse:
1663 1455 1691 1506 ²²·
1709 1438 1754 1488 ²⁰·

261 1579 349 1649 unde
376 1581 476 1650 etiam
504 1587 576 1651 orta
609 1599 676 1650 non
709 1578 796 1649 levis
831 1578 1000 1648 contentio
1034 1585 1104 1664 cst,
1139 1575 1247 1649 multis
1281 1600 1355 1648 eum
1387 1577 1636 1672 repellentibus

263 1693 494 1787 quianullus,
521 1693 724 1789 inquiebant,
751 1715 771 1763 a
797 1690 839 1762 D.
866 1690 998 1780 Marco,
1025 1711 1131 1786 usque
1158 1690 1199 1763 ad
1226 1691 1282 1763 illa
1309 1701 1460 1789 tempora
1488 1692 1530 1764 ad
1547 1693 1636 1790 Epi-

263 1818 434 1905 scopatum
461 1809 724 1882 Alexandrinum
752 1817 923 1904 promotus
950 1806 1079 1897 luerat,
1111 1809 1175 1879 nisi
1206 1812 1390 1903 nuptiarum
1424 1831 1571 1905 expers,
1604 1821 1638 1882 et

264 1927 318 2020 qui
345 1928 570 2017 virginitatem
598 1924 639 1997 ah
669 1928 802 1996 ineunte
829 1932 938 1995 aetate
965 1932 1150 1995 servasset.
1203 1923 1310 2012 Undex
1326 1924 1516 1996 Demetrius
1544 1927 1636 1996 inte-

262 2044 418 2132 gritatem
445 2063 538 2113 suam
566 2039 607 2113 ab
636 2062 741 2136 opere
767 2038 935 2132 conjugali
962 2037 1122 2110 miraculo
1150 2043 1314 2132 asseruit,
1345 2044 1441 2133 jussa
1467 2063 1576 2113 uxore
1602 2053 1639 2114 ut

262 2179 387 2253 prunas
416 2158 573 2230 ardentes
600 2161 633 2227 in
661 2159 735 2227 sinu
760 2159 866 2230 vestis
898 2159 1197 2247 circumgestaret,
1233 2178 1341 2251 quaml
1364 2153 1533 2229 historiam
1570 2157 1637 2230 de-

263 2276 457 2367 scripsimus
484 2277 518 2344 in
545 2277 613 2344 vita
639 2273 810 2345 Demetrii.
846 2269 1048 2344 Athanasius
1075 2271 1246 2344 Diaconos
1268 2282 1360 2362 erat,
1386 2295 1454 2345 nou
1480 2294 1525 2343 ex
1545 2274 1637 2346 Pre-

264 2387 477 2484 shpterorum
506 2388 661 2480 collegio.

368 2504 521 2578 XXVlll.
557 2505 593 2576 ln
621 2502 738 2576 cadem
765 2501 993 2598 Eutychianae
1020 2501 1179 2575 historiae
1206 2502 1388 2598 particula,
1429 2525 1525 2600 quam
1553 2503 1637 2576 Sel·
1654 2501 1709 2602 „A”
1728 2502 1863 2558 ¹¹¹¹¹⁰¹¹¹¹¹¹¹
1875 2512 1966 2602 J⁸³⁰¹3¹

264 2620 371 2692 denus
405 2620 555 2692 Latinam
587 2618 686 2714 lecit,
730 2622 828 2690 etiam
862 2640 986 2690 novum
1017 2615 1229 2716 παράδοξον
1262 2618 1403 2710 legitur,
1438 2618 1526 2714 quod
1561 2619 1641 2692 nulli
1653 2605 1680 2641 ¹¹¹
1698 2588 1818 2658 *W
1831 2588 1943 2657 E⁹¹⁵⁰⁰¹³
1946 2606 1964 2642 ¹'

263 2746 331 2807 tum
360 2745 474 2807 essent
500 2739 536 2805 in
557 2738 750 2828 provinciis
775 2735 1002 2829 Aeppptiocia
1028 2735 1196 2827 Episcopi
1221 2734 1398 2829 usquead
1423 2735 1640 2807 Demetrium.

264 2850 339 2921 bam
367 2848 409 2921 ah
436 2849 624 2922 Echellensi
652 2849 866 2923 observatum
893 2848 954 2920 fuit
980 2857 1013 2919 et
1040 2873 1059 2922 a
1086 2849 1183 2921 nohis
1211 2853 1244 2920 in
1271 2853 1341 2922 vita
1372 2851 1457 2924 illius
1485 2849 1639 2922 Patriar-

266 2964 372 3052 chac,
400 2965 494 3036 aliter
521 2967 678 3059 scriptum
706 2963 747 3036 ah
775 2963 959 3060 Eutychio,
987 2966 1042 3059 qui
1069 2965 1240 3058 singulare
1266 2971 1388 3038 nomen
1404 2965 1567 3055 adhibet,
1594 2989 1641 3039 ex

266 3103 331 3174 quo
360 3084 523 3176 interpres
550 3079 679 3175 plurale
704 3080 794 3152 iecit.
847 3080 1039 3150 Provincia
1065 3081 1215 3175 Acpppti
1242 3103 1308 3153 non
1335 3091 1436 3153 totam
1454 3085 1639 3175 regionem,

265 3194 326 3268 scd
352 3195 569 3285 Inleriorem,
598 3219 683 3291 quae
711 3196 806 3267 aliter
833 3193 930 3267 Delta
959 3193 1161 3290 appellatur,
1189 3196 1369 3288 significat:
1398 3209 1496 3293 atque
1524 3222 1565 3270 ea
1589 3207 1641 3269 est

266 3333 364 3404 quam
390 3312 554 3408 Aegyptii
589 3314 725 3407 proprie
757 3317 863 3406 Χημι.
899 3312 1083 3407 appellant,
1120 3323 1155 3384 ut
1195 3335 1240 3384 ex
1273 3312 1381 3384 lorma
1416 3313 1641 3409 Epistolarum

266 3424 514 3520 encyclicarum
548 3437 706 3523 apparet,
742 3424 843 3498 scribi
876 3426 1045 3499 solitarum
1079 3439 1157 3522 post
1188 3427 1371 3499 ordinatum
1407 3427 1641 3500 PatrIarcham.

265 3540 303 3613 ln
330 3539 394 3613 illis
421 3545 508 3613 enim
546 3548 652 3637 Χημι
686 3542 895 3634 distinguitur
930 3565 949 3613 a
983 3539 1125 3630 Sahide,
1160 3547 1235 3616 sive
1269 3545 1434 3639 superiori
1468 3544 1640 3639 Aegypto.

265 3655 357 3727 Fieri
384 3661 489 3752 potuit
514 3666 550 3730 ut
576 3657 751 3752 aliquando
778 3679 862 3730 unus
888 3656 1138 3731 Alexandrinus
1164 3656 1355 3755 Episcopus
1382 3669 1483 3730 totam
1497 3657 1641 3730 inierio-

266 3793 338 3842 rem
366 3772 560 3869 Aegyptum
592 3777 738 3862 rexerit,
773 3776 834 3844 etsi
867 3771 900 3843 id
933 3776 1067 3847 omnino
1099 3784 1264 3869 repugnet
1297 3777 1446 3868 ipsorum
1478 3772 1642 3858 Arabum,

270 3890 325 3980 qui
353 3885 518 3982 Eutychio
545 3910 612 3961 non
639 3893 746 3960 miuus
771 3887 869 3960 fidem
896 3899 1083 3978 merentur,
1111 3893 1322 3962 testimoniis:
1351 3889 1427 3961 dum
1441 3890 1589 3963 scribunt
1599 3888 1642 3989 ad

268 4001 466 4075 electionem
501 4003 786 4093 Patriarcharum,
822 4006 877 4099 qui
915 4013 991 4074 ante
1025 4005 1231 4077 Demetrium
1265 4005 1415 4095 fuerunt,
1449 4004 1642 4100 Episcopos

268 4121 480 4192 convenisse.
534 4117 653 4213 Neque
688 4129 753 4190 tam
784 4121 924 4209 insignis
957 4117 1035 4192 lacti
1068 4123 1213 4191 meminit
1249 4121 1400 4193 Severus
1432 4121 1642 4195 Aschmoni-

268 4236 402 4321 nansis,
429 4237 523 4326 cujus
550 4237 708 4305 autoritas
735 4232 903 4328 aequalis,
940 4243 996 4306 aut
1028 4233 1175 4308 fortasse
1202 4239 1355 4333 superior
1382 4246 1442 4308 est
1495 4234 1581 4305 'l'um
1609 4243 1643 4306 et

268 4345 349 4418 illud
382 4347 654 4421 absurdissimum
689 4357 886 4444 sequeretur
926 4360 1043 4422 contra
1079 4355 1222 4423 omnium
1258 4351 1484 4424 Ecclesiamm
1518 4371 1643 4438 mores,

268 4471 305 4533 ut
329 4459 490 4559 Episcopi
517 4463 655 4536 nulliin
688 4466 849 4560 Aegypto
881 4463 1039 4554 hrissent,
1074 4478 1151 4538 ante
1183 4467 1385 4539 Demetrium
1417 4463 1643 4539 Patriarcham

269 4575 534 4650 Alexandrinum
562 4603 581 4650 a
608 4578 822 4676 Presbyteris
850 4580 1052 4655 ordinatum:
1087 4582 1175 4677 quod
1209 4587 1238 4656 si
1269 4581 1453 4654 verisimile
1486 4580 1640 4676 Presby-

270 4695 400 4765 teriano
427 4696 538 4766 visum
564 4703 634 4785 est,
662 4703 697 4765 at
723 4692 875 4767 omnihus
903 4699 957 4790 qui
985 4697 1127 4791 aliquem
1159 4697 1351 4795 discipliuae
1384 4695 1644 4770 Ecclesiasticae

271 4815 403 4898 gustum
430 4806 571 4897 hahent,
597 4831 763 4904 nunquam
790 4809 923 4883 suaderi
954 4815 1094 4908 poterit,
1129 4817 1228 4886 etiam
1263 4817 1292 4886 si
1324 4810 1480 4910 Eutychii
1514 4821 1644 4883 centum

270 4919 306 4992 id
332 4921 501 4997 affirment.
554 4923 637 5010 Quis
664 4927 752 4998 cuim
780 4924 907 4998 dubitet
931 4929 965 4998 in
990 4926 1099 4999 multis
1124 4927 1373 5004 Ecclesiasticis
1392 4930 1503 5001 causis
1519 4948 1644 4998 exem-

270 5036 362 5130 plum
388 5035 563 5111 Ecclesiae
589 5050 656 5112 tam
684 5039 828 5114 celebris
853 5039 1031 5115 valiturum
1056 5039 1173 5117 fuisse·
1186 5053 1302 5118 contra
1316 5043 1525 5140 Episcopos,
1551 5045 1645 5135 cujus
