4686 6060
789 595 1324 674 htuxhuouiuu
1656 596 1730 670 3o3

358 792 472 855 vatum
498 785 702 878 reperimus,
730 786 763 856 in
789 783 982 880 pleriSque,
1017 805 1155 877 quarum
1181 785 1341 854 memoria
1367 775 1549 877 superest,
1586 781 1732 854 electio-

357 898 463 973 nibus.
516 897 602 970 Nam
628 898 878 972 blubamedanis
905 898 989 971 baec
1014 901 1106 970 initio
1134 899 1267 993 buperii
1295 900 1345 970 sui
1371 896 1430 968 lex
1456 901 1637 994 praecipua
1659 897 1732 989 fuit,

227 1005 232 1014 ’
357 1025 393 1086 ιιι
419 1013 627 1088 Christianos
654 1018 890 1109 cujuscumque
916 1025 1051 1104 sectae,
1077 1017 1146 1086 suls
1172 1011 1321 1086 moribus
1341 1016 1468 1085 ¹vivere
1490 1017 1732 1108 permitterent,

357 1152 466 1225 neque
493 1130 536 1201 ab
566 1153 605 1202 ea
632 1141 857 1220 recesserunt,
883 1133 948 1201 nisi
973 1138 1150 1223 postquam
1177 1132 1241 1225 ipsi
1268 1128 1458 1218 Christiani,
1484 1129 1542 1200 vel
1567 1139 1731 1202 sectarum

358 1245 567 1320 diversarum
593 1247 679 1318 inter
705 1269 744 1319 se
769 1248 1004 1342 pugnantium,
1030 1243 1087 1317 vel
1113 1248 1148 1316 in
1175 1245 1293 1316 eadem
1320 1249 1551 1317 communione
1568 1266 1732 1339 quomm-

358 1359 433 1432 dam
459 1358 579 1432 nefarii
604 1372 761 1451 conanus,
795 1361 837 1434 ad
871 1360 1048 1453 dignitates
1076 1359 1319 1454 capessendas,
1353 1359 1517 1434 barbaros
1549 1363 1583 1432 iu
1617 1355 1732 1433 eorum

356 1478 539 1571 perniciem
568 1477 949 1568 armamentarium
976 1497 1022 1548 ex
1047 1475 1184 1548 historia
1209 1475 1440 1548 Alexandrina
1468 1477 1631 1572 exemplis
1664 1500 1733 1572 ap-

356 1601 461 1687 paret.
1507 1642 1511 1646 -

461 1708 585 1780 XXXI.
616 1707 770 1781 Diximus
803 1707 934 1782 vicibus
971 1706 1106 1780 alternis
1132 1707 1362 1780 Alexandriae
1383 1719 1431 1779 -et
1458 1706 1602 1780 Cabirae
1636 1711 1731 1780 cives
1780 1721 2057 1777 Adhraxandrinoset

353 1828 410 1917 jus
438 1823 609 1896 electionis
636 1821 810 1898 babuisse:
838 1823 871 1896 id
897 1846 982 1896 vero
1010 1821 1141 1917 quando
1168 1826 1348 1895 iustitutum
1380 1822 1478 1896 inerit
1507 1846 1575 1897 nou
1601 1822 1733 1898 tradunt
1747 1805 1888 1908 ⁰⁸¹¹¹Jf¹¹¹l⁰⁵
1928 1811 2057 1890 ΨΜ

357 1938 524 2037 historici:
550 1942 691 2033 primum
713 1942 805 2018 ,enim
831 1939 1021 2048 exemplum
1048 1949 1100 2010 est
1126 1940 1159 2008 in
1185 1941 1255 2010 vite
1283 1937 1485 2011 Christoduli
1518 1939 1732 2012 Patriarohae
1745 1904 1876 1962 perimus.

357 2051 477 2126 LXVI.
506 2057 561 2149 qui
587 2053 757 2130 ordinatus
784 2065 836 2126 est
862 2059 953 2127 circa
980 2076 1101 2126 aunum
1125 2052 1156 2124 J.
1185 2052 1223 2126 Ο.
1256 2053 1407 2126 MLVIII.
1442 2054 1533 2127 Illum
1567 2058 1653 2126 emm
1690 2052 1731 2126 ab

357 2168 596 2242 Alexandrinis
623 2170 765 2242 electum
793 2169 907 2243 scribit
932 2169 1131 2257 historicus,
1159 2168 1248 2263 quod
1271 2169 1313 2240 ad
1332 2169 1409 2243 illos
1432 2171 1552 2243 electio
1576 2169 1640 2242 bac
1654 2173 1733 2243 vice

358 2288 549 2380 perimeret.
604 2284 764 2382 (tyrillum
792 2289 865 2378 ejus
892 2306 1123 2359 successorem
1150 2284 1276 2358 blisrae
1311 2289 1405 2358 cives
1439 2289 1513 2380 pari
1541 2289 1618 2379 jure
1654 2284 1758 2386 ele-¹

357 2409 494 2491 gerunt:
530 2423 645 2474 rursus
677 2400 874 2473 Michaelem
908 2404 962 2497 qui
996 2403 1028 2472 ei
1060 2404 1241 2490 successit,
1273 2400 1513 2475 Alexandrini:
1549 2401 1733 2476 Macarium

356 2523 476 2610 postea
504 2512 673 2588 Cabirani:
708 2538 828 2589 verum
863 2519 935 2610 ejus
971 2538 1204 2590 successorem
1241 2514 1433 2590 Gabrielem
1464 2518 1565 2590 lilium
1598 2516 1733 2606 Tarich,

358 2631 465 2703 adbuc
489 2631 590 2704 iidem
616 2633 806 2731 elegerrmt,
833 2643 869 2704 ut
896 2631 1078 2707 observant
1097 2631 1262 2723 historici,
1290 2633 1379 2707 nulla
1395 2636 1526 2707 ratione
1545 2634 1732 2726 designata,

358 2768 418 2818 cur
444 2751 638 2821 successive
664 2747 746 2821 duas
774 2746 815 2819 ad
843 2769 882 2822 se
913 2747 1096 2822 electiones
1130 2748 1308 2822 traherent
1335 2750 1532 2840 Rationem,
1564 2771 1610 2820 ex
1643 2772 1732 2821 con-

353 2866 484 2955 jecture
510 2875 620 2936 tamen
646 2875 791 2953 tantum,
822 2863 908 2937 banc
938 2867 972 2935 in
1007 2863 1162 2960 Epitome
1197 2877 1313 2938 nostra
1351 2868 1608 2962 proposuimus,
1642 2862 1732 2959 quod

357 2978 578 3052 Alexandrini
610 2980 778 3053 biennium
813 2991 856 3074 et,
882 2979 1021 3077 amphus
1055 2980 1122 3053 labi
1154 2985 1249 3077 passi
1279 2980 1439 3071 luissent,
1480 2992 1657 3076 antequam
1690 2979 1732 3050 de

358 3095 534 3168 candidato
560 3095 780 3192 proponendo
807 3099 893 3168 iuter
919 3119 980 3170 eos
1013 3099 1248 3185 convenisset,
1285 3120 1351 3192 quo
1382 3106 1579 3191 praetextu,
1614 3106 1665 3186 et,
1697 3104 1734 3164 nt

357 3212 539 3284 verisimile
567 3223 638 3302 est,
665 3234 740 3284 cum
767 3211 877 3306 obque
903 3210 1116 3286 fundamento
1144 3236 1190 3284 ex
1216 3225 1354 3307 recepta
1380 3216 1466 3285 inter
1493 3235 1554 3285 eos
1578 3231 1730 3284 consue-

357 3326 488 3416 tudine,
516 3325 661 3399 Gabinae
687 3331 801 3416 cives,
828 3349 902 3398 eam
930 3325 1124 3400 electionem
1157 3327 1439 3402 consentientibus
1467 3327 1644 3425 Episcopis
1671 3323 1731 3395 f-

359 3429 493 3516 cissent.
546 3444 706 3518 Poterant
732 3445 832 3515 etiam
857 3441 957 3515 facile
982 3442 1209 3516 Jacobitarum
1235 3447 1416 3539 primoreS,
1451 3447 1507 3540 qui
1524 3446 1574 3538 ‚iu
1608 3442 1731 3516 Officiis

360 3560 477 3633 domus
503 3559 731 3648 Sultanorum,
758 3559 992 3653 Divanisque,
1020 3581 1080 3630 seu
1106 3559 1299 3634 Ministeriis
1332 3560 1448 3633 ardicis
1481 3581 1618 3631 munera
1655 3581 1732 3630 am-

357 3675 507 3771 plissima
534 3672 760 3770 occupabant,
787 3675 962 3747 autoritate
988 3677 1193 3771 principum,
1226 3675 1300 3772 plus
1323 3679 1407 3767 juris
1433 3669 1597 3772 usurpare
1634 3696 1732 3770 quam

359 3790 423 3866 sibi
448 3799 664 3885 competeret.

462 3906 601 3978 XXXII.
659 3905 860 4002 Exemplum
891 3909 1022 3979 unicum
1058 3909 1202 3980 occurrit
1236 3907 1409 3981 electionis
1449 3929 1510 4003 per
1544 3905 1731 3981 blonucbos
1782 3913 1933 3981 Exemplum
1948 3913 2058 3966 erecto.

358 4022 485 4112 factae,
511 4022 619 4094 blarci
645 4019 700 4096 filii
727 4021 859 4096 Zaraae
885 4021 1096 4095 Patriurcbae
1120 4022 1272 4095 LXXIII.
1300 4021 1343 4095 ad
1378 4045 1480 4118 quos,
1516 4027 1561 4096 ait
1592 4023 1733 4096 histori-
1766 4002 1885 4140 ffimg’f‘
1919 3997 2058 4054 ”⁰⁰⁸⁶l0'

360 4159 420 4210 cus
447 4142 519 4231 ejus
546 4141 659 4227 vitae,
686 4149 763 4210 tunc
787 4137 984 4235 pertinebat.
1038 4139 1165 4210 Verum
1190 4138 1224 4209 id
1250 4142 1348 4213 anino
1375 4139 1432 4213 illo
1460 4139 1617 4234 exemplo
1646 4163 1734 4213 con-

360 4265 452 4326 stare
477 4275 545 4326 uou
570 4265 698 4350 potest:
726 4278 800 4327 cum
826 4277 934 4349 neque
961 4253 1178 4345 Abulbircat,
1204 4276 1313 4350 neque
1340 4253 1566 4344 Ebnassalus,
1593 4269 1650 4330 aut
1681 4257 1735 4329 alii

362 4373 416 4466 qui
441 4371 537 4462 leges
565 4370 763 4444 electionum
788 4370 863 4444 fuse
891 4379 1137 4466 exposuerunt,
1171 4391 1231 4444 eas
1263 4370 1439 4465 abquando
1474 4370 1516 4442 ad
1548 4370 1734 4444 Monachus

360 4489 559 4583 pertinuisse
586 4490 790 4581 scripserint.
834 4487 904 4558 Aut
928 4490 1029 4578 igitur
1055 4486 1119 4560 ins
1147 4509 1310 4560 concessa
1336 4499 1389 4560 est
1416 4485 1560 4578 ebgendi
1581 4487 1734 4558 Patriar-

360 4602 457 4675 cbam
482 4613 650 4697 potestas,
678 4601 805 4699 absque
830 4603 907 4677 ullo
925 4608 1067 4698 partium
1094 4603 1318 4699 praejudicio,
1345 4613 1401 4675 aut
1428 4605 1504 4699 quia
1532 4602 1574 4674 ad
1600 4601 1636 4675 S.
1654 4601 1735 4674 bla—

361 4721 443 4790 carii
469 4716 709 4792 Mohasterium
735 4722 867 4792 comitia
894 4718 1138 4816 Episcoporum
1165 4718 1390 4808 habebantur,
1425 4723 1459 4790 in
1486 4722 1736 4807 sententiarum,

361 4833 610 4929 studiorumque
638 4833 832 4908 diversitate
859 4836 970 4908 datum
995 4836 1060 4910 illis
1088 4848 1152 4926 est,
1178 4846 1214 4908 ut
1240 4858 1337 4930 quem
1363 4837 1428 4933 ipsi
1454 4835 1735 4928 designaremus

363 4954 507 5024 omnium
532 4955 622 5024 votis
649 4951 856 5025 salutaretur.
909 4953 999 5023 Fieri
1027 4956 1124 5024 etism
1151 4955 1257 5047 potuit
1282 4963 1330 5043 ut,
1358 4952 1489 5048 quando
1513 4951 1644 5048 quidem
1663 4951 1735 5042 j'am

363 5065 404 5140 ab
433 5090 475 5140 eo
501 5078 652 5164 tempore
681 5067 885 5142 consuetudo
912 5067 1109 5157 invaluerat,
1136 5067 1348 5142 Patriarcbas
1371 5091 1417 5140 ex
1433 5067 1549 5142 ordine
1571 5068 1734 5160 religioso

387 5205 501 5250 ramosi.
1476 5187 1524 5260 62
