4686 6060
686 511 1225 633 uuuxunoarno.
1471 512 1635 586 ,377

257 717 407 779 autnon
434 707 603 776 coronatis
630 699 866 790 nascebantur,
893 699 981 795 quod
1009 699 1236 774 diversitatem
1261 698 1419 772 natalimn
1445 721 1514 771 non
1538 699 1636 773 unius

257 824 395 914 generis
430 817 628 896 includebat.
681 816 769 890 Nam
803 826 985 888 coronatae
1020 827 1144 888 matres
1176 814 1368 888 dicebantur
1408 838 1494 909 quae
1528 818 1636 910 primo

257 937 468 1008 matrimonio
495 933 752 1027 conjungendae
778 931 1083 1004 benedicebantur:
1111 934 1146 1002 in
1160 952 1227 1004 uon
1241 937 1476 1003 coronatarum
1492 928 1636 1004 classem

257 1052 442 1124 veniebant
466 1059 600 1147 praeter
632 1045 851 1138 multinubus,
878 1044 1105 1136 concubinae,
1138 1049 1352 1133 meretrices3
1379 1055 1412 1116 et
1439 1048 1636 1139 quicumque

259 1188 306 1238 ex
339 1165 460 1238 tabbus
486 1175 582 1237 natus
610 1173 723 1250 esset,
759 1161 800 1234 ab
839 1159 1017 1234 Ordinibus
1053 1158 1313 1250 excludebatur,
1345 1160 1446 1233 multo
1479 1163 1635 1252 magisa

259 1303 416 1376 supremo
444 1279 642 1352 sacerdotio.
693 1279 852 1350 Attamen
888 1279 1021 1348 cumino
1058 1299 1104 1347 ex
1135 1273 1279 1366 bigamis
1311 1274 1505 1371 parentibus
1537 1287 1635 1348 natus

257 1419 326 1468 non
354 1394 606 1482 excludebatur,
633 1394 694 1466 sed
721 1403 858 1480 tautum,
891 1393 945 1486 qui
972 1413 1019 1462 ex
1044 1400 1149 1462 matre
1176 1390 1290 1464 alteris
1321 1393 1443 1485 nuptiis
1470 1388 1635 1485 copulata.

258 1512 347 1584 Nam
371 1513 405 1582 in
430 1514 501 1583 vita
527 1510 667 1582 Macarii
692 1509 813 1580 LXlX.
840 1505 1053 1579 Patriarchae
1080 1505 1203 1598 legitur
1229 1506 1328 1600 quod,
1355 1529 1430 1577 curu
1457 1528 1575 1578 omnes
1602 1508 1636 1578 iu

259 1621 331 1720 ejus
359 1625 557 1698 electionem
584 1627 855 1711 consensissent,
889 1632 922 1693 et
952 1624 1047 1693 missi
1079 1621 1221 1694 luissent
1248 1626 1304 1716 qui
1330 1644 1406 1694 eum
1434 1621 1639 1696 adducerent

260 1764 307 1814 ex
333 1740 540 1813 llonasterio
568 1739 604 1812 S.
631 1739 783 1828 blacarii,
809 1741 949 1832 ipseque
985 1735 1070 1808 hanc
1105 1736 1295 1828 dignitatem
1330 1737 1483 1830 fugeret,
1516 1739 1638 1810 dixerit

259 1879 298 1930 se
325 1857 406 1948 eligi
432 1855 613 1928 secumdum
640 1853 797 1926 Canones
823 1875 891 1925 non
917 1874 1033 1948 posse,
1062 1852 1328 1947 quandoquidem
1361 1861 1459 1926 uatus
1492 1864 1566 1926 erat
1590 1875 1637 1924 ex

259 1970 409 2046 secundo
437 1973 607 2062 conjugio,
635 1973 729 2061 cujus
756 1979 866 2042 tamen
894 1966 1043 2040 deiectus
1069 1966 1158 2040 nulla
1183 1971 1269 2040 ratio
1296 1966 1409 2040 habita
1435 1979 1496 2040 est

363 2085 451 2158 LIV.
479 2086 592 2156 Tertia
619 2096 814 2156 recensetur
833 2086 966 2182 *sanitas
985 2087 1148 2177 corporis,
1175 2083 1465 2177 membrorumque
1492 2087 1657 2189 omnium·
1685 2091 1785 2189 sanum
1803 2094 1919 2161 corpora
1937 2101 1964 2147 et

260 2204 448 2292 integritas,
476 2199 561 2272 adeo
587 2212 623 2272 ut
649 2222 757 2294 neque
783 2197 909 2272 morbis
936 2202 1124 2293 perpetuis,
1151 2202 1236 2272 sicut
1253 2200 1368 2294 lepra,
1397 2199 1511 2272 etalii
1539 2184 1791 2291 ejus-¹⁰‘⁶i¹¹¹⁸³·

261 2315 370 2404 modi,
404 2314 572 2387 obnoxius
604 2313 703 2400 foret,
730 2335 841 2409 neque
867 2312 994 2384 infirma
1021 2313 1106 2384 adeo
1126 2313 1327 2402 valetudine,
1355 2325 1390 2387 ut
1404 2318 1515 2386 omnia
1530 2315 1637 2388 ollicia
1750 2324 1754 2332 '

213 2475 219 2488 ·
261 2454 323 2504 sua
349 2419 517 2524 peragere
542 2452 610 2502 non
636 2439 762 2524 posset.
815 2429 886 2502 buo
914 2432 943 2500 si
970 2433 1004 2501 iu
1030 2427 1180 2504 morbum
1215 2429 1367 2520 foedum,
1394 2432 1636 2521 contagiosum,

262 2557 318 2618 aut
343 2543 561 2617 incurabilem
588 2544 768 2633 decideret,
796 2543 1020 2640 deponi.eum
1046 2566 1150 2640 posse
1176 2543 1291 2618 scribit
1316 2543 1534 2619 Ebnassalus.

366 2660 437 2732 LV.
466 2660 603 2748 Quarta,
630 2670 725 2732 aetas
753 2682 914 2732 annorum
940 2671 975 2732 ut
996 2662 1163 2731 minimum
1179 2649 1426 2756 quinquaginta,
1449 2661 1636 2754 junioribus
1684 2674 1771 2730 nera.

262 2777 420 2864 exclusis,
449 2785 516 2848 tum
542 2774 631 2870 qu'od
654 2780 812 2868 juventus
839 2775 882 2846 ad
908 2779 989 2847 vitia
1016 2778 1154 2869 pronior
1181 2778 1234 2864 sit,
1262 2787 1328 2850 turn
1356 2775 1400 2850 ob
1422 2780 1639 2851 necessariae

262 2894 491 2989 experientiae
518 2890 694 2963 defectum.
723 2892 807 2965 Cum
834 2892 876 2962 de
904 2890 1059 2983 eligendo
1086 2890 1255 2980 Macaria,
1288 2892 1330 2962 de
1365 2916 1431 2987 quo
1466 2917 1548 2966 mox
1581 2893 1638 2964 di-

261 3011 383 3095 ximuS,
411 3007 582 3080 consilium
608 3006 807 3102 haberetur,
827 3006 920 3078 multi
945 3007 1109 3079 loannem
1134 3005 1334 3080 lllonachum
1357 3013 1480 3082 virtute
1507 3009 1637 3083 doctri·-

261 3145 372 3217 naquc
400 3123 662 3195 commendatum
688 3122 937 3219 proponebant,
966 3132 999 3194 at
1026 3125 1102 3216 quia
1116 3125 1229 3215 junior
1256 3126 1541 3218 quinquagenario
1556 3137 1639 3212 crat,

262 3237 430 3331 repulsam
456 3238 538 3327 tulit,
565 3237 800 3334 praelatusque
828 3249 880 3310 est
906 3235 1083 3322 blacarius.
1114 3236 1250 3310 Electus
1277 3249 1387 3312 tamen
1413 3239 1474 3312 fuit
1501 3238 1639 3312 Gabriel
1760 3245 1767 3264 '

262 3351 301 3421 F.
333 3351 456 3425 Tarich
493 3375 579 3426 auno
617 3358 735 3428 aetatis
771 3354 831 3426 117,
869 3351 1008 3446 Repulsi
1048 3375 1181 3446 quoque
1217 3353 1372 3445 leguntur
1407 3355 1554 3428 nonnulli
1594 3353 1637 3427 ob

238 3479 404 3540 ‘aetatem
432 3469 643 3566 decrepitam.

365 3583 452 3655 LVl.
481 3585 602 3671 Quinta
629 3584 786 3674 conditio,
812 3594 849 3656 ut
874 3587 973 3676 virgo
1001 3587 1054 3671 sit,
1081 3605 1148 3655 non
1175 3584 1275 3658 modo
1302 3585 1391 3657 nullo
1419 3586 1528 3657 earnis
1548 3605 1637 3679 pec-

264 3709 351 3788 cato,
380 3709 436 3770 aut
468 3699 640 3790 illegitimo
677 3721 863 3792 congressu
898 3699 1093 3788 maculatus,
1129 3699 1190 3772 sed
1224 3703 1358 3772 omnino
1392 3703 1538 3793 conjugii
1566 3722 1636 3771 ex-

139 3873 142 3880 ,
263 3835 357 3908 pers:
386 3836 450 3907 qua
476 3817 605 3886 ratione
632 3814 843 3904 factumest,
871 3827 906 3887 ut
932 3814 1065 3888 tandem
1078 3814 1420 3887 omnesPatriarchae
1447 3837 1493 3886 ex
1521 3814 1638 3886 ordine

263 3927 451 4000 Monostico
479 3941 736 4017 assumerentur,
764 3929 852 4024 quod
879 3934 949 4023 jam
976 3928 1097 4024 ubique
1122 3928 1229 4001 lerme
1254 3931 1399 4020 obtinet,
1426 3953 1512 4024 quae
1539 3934 1639 4002 etiam

265 4043 411 4116 conditio
437 4044 647 4138 postmodum
675 4045 809 4140 reliquis
837 4048 992 4133 accessit,
1021 4056 1054 4118 et
1081 4045 1123 4116 de
1150 4069 1192 4118 ea
1219 4045 1347 4118 dicetur
1372 4044 1519 4117 inferius.
1551 4045 1637 4118 Nam

266 4171 432 4233 uxoratos
460 4182 576 4233 omnes
604 4159 798 4233 sacerdotes
826 4172 882 4232 aut
906 4160 1165 4234 Ecclesiasticus
1189 4161 1377 4234 excludunt.
1403 4162 1639 4234 vetustissima

267 4296 351 4347 sane
379 4275 466 4370 apud
494 4271 645 4373 Coptitas
679 4276 809 4349 traditio
842 4286 914 4367 est,
950 4300 1048 4371 quam
1082 4277 1230 4352 referunt
1264 4277 1415 4352 Severus
1450 4277 1639 4374 Episcopus

267 4389 474 4464 Aschmonin
501 4400 535 4462 et
562 4391 629 4481 alii,
656 4391 698 4462 de
724 4393 895 4464 Demetrio
924 4393 1119 4482 scribentes,
1153 4398 1208 4489 qui
1235 4394 1352 4468 ordine
1387 4405 1439 4467 est
1464 4395 1537 4468 ΧΠ.
1565 4417 1640 4467 cum

268 4504 448 4579 aJuliano
477 4506 659 4580 decessore
688 4530 749 4580 suo
777 4506 971 4599 designatus
990 4520 1092 4598 esset,
1121 4520 1276 4605 tanquam
1285 4509 1477 4604 pontificatu
1504 4509 1638 4603 dignis-

269 4623 401 4714 simus,
428 4629 527 4716 atque
562 4625 707 4694 maxima
739 4646 819 4718 pars
847 4627 881 4694 in
908 4627 980 4715 ejus
1013 4625 1210 4696 electionem
1238 4629 1484 4717 consensisset,
1517 4624 1639 4698 multos

269 4735 488 4826 reclamasse,
516 4738 604 4833 quod
631 4760 772 4810 uxorem
799 4738 956 4810 haberet:
983 4743 1213 4835 neminemque
1241 4764 1261 4812 a
1288 4739 1329 4810 D.
1356 4740 1463 4812 Marci
1489 4750 1639 4836 tempore

268 4850 496 4924 Patriarcham
521 4852 638 4943 luisse,
666 4856 721 4949 qui
746 4876 814 4927 non
839 4855 1065 4945 virginitatem
1091 4863 1282 4946 servasset,
1318 4880 1416 4951 quam
1451 4859 1640 4930 Demetrius

270 4965 432 5040 miraculo
460 4965 701 5062 comprobavit.
734 4969 782 5041 lta
809 4967 931 5042 sactum
952 4980 1126 5066 postquam
1147 4969 1256 5044 Minas
1290 4993 1351 5044 seu
1384 4974 1525 5048 biennes
1551 4973 1640 5045 LXI.
