4670 6046
573 566 576 575 “
687 604 763 678 ase
1152 604 1583 688 oouuuarnarus

685 805 753 850 nam
775 788 805 851 in
828 787 961 872 Litargia
988 788 1098 871 triplici
1128 805 1216 871 quam
1242 789 1368 854 hubent:
1397 791 1427 854 iu
1457 789 1612 858 Thesauro
1642 811 1766 877 precum
1796 795 2046 877 quotidianarum,

685 905 741 951 sea
762 887 948 972 Horologio,
971 888 1072 970 hymni
1094 889 1177 952 multi
1199 891 1236 953 ad
1259 908 1324 953 eam
1347 898 1519 972 oocurrrmt,
1542 893 1640 956 sedin
1656 893 1765 975 quibus
1780 912 1901 975 semper
1916 895 2047 960 Christi-

681 1003 763 1064 pora
784 988 970 1068 appellatur:
993 1007 1071 1071 quae
1092 997 1163 1052 nota
1186 989 1264 1054 illius
1288 996 1391 1052 sectae
1420 990 1584 1054 indubitata
1613 999 1668 1057 est.
1718 991 1831 1056 Multae
1858 1012 1979 1077 quoque
2009 996 2046 1060 ad

684 1085 841 1166 Virginem
864 1089 1016 1152 orationes
1044 1096 1208 1152 occumunt
1235 1089 1267 1152 in
1293 1087 1499 1152 ldelchitarum
1528 1089 1696 1174 Horologio
1728 1091 1802 1156 Fani
1830 1093 1927 1174 edito,
1957 1102 1988 1158 et
2015 1097 2047 1158 in

683 1187 894 1268 manuscriptis
917 1186 1051 1270 ejusdem
1073 1187 1141 1251 libri
1163 1185 1335 1252 codicibus.
1379 1187 1527 1271 Imagines
1549 1190 1616 1273 ejas
1638 1190 1756 1270 colunt,
1781 1198 1812 1254 et
1834 1191 1944 1256 multoe
1965 1195 2046 1257 anti·

684 1285 843 1364 quissinae
863 1287 1056 1367 reperiuntur
1076 1286 1190 1364 adhuc,
1217 1289 1248 1349 in
1269 1287 1364 1350 ruinis
1391 1295 1526 1352 veterum
1555 1288 1760 1353 Ecclesiamrm
1791 1290 1967 1372 Thebaidis,
1995 1292 2046 1356 ubi

682 1382 778 1466 Virgo
800 1394 1046 1467 repraesentatur
1067 1386 1158 1450 lilium
1178 1387 1209 1449 in
1231 1387 1298 1450 sinu
1320 1394 1462 1471 gestans,
1490 1396 1524 1451 ut
1544 1390 1583 1452 da
1605 1388 1703 1454 multis
1732 1396 1855 1469 notant,
1883 1407 1945 1454 non
1972 1393 2044 1456 satis

682 1485 770 1566 gnari
793 1485 862 1565 quid
893 1486 969 1548 istae
997 1486 1143 1568 imagines
1171 1484 1376 1570 significarent
1400 1487 1579 1568 biabrizius,
1608 1488 1770 1552 liazuinius
1798 1489 1908 1552 etalii
1936 1491 2045 1555 liuha-

683 1581 810 1646 medani
854 1583 1095 1665 Antiquissimum
1117 1584 1284 1648 Ecclesiam
1305 1584 1403 1650 eidem
1426 1586 1554 1650 diamani
1575 1596 1681 1652 extare
1702 1589 1800 1652 adbuc
1816 1607 1873 1654 suo
1895 1597 2043 1672 tempore,

682 1681 741 1746 boc
764 1690 811 1746 est
833 1682 1010 1748 duodecimo
1033 1685 1156 1749 saeculo
1169 1683 1306 1747 Mirtooti
1326 1685 1449 1761 dicum,
1471 1685 1566 1749 refert
1585 1686 1739 1752 Abuselah
1742 1687 1858 1769 ,idque
1841 1690 2043 1796 *significare

681 1793 880 1860 manantia·
897 1796 986 1858 Verbi
989 1814 1119 1878 ,nempe
1134 1812 1209 1858 voce
1224 1803 1376 1878 corrupta,
1389 1817 1429 1859 ox
1445 1796 1568 1860 Graecis
1582 1797 1762 1862 abbrevians
1774 1774 1880 1863 ΙῙΞΗΡ
1896 1819 1955 1864 coo
1942 1797 2042 1865 ΘΥ.

681 1893 789 1956 Multas
811 1903 953 1958 recenset
974 1895 1167 1958 biabrizius
1158 1914 1189 1959 nn
1212 1896 1425 1979 Topograpbia
1446 1896 1598 1978 Aogppli,
1628 1916 1752 1979 quarum
1780 1897 1923 1980 frequens
1946 1900 2043 1962 estin

683 1991 919 2058 Christianorum
942 1994 1026 2058 libris
1049 1997 1202 2062 memoria.
1235 1995 1317 2058 Festi
1330 1995 1394 2058 dies
1417 1996 1561 2059 diversi
1552 2015 1582 2059 ιιι
1600 1996 1744 2061 honorem
1754 1997 1915 2079 Deiparae,
1938 1999 2043 2079 quales

684 2093 763 2174 apud
786 2093 920 2158 Graecos
943 2103 974 2158 et
997 2093 1075 2175 apud
1098 2113 1163 2158 nos.
1206 2095 1255 2157 De
1277 2113 1390 2158 summa
1412 2097 1478 2178 ejus
1499 2096 1660 2178 dignitate,
1684 2097 1764 2178 quod
1786 2098 1842 2159 Dei
1869 2104 1967 2161 mater
1994 2099 2042 2174 sit,

683 2200 787 2255 extant
824 2194 958 2276 insignes
989 2193 1144 2258 Tractatus
1178 2193 1365 2257 diversorum
1396 2194 1634 2278 Theologorum3
1666 2196 1746 2260 inter
1774 2197 1849 2259 alios
1882 2195 2043 2260 Abrabami

680 2291 820 2354 Monacbi
850 2293 1090 2370 Tiberiadensis,
1124 2293 1194 2356 Abu
1221 2293 1347 2355 Raithae
1377 2293 1580 2371 Talrriteusis,
1612 2294 1717 2358 Jahiae
1745 2297 1810 2358 sive
1838 2294 1965 2358 loannis
1992 2296 2042 2361 lilii

681 2391 860 2470 Zachariae,
884 2390 990 2456 Severi
1010 2393 1154 2474 Episcopi
1176 2392 1376 2472 Ascbmoniu,
1399 2391 1465 2456 Isae
1488 2393 1539 2456 lilii
1553 2394 1677 2474 Zaraac,
1700 2395 1751 2476 qui
1771 2413 1875 2458 ornnes
1888 2392 2042 2456 Jacobitao

680 2489 817 2570 luerunt,
841 2498 964 2572 praeter
987 2511 1023 2554 ea
1047 2509 1125 2573 quae
1148 2491 1186 2555 de
1208 2490 1268 2554 boc
1291 2499 1467 2574 argumento
1488 2495 1611 2575 scripsit
1630 2493 1813 2558 Ebnassalus
1836 2485 2042 2574 in'Principiis

568 2649 572 2657 .
681 2589 750 2652 bdei
773 2596 837 2653 toto
861 2610 927 2673 cap.
950 2590 1003 2656 t5.
1026 2591 1203 2673 Eutycbium
1215 2591 1450 2656 Alexandrinum
1473 2600 1504 2656 et
1521 2592 1716 2656 Orthodoxos
1738 2594 1813 2657 alios
1835 2595 2042 2674 praeterimus.

679 2689 775 2752 Nemo
799 2708 872 2753 sane
895 2691 1064 2754 orientales
1087 2693 1239 2754 accusavit
1261 2691 1341 2773 quod
1362 2690 1517 2772 legitimis,
1544 2693 1594 2773 qui
1616 2693 1765 2774 Deiparae
1794 2693 1959 2771 debentur,
1982 2691 2039 2754 bo·

681 2788 806 2852 naribus
830 2789 989 2854 deessent:
1024 2791 1107 2853 multi
1128 2790 1208 2872 quod
1238 2807 1276 2854 eo
1298 2793 1329 2855 in
1351 2791 1433 2854 cultu
1461 2790 1579 2855 modum
1600 2791 1758 2873 aliquando
1781 2791 1978 2870 excederent,
2008 2797 2040 2853 et

681 2888 718 2951 ad
740 2890 984 2970 superstitionem
1006 2907 1102 2971 usque
1124 2890 1341 2971 procederent;
1365 2908 1442 2972 quae
1464 2893 1617 2954 accusatio
1639 2891 1830 2955 fundamento
1858 2909 1917 2955 non
1946 2894 2038 2952 caret.

678 2989 754 3051 Nam
775 2987 886 3052 habent
907 2995 1028 3070 praeter
1050 2987 1142 3052 libros
1165 3007 1242 3071 quos
1264 2990 1504 3075 designavimus,
1527 2992 1578 3071 qui
1599 3010 1616 3053 a
1640 2990 1775 3054 doctrina
1796 3009 1869 3054 sana
1885 3007 2038 3053 commen-

679 3087 744 3151 dari
766 3096 910 3169 possunt,
933 3087 1062 3151 inlinitos
1086 3087 1159 3150 alios
1181 3087 1288 3152 iabubs
1312 3097 1343 3152 et
1364 3087 1627 3168 superstitionibus
1643 3090 1822 3170 inqubratos,
1845 3109 1885 3152 ex
1907 3106 2038 3170 apocry-

679 3188 806 3270 phorum
828 3186 913 3250 laece
937 3186 1083 3251 collectis.

377 3281 518 3351 ⁸¹¹¹¹¹t¹¹
533 3282 600 3350 ῬΜ
613 3279 667 3335 0⁰·
767 3287 943 3352 Sanctorum
965 3289 1016 3368 qui
1038 3289 1068 3350 in
1088 3285 1245 3370 Diptychis
1267 3295 1537 3350 commemorantur
1558 3288 1678 3352 diversa
1700 3290 1777 3351 ratio
1792 3295 1849 3368 est,
1871 3294 1940 3352 suut
1961 3287 2036 3350 enim

359 3457 409 3505 itti.

359 3368 434 3433 ΡΜ
465 3383 666 3423 ⁰⁰¹¹¹¹¹¹⁰¹¹¹⁰¹⁸¹¹·
680 3406 806 3471 quorum
829 3388 971 3450 sanctitas
992 3385 1070 3468 apud
1093 3403 1198 3450 omnes
1219 3386 1372 3450 Ecclesias
1396 3386 1599 3450 commendata
1622 3395 1671 3450 est
1691 3388 1868 3469 antiquitas,
1896 3395 1930 3450 ut
1950 3386 2036 3468 Apo-

679 3487 842 3565 stolorum,
865 3485 1051 3567 Martyrum,
1075 3494 1105 3549 et
1126 3485 1282 3550 Ecclesiae
1305 3485 1487 3566 Doctorum,
1517 3489 1568 3568 qui
1598 3493 1666 3550 ante
1695 3486 1828 3551 Consilia
1857 3485 2035 3568 Ephesinam

678 3594 710 3650 et
728 3585 991 3650 Calchedonense
999 3585 1173 3648 floruerunt.
1217 3585 1448 3668 Praecipuorum
1469 3586 1587 3649 illorrun
1603 3588 1721 3650 nomina
1735 3586 1813 3668 apud
1825 3603 1929 3649 omnes
1942 3584 2035 3648 lemno

676 3685 829 3750 Ecclesias
853 3691 1135 3762 commemorantur,
1157 3703 1219 3747 nou
1241 3692 1338 3748 tamen
1362 3687 1502 3765 omnium,
1525 3686 1554 3749 id
1566 3687 1644 3749 enirn
1657 3685 1800 3748 inlinitum
1810 3685 1900 3750 foret.
1929 3686 2035 3748 Postea

676 3805 752 3850 vero
774 3786 961 3866 Nestoriani,
984 3784 1082 3848 nullos
1106 3785 1156 3866 qui
1178 3784 1234 3848 sibi
1256 3786 1286 3846 in
1313 3781 1478 3847 damnanda
1505 3783 1625 3848 haeresi
1653 3803 1708 3848 sua
1738 3786 1878 3847 contrarii
1907 3784 2034 3862 luerunt,

678 3887 819 3948 memoria
850 3885 957 3968 dignm
983 3885 1204 3968 judicaverunt.
1253 3884 1357 3966 ltaque
1392 3886 1503 3948 sanctis
1533 3884 1669 3948 omnibus
1699 3882 1882 3948 orthodoxis
1911 3883 2035 3966 postho-

677 3986 765 4062 bitis,
797 3985 856 4048 duo
881 3985 1007 4048 aliorum
1033 4002 1148 4068 genera
1177 3984 1409 4063 substinuerunt,
1444 4001 1499 4047 eos
1527 4002 1635 4065 nempe
1664 4001 1741 4066 quos
1769 3985 1872 4046 Patres
1903 3983 2033 4046 Graecos

678 4084 848 4168 appellant,
869 4083 1034 4146 Diodorum
1064 4083 1262 4162 Tarsensem,
1293 4083 1484 4147 Theodorum
1512 4080 1774 4165 Mopsuestenum,
1807 4083 1978 4146 Nestorium
2004 4089 2035 4145 et

677 4183 822 4266 quosdam
842 4183 900 4246 illis
923 4184 1113 4266 conjunctos3
1136 4190 1196 4245 tum
1220 4200 1274 4246 eos
1297 4183 1347 4264 qui
1370 4181 1438 4264 Syri
1461 4183 1564 4246 Patres
1581 4182 1779 4265 appellantur,
1801 4199 1910 4263 nempe
1932 4200 2034 4245 eorum

677 4284 856 4366 discipulos,
879 4300 1005 4364 quorum
1027 4282 1118 4363 aliqui
1140 4280 1319 4346 Catbodram
1342 4280 1568 4346 seleuciensem
1594 4289 1771 4362 tenuerunt,
1799 4291 1831 4346 et
1860 4299 1937 4364 quos
1963 4299 2035 4346 suae

678 4391 782 4447 sectae
804 4401 960 4466 supremos
983 4383 1139 4446 Antistites
1162 4384 1232 4446 olim
1253 4385 1432 4448 babuerunt.
1473 4382 1543 4444 Pari
1565 4379 1653 4445 modo
1675 4380 1829 4446 Jacobitae
1850 4389 1923 4464 post
1952 4381 2034 4446 Con-

678 4483 777 4546 cilium
799 4482 1046 4548 Calchedonense
1068 4483 1106 4546 ab
1127 4483 1265 4547 Ecclesia
1287 4483 1485 4557 secedentes,
1508 4482 1586 4543 sicut
1606 4479 1779 4544 Nestoriani
1800 4479 1944 4563 cyrillum
1965 4482 2033 4544 diris

677 4589 708 4646 et
737 4581 970 4646 anathematibus
999 4578 1204 4662 devovenmt,
1233 4585 1273 4646 ita
1309 4583 1366 4664 ipsi
1397 4580 1529 4644 Leonem
1561 4579 1742 4659 Romanum,
1773 4589 1803 4643 et
1832 4581 1882 4662 qui
1911 4582 1941 4644 in
1970 4581 2033 4664 ejus

678 4683 884 4745 commuuione
907 4680 1044 4760 brcrunt,
1067 4699 1122 4763 pro
1144 4681 1305 4744 haereticis
1327 4682 1487 4760 habentes,
1510 4680 1704 4760 Dioscorum,
1735 4680 1880 4744 Severum
1908 4688 1940 4743 et
1962 4681 2032 4743 alios

676 4778 861 4844 Jacobiticae
882 4781 1018 4844 haeresis
1041 4779 1219 4845 defensores
1250 4788 1280 4844 et
1306 4787 1545 4862 propagatores,
1572 4781 1601 4841 in
1623 4779 1798 4844 Sanctorum
1827 4797 1953 4842 numero
1979 4779 2032 4842 Di·

675 4879 794 4962 ptychis
818 4882 1019 4944 inseruerunt.
1062 4880 1111 4943 De
1133 4881 1198 4944 istis
1221 4900 1296 4944 vero
1318 4879 1478 4943 notissimis
1502 4877 1571 4940 nihil
1594 4879 1786 4962 singulariter
1816 4877 2032 4942 observandum

676 4985 741 5042 est:
764 4988 794 5041 at
817 4980 847 5040 in
870 4979 934 5042 aliis
957 4995 1083 5059 quorum
1106 4978 1280 5059 obscurior,
1302 4979 1481 5062 praesertim
1503 4977 1582 5061 apud
1605 4977 1737 5041 Graecos
1762 4985 1792 5041 et
1814 4976 1946 5058 Latinos,
1968 4995 2032 5040 me-

674 5080 769 5144 moria
792 5087 856 5157 est,
879 5097 939 5142 non
960 5080 1054 5142 semel
1077 5078 1159 5143 multi
1181 5080 1351 5145 hallucinati
1372 5085 1451 5144 sunt
1496 5079 1635 5160 Plerique
1657 5097 1732 5142 sane
1753 5079 1906 5161 blonachi,
1928 5080 1955 5142 si
1976 5077 2031 5141 Ρι-
