4760 6038
972 621 1021 695 llll
1038 617 1180 695 LIHGUA
1204 615 1374 694 COPHCA.
1747 611 1858 686 CXXI

494 832 556 906 que
582 807 806 880 Testamento.
859 805 928 878 Sed
954 829 995 878 ea
1022 807 1213 898 conjectura
1239 826 1323 901 opus
1350 807 1413 876 iste
1440 803 1502 876 sibi
1529 826 1607 877 esse
1635 802 1798 877 sentiebat
1823 811 1859 872 ut

492 915 622 1008 impiam
651 909 795 983 tabulam
823 907 1012 1005 explicaret
1031 908 1197 980 bominum
1211 907 1507 1003 perditissimorum
1526 911 1580 1002 qui
1606 917 1641 979 ut
1660 906 1857 998 religionem

496 1015 712 1090 Christianam
745 1012 942 1108 quandoque
977 1021 1187 1100 everterent,
1222 1010 1496 1103 genealogiarum
1533 1019 1684 1082 veterum
1724 1008 1858 1101 Regum

494 1121 643 1215 Aegypti
669 1118 825 1210 figmenta
852 1115 1075 1202 obtruseruut,
1104 1136 1188 1208 quae
1211 1113 1376 1208 quomodo
1394 1113 1437 1184 ad
1458 1113 1629 1206 religionis
1645 1114 1858 1184 eversionem

495 1230 659 1318 spectent,
693 1222 888 1316 perspicere
919 1240 987 1290 non
1019 1227 1072 1290 est
1106 1215 1214 1289 facile.
1266 1215 1716 1310 Amenopbir,lllempbres,
1744 1214 1859 1289 etalii

495 1347 629 1420 quorum
656 1327 788 1396 nomine
816 1345 862 1394 ex
886 1322 998 1414 lingue
1024 1320 1192 1392 Hebraico
1218 1323 1426 1415 interpretari
1453 1330 1602 1410 conatur,
1630 1318 1796 1415 quomodo
1817 1318 1859 1388 ed
1873 1317 2019 1370 Citervrt·
2032 1321 2183 1388 Tetu28·

494 1451 561 1500 rem
593 1427 813 1500 Christianam
845 1427 1031 1521 pertineant
1063 1422 1202 1515 inteHigi
1234 1426 1357 1517 nequit.
1408 1417 1456 1498 At
1489 1423 1695 1520 etymologia
1728 1420 1858 1494 iberum

494 1536 658 1603 nominum
691 1551 801 1626 neque
835 1519 908 1598 cum'
935 1525 1102 1601 Hebraico
1128 1527 1257 1617 lingua,
1288 1548 1397 1621 neque
1429 1549 1503 1598 cum
1529 1529 1743 1622 Aegyptiace
1770 1548 1858 1597 con-

495 1645 582 1708 stare
622 1643 751 1730 potest,
783 1642 818 1702 ut
852 1635 932 1704 setis
963 1629 1147 1722 intelbgunt
1179 1629 1307 1701 illarum
1340 1629 1447 1725 periti.
1501 1629 1632 1701 Deinde
1666 1628 1742 1724 quid
1774 1626 1859 1699 haec

495 1737 533 1809 ed
559 1739 704 1830 linguam
733 1734 925 1831 Copticem,
959 1757 1034 1805 curn
1060 1737 1094 1804 in
1119 1732 1212 1804 libris
1239 1733 1281 1804 de
1309 1731 1425 1827 quibus
1454 1736 1574 1826 egitur,
1599 1741 1752 1806 veterum
1778 1731 1859 1803 illo-

493 1863 562 1912 rum
587 1841 721 1933 Regum
747 1861 790 1910 ne
816 1859 937 1910 nornen
965 1837 1096 1932 quidem
1122 1847 1287 1926 occurrat,
1316 1837 1446 1930 quando
1475 1837 1619 1931 quidem,
1646 1847 1680 1908 ιιι
1707 1839 1858 1930 superius

495 1942 611 2016 dictum
647 1952 717 2032 est,
751 1942 976 2036 antiquitatum
1010 1942 1160 2036 Aegypti
1193 1939 1301 2030 nulle,
1334 1962 1444 2035 neque
1476 1941 1593 2012 saltem
1634 1940 1739 2036 qualis
1773 1939 1859 2035 apud
1906 1937 1936 1990 Ρ·
1955 1940 1998 1990 ²⁸·

492 2043 755 2136 Eratosthenem,
782 2056 816 2117 et
840 2043 1034 2120 Africanum
1061 2046 1184 2115 mentio
1211 2041 1255 2114 fit.

603 2161 700 2247 Quod
738 2161 829 2233 addit
862 2164 895 2231 in
935 2161 1066 2254 Regum
1100 2161 1345 2254 Aegyptiorum
1378 2159 1555 2251 umeros
1592 2160 1685 2230 nullo
1715 2183 1860 2254 prorsas
1916 2159 2068 2259 Debetur
2084 2167 2177 2222 erariis

493 2268 706 2361 Aegyptiace
745 2267 882 2334 nomino
919 2266 1092 2356 reperior,
1127 2266 1241 2334 omnio
1271 2270 1348 2334 erant
1384 2285 1431 2332 ea
1460 2263 1641 2353 Hebraeis,
1671 2287 1787 2357 pauco
1813 2287 1859 2334 cm
1872 2247 2023 2300 ¹²⁰¹¹¹¹¹¹¹¹³¹¹⁸·

495 2370 636 2441 Graccis
658 2372 769 2463 petito
779 2366 941 2460 sontibus,
969 2369 1123 2439 sustineri
1149 2389 1216 2438 non
1242 2376 1362 2462 potest.
1414 2365 1511 2438 Licet
1536 2367 1693 2439 nonnuHa
1721 2369 1858 2440 istorum

493 2476 675 2562 nominum,
699 2470 786 2543 haud
812 2469 911 2543 facile
938 2470 1097 2566 eprceri
1131 2491 1176 2540 ex
1207 2468 1321 2562 lingua
1357 2468 1498 2566 Coptica
1530 2474 1676 2566 possint,
1712 2469 1857 2542 fortasse

494 2575 579 2670 quod
606 2599 625 2647 a
653 2574 792 2647 Graecis
820 2583 976 2669 corrupte
1002 2572 1114 2662 luere,
1141 2577 1234 2644 utin
1262 2573 1414 2645 omnibus
1442 2573 1514 2645 lere
1529 2573 1715 2646 nominibus
1730 2572 1857 2645 Orien-

491 2677 609 2751 talibus
635 2678 799 2750 accidisse
826 2675 1095 2773 deprehenditur,
1124 2675 1240 2747 subicit
1264 2684 1392 2766 umen,
1418 2685 1454 2747 ut
1478 2676 1635 2749 nonnulla
1668 2700 1713 2748 ex
1740 2677 1857 2749 eadem

490 2779 602 2872 lingue
638 2782 680 2852 ed
711 2781 987 2872 significationem
1022 2801 1041 2848 ι
1070 2777 1210 2851 Graecis
1238 2778 1441 2872 designatam
1468 2783 1627 2853 revocari
1654 2792 1787 2875 queant,
1814 2781 1857 2851 ed

492 2884 711 2957 subruendum
737 2893 786 2956 tot
809 2884 1073 2974 conjectruarum
1100 2881 1386 2955 substructionem.
1439 2884 1486 2956 At
1511 2905 1579 2956 non
1604 2906 1710 2978 peuce
1737 2895 1857 2956 vetera

490 2986 544 3060 illa
570 2992 703 3060 nomine
735 2993 769 3064 in
803 2984 944 3080 Coptica
976 2984 1103 3079 lingue,
1138 2983 1318 3058 secundum
1352 2986 1627 3078 significationem
1661 3010 1681 3058 ι
1715 2986 1857 3060 Graecis

491 3087 695 3183 designatam
726 3089 875 3186 perfecte
905 3089 1124 3184 explicantur.
1183 3085 1318 3188 Μάρης
1343 3111 1427 3161 unus
1456 3094 1755 3186 antiquissimorum
1774 3091 1857 3162 illo-

489 3216 560 3266 rum
586 3216 703 3287 regum
735 3195 775 3266 eb
802 3191 1023 3266 Eratosthene
1058 3195 1262 3284 nominetur,
1296 3195 1390 3284 cujus
1422 3215 1543 3266 nomen
1574 3196 1671 3285 juxte
1706 3194 1857 3266 eumdem

490 3297 654 3388 significat
678 3294 900 3394 Ἡλιόδωρος.
946 3295 1081 3366 Donum
1106 3296 1188 3368 eolis
1212 3324 1267 3392 μα
1293 3298 1414 3367 donum
1432 3327 1478 3395 ρη
1494 3297 1562 3385 ιιι,
1588 3300 1622 3368 in
1648 3296 1761 3389 begua
1780 3295 1857 3368 Co-

489 3404 577 3494 ptica
604 3400 808 3493 significant:
840 3400 994 3493 idemque
1025 3400 1156 3471 videtur
1199 3400 1388 3494 significare
1430 3400 1565 3472 alterius
1608 3422 1731 3473 nomen
1762 3408 1856 3475 Mo-

361 3590 368 3606 ·
491 3507 630 3600 σχέρης,
658 3504 746 3598 quod
761 3507 1017 3598 interpretantur
1033 3498 1246 3592 Ἡλιόδοτος,
1275 3507 1349 3598 quia
1367 3506 1400 3573 in
1417 3507 1481 3575 isto
1497 3504 1602 3575 altero
1617 3513 1858 3599 expresserunt

490 3606 611 3678 Graeci
637 3630 698 3702 per
723 3636 767 3702 χ,
800 3607 928 3678 literam
964 3607 1144 3701 aspiratam
1176 3605 1422 3702 Aegyptiarum
1457 3629 1543 3702 quae
1570 3611 1600 3684 Π
1626 3606 1857 3680 Hebraeorrun

488 3709 685 3805 respondet,
713 3721 747 3782 et
771 3714 868 3781 istam
894 3711 1091 3804 saepissime
1125 3705 1244 3779 Graeci
1276 3731 1395 3781 secrae
1427 3709 1620 3805 Scripturee
1654 3710 1856 3806 interpretes

488 3836 549 3908 per
573 3841 602 3908 χ
628 3822 876 3908 expresserunt.
909 3808 1058 3911 Χρύσης
1083 3806 1238 3908 Χρύσου
1253 3809 1344 3895 riade:
1378 3812 1516 3884 ederunt
1549 3809 1790 3885 Eratosthenes
1823 3821 1857 3884 et

489 3915 554 4006 alii,
581 3916 668 4012 quod
688 3918 901 4013 Aegyptiace
928 3914 1099 3987 dicebatur
1111 3911 1248 4011 Χνούβ
1267 3910 1443 4015 Χνούρου
1459 3912 1543 3999 dede.
1579 3913 1717 4012 Xvotss
1738 3940 1856 3987 aarum

490 4019 594 4092 adbuc
612 4018 753 4117 Coptiee
769 4019 939 4112 significat.
983 4017 1021 4091 Si
1040 4017 1167 4113 relique
1187 4022 1321 4091 nomine
1336 4029 1491 4092 accurate
1505 4021 1629 4115 scripta
1642 4019 1855 4110 haberentur,

489 4123 680 4219 plerumque
705 4126 868 4216 originem
896 4143 942 4193 ex
966 4120 1084 4195 eodem
1108 4121 1264 4195 idiomate
1289 4123 1535 4211 demonstrare,
1561 4144 1629 4194 non
1651 4122 1855 4219 impossibile

489 4225 584 4298 foret.
617 4233 664 4299 At
686 4230 940 4322 originationem
958 4223 1165 4319 Amenopbis
1182 4247 1228 4297 ex
1245 4225 1418 4299 Hebraicis
1436 4225 1580 4299 lontibus
1600 4225 1765 4297 deducere
1786 4249 1854 4298 non

489 4352 593 4426 aeque
618 4329 717 4403 facile
744 4340 805 4404 est.
846 4330 1001 4424 Conflata
1027 4335 1097 4419 est,
1124 4331 1205 4423 iquit
1230 4330 1338 4402 Autor
1365 4328 1613 4422 chronologiae
1641 4351 1781 4418 sacrae,
1809 4352 1854 4399 ex

488 4433 696 4506 latratoribus
714 4461 757 4506 oc
779 4433 888 4505 literis
903 4435 974 4524 nit,
1002 4454 1076 4503 cum
1102 4434 1182 4553 tyb't
1204 4435 1334 4528 impius,
1356 4437 1439 4513 ιζιιιι
1453 4433 1563 4505 bomo.
1604 4431 1735 4504 Primae
1756 4435 1853 4504 vocis

487 4534 581 4607 litera
607 4539 699 4631 prior
725 4541 763 4630 tt,
792 4535 877 4609 adeo
898 4534 1056 4608 abhorret
1082 4556 1102 4605 a
1129 4535 1334 4609 Graecorum
1353 4533 1487 4609 auribus
1505 4547 1538 4608 et
1555 4544 1699 4628 gutture,
1726 4545 1761 4606 ut
1780 4557 1854 4606 earn

488 4658 593 4735 prope
621 4661 753 4735 semper
779 4641 956 4711 extulerint
981 4660 1041 4732 per
1067 4665 1101 4739 γ.
1136 4642 1180 4711 ite
1216 4643 1354 4736 primam
1386 4637 1552 4711 secundae
1586 4642 1682 4710 vocis
1715 4659 1777 4733 per
1806 4663 1852 4732 χε

488 4747 616 4815 tertiam
632 4764 717 4814 vero
731 4737 813 4824 ulit<
835 4746 943 4816 sciunt
959 4763 1075 4814 omnes
1095 4742 1170 4816 huic
1189 4741 1265 4814 loco
1285 4765 1352 4815 non
1372 4746 1566 4832 convenire,
1585 4765 1659 4814 cum
1677 4746 1718 4815 Σ
1731 4740 1854 4813 Graeci

486 4842 637 4918 barbaris
651 4846 837 4920 nominibus
853 4845 1046 4935 addiderint,
1058 4849 1341 4940 pronunciationis
1355 4846 1513 4920 faciboris
1528 4867 1643 4935 cause,
1656 4848 1688 4917 in
1701 4846 1853 4940 Aegyp-

486 4952 579 5022 tiacis
610 4972 679 5022 uon
711 4954 817 5024 minus
851 4973 947 5046 quam
979 4953 1013 5022 in
1039 4947 1184 5022 Persicis
1210 4950 1368 5023 vocibus:
1403 4950 1487 5021 adeo
1521 4958 1556 5021 ut
1581 4948 1763 5020 masculina
1797 4947 1852 5018 illa

486 5056 670 5126 terminatio
701 5077 769 5126 non
799 5057 907 5145 magis
939 5051 1093 5124 radicabs
1122 5056 1182 5142 sit,
1218 5074 1315 5147 quam
1341 5050 1418 5136 idos
1451 5063 1507 5124 aut
1541 5081 1585 5128 ου
1616 5055 1649 5122 in
1683 5051 1852 5141 GenitiVO,

487 5157 654 5228 eulaliae
680 5160 714 5228 iu
740 5156 812 5232 eliis
840 5155 981 5231 casibus.
1034 5156 1149 5250 ltaque
1178 5155 1447 5249 Gomcbenopbis
1473 5155 1574 5228 scribi
1600 5154 1778 5227 debuisset.

470 5267 479 5290 ⁰
516 5282 630 5324 summu
1597 5256 1644 5328 16
