4686 6060
351 3169 404 3221 uoa
413 3169 640 3238 angepenne
653 3156 822 3252 probatur.
861 3155 909 3228 lta
936 3165 1068 3229 constat
1096 3153 1344 3228 Glossariorum
1370 3156 1452 3230 fides
1478 3155 1533 3229 uhi
1560 3157 1712 3228 Ecbmirn
1737 3153 1918 3250 respondet
1943 3153 2024 3223 voci
2137 3215 2140 3220 .

332 3263 357 3308 et
377 3255 436 3306 103.

655 529 733 604 428
1046 533 1122 608 llll
1173 531 1644 612 PATRIARGHA

655 717 940 818 hieroglyphicas
956 727 1120 808 venustas,
1149 741 1246 812 quae,
1272 729 1309 792 ut
1336 743 1381 792 ex
1407 730 1578 817 postrema
1594 719 1839 818 Capacinorum
1867 721 2029 796 relatione

656 843 805 926 constat,
839 839 871 908 in
899 835 962 908 ilbs
997 834 1148 908 omnibus
1181 833 1375 927 regionibns
1407 849 1585 910 occurnmt
1616 840 1741 934 passim
1756 841 1807 912 .in
1847 837 2026 930 obeliscis,

655 950 848 1046 sphingibus
877 961 910 1024 et
937 951 1010 1024 aliis
1038 954 1268 1024 monumentis.
1321 951 1405 1022 Sunt
1431 974 1563 1047 quoque
1590 955 1645 1047 qui
1681 952 1723 1024 ad
1750 975 1825 1025 eam
1851 953 2024 1044 regionem

654 1065 803 1138 referant
828 1068 1039 1140 traditionem
1065 1070 1246 1155 incertam,
1279 1065 1338 1138 sed
1374 1067 1415 1139 ab
1444 1071 1526 1163 ipsis
1552 1067 1802 1142 bluhirmedanis
1828 1089 2025 1140 conserva-

653 1192 740 1274 tam,
777 1183 866 1278 quod
903 1183 1053 1257 Christus
1084 1204 1159 1252 cum
1190 1182 1295 1254 Maria
1323 1192 1444 1272 matre,
1478 1183 1553 1276 dum
1589 1187 1623 1255 in
1655 1186 1818 1282 Aegypto
1845 1183 1924 1270 fuit,
1957 1181 2026 1255 illic

654 1308 879 1373 commoratus
906 1311 971 1389 est,
999 1301 1149 1395 quamvis
1177 1297 1209 1368 id
1237 1298 1292 1370 alii
1317 1299 1497 1371 Rectene:
1523 1299 1578 1370 alii
1593 1300 1846 1372 Aachmoninne
1867 1298 2024 1371 tribuant:

654 1437 700 1486 ex
727 1438 791 1509 qua
817 1414 901 1487 mbe
928 1413 1109 1511 proiectos,
1136 1424 1172 1486 ut
1196 1414 1342 1486 redirent
1368 1417 1400 1485 in
1427 1415 1589 1488 Judaeum
1616 1417 1731 1490 scribit
1755 1411 1928 1490 Abuselah
1948 1413 2024 1488 Ar-
2088 1423 2091 1428 “

652 1552 779 1603 menne.
831 1529 915 1602 Eam
943 1554 1020 1603 esse
1046 1531 1308 1625 Antinooupolin
1335 1535 1434 1602 etiam
1461 1555 1507 1604 ex
1540 1511 1581 1604 eo
1618 1533 1739 1627 probat
1766 1531 1902 1614 Gobus,
1936 1528 2024 1624 quod

652 1644 790 1719 latitudo
812 1647 874 1750 27.
894 1646 1068 1738 graduum,
1094 1668 1193 1741 qnam
1219 1648 1283 1740 ipsi
1310 1646 1421 1719 tribuit
1440 1647 1664 1736 Ptolemaeus,
1691 1649 1832 1720 Attanae
1859 1667 1921 1718 seu
1940 1645 2025 1715 Art-

652 1767 751 1834 sr'naa
784 1762 918 1837 Arabes
962 1761 1124 1834 tribuunt:
1166 1761 1378 1854 longitudinis
1415 1767 1604 1838 meminisse
1640 1783 1927 1860 supervacaneum
1960 1772 2024 1852 est,

653 1902 729 1950 cum
758 1877 945 1967 Abulfeda,
981 1882 1075 1971 cujus
1115 1901 1199 1974 prae
1234 1882 1355 1950 ceteris
1398 1879 1566 1973 diligentia
1606 1879 1875 1967 commendatur,
1908 1879 2024 1952 varias

652 2003 778 2066 tantum
811 1992 1020 2067 diversorum
1057 1996 1232 2090 opiniones
1264 1996 1409 2086 referat,
1444 1995 1530 2068 adeo
1565 2007 1601 2069 ιιι
1635 2018 1740 2092 saepe
1765 2016 1849 2084 uno,
1881 1992 2024 2084 duobus,
2084 1992 2088 1998 ’

654 2110 759 2182 tribus
786 2119 820 2182 et
846 2109 986 2207 amphus
1013 2109 1171 2203 gradibus
1198 2114 1283 2182 inter
1310 2133 1349 2183 se
1375 2109 1534 2183 dillerant.

756 2227 939 2299 Kahboaca
963 2230 1059 2320 regio
1101 2229 1233 2318 triginta
1266 2236 1393 2322 septem
1428 2251 1537 2324 pagos
1563 2226 1681 2316 babet,
1714 2236 1830 2320 estque
1864 2226 1963 2297 etiam
1988 2225 2023 2296 in

654 2340 838 2432 Thebaide,
866 2343 908 2414 de
935 2367 1000 2440 qua
1027 2342 1105 2414 nibil
1131 2343 1299 2434 singulare
1326 2348 1478 2416 occurrit.
1604 2329 1609 2338 ’

758 2459 909 2530 Echmtm
936 2463 1011 2531 sive
1036 2458 1185 2548 lcbmim,
1222 2462 1399 2551 sexaginta
1426 2470 1494 2532 tres
1526 2480 1635 2556 pagos
1667 2458 1915 2555 complectitur:
1941 2454 2023 2527 urbs

652 2597 775 2667 magna
802 2579 835 2646 in
862 2574 984 2648 Sabide
1011 2577 1191 2670 superiori,
1228 2574 1355 2649 duabus
1384 2576 1425 2650 ab
1454 2576 1613 2651 0ssiouta
1647 2576 1764 2648 diaetis
1800 2573 1938 2663 distans,
1975 2594 2021 2643 ex

651 2691 827 2765 Abulleda.
881 2691 930 2764 lbi
963 2703 1114 2763 veterum
1151 2690 1361 2764 delubrorum
1388 2695 1537 2785 insignes
1569 2689 1747 2788 reliquiae,
1775 2688 2019 2785 sculpturisque

653 2810 793 2901 antiquus
821 2818 854 2880 et
880 2807 1041 2880 columnis
1070 2807 1222 2880 celebres
1248 2812 1373 2880 ruinae.
1425 2807 1509 2881 Eam
1543 2830 1622 2882 esse
1653 2810 1818 2902 antiquam
1846 2805 2024 2876 Cbenmtm

654 2922 696 2994 de
723 2947 787 3019 qua
814 2923 1005 2996 Herodotus
1033 2921 1164 3011 etalii,
1197 2923 1317 3020 probat
1342 2923 1490 2998 lacobus
1518 2923 1656 3014 Golius,
1691 2946 1777 3018 quae
1811 2921 1929 2994 eadem
1965 2917 2026 2990 brit

654 3063 729 3112 cum
754 3039 887 3128 Panos,
914 3062 974 3112 seu
1000 3039 1189 3133 Panopen,
1216 3052 1252 3112 ut
1278 3063 1324 3112 ex
1349 3039 1427 3113 loco
1454 3041 1593 3112 Diodori
1619 3040 1740 3129 Siculi,
1778 3060 1874 3134 quem
1907 3033 2024 3122 relert,
2124 3039 2129 3050 '

653 3269 786 3358 Πάνος.
822 3274 859 3344 ln
887 3295 928 3344 ec
957 3271 1046 3367 quod
1072 3271 1174 3343 edidit
1199 3270 1389 3360 llircherus,
1417 3277 1489 3366 ejus
1515 3275 1613 3348 vocis
1640 3273 1715 3345 loco
1742 3272 1864 3365 legitur
1879 3269 2023 3340 Cbmtm:

654 3401 688 3461 et
714 3412 754 3461 ea
782 3392 855 3485 ipsa
882 3397 934 3462 est
960 3386 1116 3482 Klpprs:
1144 3410 1220 3460 nam
1252 3396 1288 3460 ut
1322 3393 1461 3485 exponit
1491 3386 1694 3462 Athanasius
1727 3387 1915 3485 Episcopus
1951 3385 2023 3457 llus

651 3509 694 3588 in,
720 3505 943 3578 Grammatico
978 3503 1119 3599 Coptica
1150 3526 1212 3576 sua
1246 3503 1355 3577 solent
1386 3507 1599 3602 Aegyptiix
1631 3505 1798 3600 Graecum
1831 3503 2024 3598 frequenter

653 3625 843 3718 exprimere
875 3643 936 3717 per
968 3619 1096 3692 literam
1132 3642 1218 3715 quae
1250 3619 1401 3696 Arabum
1435 3621 1536 3693 Schin
1563 3621 1678 3696 similis
1706 3629 1776 3708 est,
1811 3631 1846 3692 et
1872 3617 2024 3712 ejusdem

651 3740 836 3835 potestatis.
889 3735 1080 3809 Nestorium
1120 3739 1210 3808 circa
1247 3735 1334 3808 banc
1371 3737 1488 3810 urbem
1521 3741 1553 3810 in
1591 3737 1694 3810 exilio
1729 3741 1830 3808 vitam
1865 3735 2024 3806 finivisse.

653 3855 849 3950 ostendique
877 3855 950 3946 ejus
977 3852 1167 3949 sepulcrum
1195 3854 1311 3927 scribit
1335 3853 1517 3927 Abuselab.
1557 3854 1679 3927 Multas
1706 3873 1838 3947 qnoque
1863 3851 1931 3922 illic
1947 3849 2023 3922 Ec-

653 3969 775 4043 clesiae
801 3969 917 4058 luisse,
943 3969 1104 4064 probatur
1130 3957 1280 4061 ejusdem
1307 3973 1432 4044 autoris
1459 3973 1647 4044 testimonio
1675 3970 1728 4064 qui
1754 3989 1860 4062 usque
1887 3969 1928 4038 ad
1955 3989 2024 4037 an-

652 4109 730 4158 num
757 4086 905 4178 Hegirae
932 4083 1033 4156 DLII.
1059 4084 1090 4155 l.
1118 4085 1156 4157 C.
1180 4085 1349 4158 bleVlI.
1367 4089 1576 4184 septuaginta
1597 4093 1785 4156 numeratas
1799 4081 1904 4156 luisse
1931 4083 2024 4155 scri-

651 4201 709 4273 bit.
761 4200 813 4272 Ea
851 4200 932 4273 urbs
976 4199 1183 4298 Episcopum
1224 4199 1352 4274 habuit:
1394 4214 1428 4276 et
1470 4207 1576 4300 patria
1617 4200 1676 4273 luit
1720 4197 1948 4288 celeberrimi,
1989 4209 2024 4269 et

653 4318 836 4392 doctissimi
864 4314 1036 4389 Gauonnm
1064 4316 1264 4391 collectoris
1292 4329 1326 4389 et
1351 4322 1539 4416 interpretis
1558 4317 1746 4408 Abulfergii
1771 4315 2022 4388 Echmimensis.

756 4433 875 4505 Chabn
901 4442 935 4503 et
961 4433 1155 4524 Elrcolrhot,
1183 4437 1359 4526 sexaginta
1387 4445 1455 4507 tres
1480 4455 1588 4531 pagos
1609 4438 1767 4527 majores,
1793 4443 1927 4529 praeter
1953 4431 2022 4501 mi-

651 4573 753 4625 nores
786 4552 965 4622 continent.
1016 4547 1079 4621 Est
1113 4559 1222 4622 numm
1255 4553 1352 4642 regio
1387 4549 1443 4623 illa
1481 4550 1664 4622 Elwclabnt
1703 4571 1847 4623 arenosa
1884 4559 1918 4622 et
1956 4544 2025 4618 late

651 4677 780 4765 patens,
808 4689 854 4738 ex
881 4664 984 4738 altera
1011 4664 1077 4737 Nili
1102 4675 1198 4761 parte
1225 4664 1441 4756 Occidentali,
1476 4664 1603 4739 scilicet
1629 4688 1736 4763 prope
1761 4677 1907 4739 montem
1937 4663 2024 4734 Tei-

653 4785 799 4871 lnmoan,
827 4785 881 4879 qui
908 4782 951 4855 ad
978 4805 1052 4855 eam
1078 4784 1184 4878 ripam
1211 4781 1407 4855 extenditur.
1459 4780 1511 4853 Ea
1539 4790 1647 4854 antem
1673 4785 1815 4876 regione
1841 4778 2024 4876 significari

650 4893 835 4972 Mabrizius
862 4909 1016 4986 testatur,
1051 4921 1150 4972 omne
1176 4908 1338 4972 terrarum
1370 4900 1511 4995 spatium
1545 4923 1565 4970 a
1601 4907 1707 4970 tractu
1732 4897 1962 4972 Alexandriae
1988 4905 2025 4968 et

655 5013 808 5105 Cabirae,
834 5019 920 5088 inter
946 5013 1060 5107 Sahid,
1086 5013 1229 5088 Nubiam
1255 5027 1289 5088 et
1314 5014 1539 5112 Aethiopiam:
1567 5023 1601 5087 et
1626 5017 1699 5106 ejus
1725 5017 1850 5088 initium
1875 5017 2022 5112 provin-
