4736 6064
669 623 745 697 462
1059 605 1217 706 riuos
1251 627 1660 708 orornirronrs

774 811 859 884 Cum
887 821 997 885 autem
1023 822 1148 886 certam
1175 817 1325 886 notitiam
1350 811 1532 886 habeamus
1558 813 1645 896 illius
1669 817 1842 911 profectus
1864 823 1962 912 Juxta
1989 830 2049 892 te-

668 929 859 1000 stimonium
886 933 1029 1002 omniurn
1057 951 1173 1002 senum
1202 932 1257 1025 qui
1284 940 1359 1001 sunt
1385 933 1419 1001 in
1446 927 1602 1020 deserto,
1639 942 1673 1004 et
1707 937 1761 1030 qni
1796 956 1871 1006 enm
1908 935 1952 1006 ad
1985 957 2049 1008 uos

669 1039 878 1115 adduxerunt
903 1044 1007 1117 veluti
1034 1044 1188 1137 dignum,
1222 1047 1509 1139 testimoniumque
1543 1045 1585 1118 de
1619 1068 1661 1118 eo
1695 1047 1932 1143 perhibuerunt
1967 1062 2049 1124 tan-

668 1179 766 1250 quam
807 1159 949 1251 idoneo,
985 1164 1039 1256 qni
1078 1161 1120 1232 ad
1155 1159 1241 1232 huno
1276 1159 1446 1253 diguitatis
1481 1161 1622 1253 madum
1657 1174 1891 1236 assumeretur.
1944 1168 2050 1260 Igitur

668 1269 821 1363 adjutore
847 1275 922 1348 Deo
950 1286 1069 1348 autore
1095 1275 1259 1348 bonorum
1288 1278 1432 1347 omnium
1460 1280 1515 1370 qui
1541 1277 1643 1369 elegit
1669 1301 1743 1351 eum
1767 1281 1947 1354 secundum
1975 1305 2049 1356 vo-

579 1423 582 1432 ·
668 1392 834 1462 ostionem
862 1391 1064 1481 coelestem,
1089 1395 1321 1487 promovimus
1349 1413 1423 1463 cum
1452 1391 1493 1462 ad
1520 1390 1606 1463 hune
1625 1394 1766 1486 gradum
1780 1392 1938 1468 illustrem
1954 1419 2048 1492 pon-

667 1504 825 1596 tificatus,
853 1517 888 1578 ut
914 1510 957 1577 sit
983 1507 1081 1579 nobis
1107 1517 1203 1601 pater
1230 1517 1263 1578 et
1289 1515 1425 1601 pastor,
1451 1515 1487 1577 ut
1513 1516 1632 1603 pascat
1656 1531 1721 1582 uos
1742 1512 1776 1580 in
1802 1515 1937 1606 pascuis
1953 1513 2046 1586 ulre-

667 1619 759 1693 ribus
798 1621 969 1692 doctrinae
1010 1646 1125 1696 verae.
1185 1622 1315 1695 Idcirco
1354 1621 1564 1697 elevavimus
1606 1646 1681 1697 eum
1721 1623 1763 1696 ad
1795 1629 2046 1700 successionem

666 1733 908 1830 Evangelistae
935 1738 1091 1812 divinitus
1118 1740 1282 1833 loquentis
1309 1742 1416 1810 sancti
1443 1737 1565 1827 Marci,
1599 1749 1634 1810 et
1658 1739 1806 1836 repletus
1840 1751 1891 1814 est
1927 1739 2047 1816 chari-

668 1850 829 1924 smatilrus
857 1852 1009 1926 omnihus
1036 1855 1274 1952 spiritualibus,
1301 1865 1335 1925 et
1361 1852 1578 1946 coelestibus,
1605 1877 1651 1926 ex
1669 1877 1735 1950 quo
1754 1857 1883 1951 accepit
1903 1859 2047 1947 gatiam

667 1966 821 2039 Paracliti
847 1991 910 2064 per
935 1991 1043 2042 voces
1067 1970 1305 2068 Apostolum,
1332 1993 1407 2041 cum
1434 1992 1510 2042 eum
1537 1969 1698 2041 induimus
1732 1970 1818 2044 stola
1850 1971 2046 2066 pontificali,

667 2091 747 2154 nutu
768 2083 842 2172 Dei,
871 2094 905 2155 et
926 2085 1166 2180 Apostolorum
1195 2089 1284 2179 ejus:
1312 2097 1502 2158 sanctorum
1530 2086 1779 2178 electorumque
1794 2085 2045 2179 discipulorum:

666 2197 843 2295 factusque
870 2210 923 2274 est
948 2199 1126 2292 Pontifex,
1160 2213 1276 2298 pastor
1311 2212 1344 2272 et
1371 2200 1508 2290 doctor,
1542 2223 1616 2272 curn
1643 2201 1775 2296 accepit
1805 2198 1905 2272 talem
1939 2209 2044 2294 pote-

667 2324 787 2388 statem
815 2339 834 2386 a
861 2315 937 2390 Deo
963 2315 1061 2410 Rege
1088 2317 1176 2390 coeli
1202 2326 1236 2389 et
1263 2331 1391 2405 terrae,
1418 2316 1654 2408 adligandum
1682 2326 1716 2388 et
1742 2313 1953 2405 solvendum,
1979 2338 2045 2388 or-

668 2429 830 2502 dinandos
856 2430 1065 2528 Episcopus,
1092 2432 1409 2526 constituendosque
1443 2430 1594 2506 Clericos
1627 2433 1669 2504 ad
1703 2435 1776 2523 ejus
1809 2434 2046 2520 sanctuarium,

668 2545 710 2617 ad
743 2548 973 2620 consecranda
1005 2549 1138 2636 altaria,
1167 2560 1200 2620 et
1227 2547 1270 2620 ad
1296 2548 1468 2622 Enooenia
1494 2548 1722 2623 Ecclesiamm
1746 2546 2045 2642 Oratoriorumque

667 2659 884 2735 celebranda:
919 2665 1210 2758 exercendamque
1246 2674 1446 2759 potestatem
1473 2657 1581 2758 qnam'
1597 2664 1758 2736 Dominus
1791 2671 1908 2734 noster
1942 2662 2043 2736 lesus

667 2776 819 2850 Christus
848 2778 937 2851 dedit
961 2779 1138 2875 Apostolis
1165 2792 1199 2852 et
1225 2778 1394 2875 discipulis
1422 2781 1509 2852 suis:
1536 2791 1572 2850 ut
1599 2787 1787 2872 congreget
1806 2776 1933 2850 electos
1960 2801 2045 2875 my-

666 2895 778 2964 steriis
804 2891 981 2966 Ecclesiae
1008 2899 1171 2983 initiatos;
1206 2905 1243 2968 ut
1269 2905 1445 2968 consecret
1476 2895 1602 2993 Myron
1635 2897 1829 2990 mysticum,
1863 2892 2044 2966 secundum

665 3013 860 3104 mysterium
888 3012 1115 3084 venerandum
1142 3011 1272 3084 excelsi
1300 3021 1333 3082 et
1359 3010 1517 3085 coelestis
1544 3013 1711 3104 conjugii,
1743 3030 1808 3104 quo
1845 3017 1964 3080 ornata
1992 3018 2046 3086 est

666 3148 707 3196 ea
735 3147 822 3220 quae
850 3135 991 3198 vocatur
1017 3149 1143 3222 sponsa
1171 3124 1308 3199 Christi:
1335 3137 1371 3198 ut
1398 3126 1546 3200 celebret
1571 3128 1864 3218 regenerationem
1896 3126 1931 3195 in
1957 3125 2043 3220 Spi-

665 3244 729 3312 ritu
756 3252 874 3315 sancto
901 3242 1082 3315 secundnm
1109 3255 1325 3338 praeceptum
1352 3241 1475 3316 Christi
1506 3244 1571 3315 Dei
1601 3244 1725 3330 nostri,
1763 3241 1857 3332 cnjus
1893 3242 2043 3314 vicarius

663 3356 773 3430 factus
800 3366 870 3445 est,
897 3357 1126 3452 mediatorque
1151 3362 1238 3430 inter
1264 3380 1340 3430 eum
1366 3367 1401 3429 et
1426 3381 1505 3432 nos:
1533 3356 1713 3430 secandum
1741 3356 1890 3428 ordinem
1907 3353 2043 3451 Moysis

663 3476 730 3544 viri
755 3473 842 3562 Dei,
870 3475 924 3566 qui
949 3471 1061 3565 legem
1088 3476 1271 3547 constitnit:
1308 3483 1343 3545 et
1366 3476 1515 3548 Aaronis
1546 3473 1706 3563 Levitae,
1739 3475 1795 3568 qui
1827 3475 2042 3569 praepositus

664 3598 718 3660 est
744 3591 925 3660 ministerio
953 3586 1159 3660 tubernaculi
1186 3591 1374 3664 testimonii.
1427 3589 1634 3664 Constitutus
1650 3591 1774 3685 quippe
1792 3597 1844 3662 est
1857 3591 1892 3660 in
1907 3590 2042 3660 nomine

663 3705 798 3777 Domini
823 3704 906 3778 lesu
934 3703 1074 3796 Christi3
1101 3705 1315 3803 repletusque
1342 3705 1466 3802 Spiritu
1491 3715 1625 3794 sancto,
1652 3701 1761 3776 lactus
1779 3713 1832 3776 est
1847 3702 1947 3777 horno
1969 3725 2042 3776 uo-

663 3839 728 3893 vus
755 3842 817 3915 per
845 3819 1037 3913 dignitatem
1064 3843 1220 3914 magnam
1247 3844 1333 3917 quae
1360 3822 1406 3894 illi
1438 3846 1458 3894 a
1491 3822 1567 3894 Deo
1600 3820 1746 3913 benigne
1778 3841 1943 3894 concessa
1978 3828 2041 3907 est,

663 3940 739 4031 ipso
767 3937 821 4030 qui
848 3936 975 4008 exaltat
1000 3935 1157 4026 humiles,
1185 3939 1270 4010 sicut
1296 3939 1338 4010 de
1366 3949 1516 4012 stercore
1534 3939 1633 4029 erigit
1653 3957 1846 4033 pauperem,
1872 3934 2043 4010 utsedere

665 4074 741 4123 eum
767 4051 869 4124 iaciat
894 4074 967 4124 curn
994 4053 1199 4151 principibus
1226 4055 1339 4150 populi
1373 4057 1435 4128 sui.
1494 4050 1626 4147 Repleti
1658 4053 1769 4145 itaque
1801 4072 1915 4123 sumus
1947 4071 2041 4142 gau-

663 4168 719 4240 dio
746 4177 910 4263 perpetuo
938 4176 972 4239 et
996 4168 1121 4240 laetitia
1148 4181 1301 4259 aeterna,
1342 4169 1432 4265 quod
1459 4168 1621 4260 elegimus
1649 4189 1724 4238 euru
1758 4165 1925 4238 mediante
1957 4163 2041 4236 lesu

664 4282 797 4356 Christo
826 4281 941 4356 Verbo
968 4282 1095 4356 Patris:
1123 4289 1179 4380 qui
1204 4288 1394 4357 incarnatus
1421 4294 1474 4357 est
1500 4306 1546 4355 ex
1566 4283 1723 4374 Virgine,
1750 4292 1785 4353 et
1804 4279 1904 4352 homo
1930 4277 2040 4354 [acuis

662 4411 734 4491 ast,
760 4401 954 4496 passionem
987 4401 1159 4490 sustinuit,
1192 4413 1226 4473 et
1258 4412 1408 4474 mortuus
1442 4410 1493 4472 est
1526 4403 1705 4486 incarne,
1740 4407 1774 4468 et
1806 4397 1993 4468 resurrexit
2020 4418 2040 4466 a

661 4517 800 4588 mortuis
820 4517 924 4587 tertia
950 4514 1013 4587 die.
1066 4514 1111 4587 Et
1138 4517 1287 4590 ascendit
1313 4521 1346 4588 in
1374 4515 1505 4590 coelum
1532 4513 1684 4609 seditque
1711 4512 1754 4584 ad
1773 4511 1946 4584 dexteram
1964 4510 2039 4582 Pa·-

660 4633 735 4702 tris:
763 4638 797 4702 et
822 4632 911 4702 misit
928 4629 1085 4725 Spiritum
1105 4632 1305 4705 Paraciitum
1332 4653 1434 4726 super
1459 4628 1646 4724 Apostolos
1674 4648 1755 4701 suos
1777 4637 1926 4717 sanctos,
1953 4647 2041 4721 per-

660 4744 808 4840 fecitque
835 4768 916 4835 eos,
943 4754 979 4816 ut
1005 4749 1113 4819 sancti
1139 4759 1255 4820 essent
1280 4750 1314 4818 in
1341 4745 1458 4820 ordine
1485 4744 1691 4818 coelestium.
1744 4742 1794 4814 llli
1818 4763 1906 4815 vero
1942 4739 2043 4814 ordi-

661 4869 827 4932 navemmt
852 4859 1041 4934 Ecclesiam
1069 4864 1103 4932 in
1130 4884 1338 4957 quocumque
1364 4860 1441 4934 loco
1469 4863 1503 4932 in
1528 4861 1652 4932 unitata
1669 4856 1758 4948 fidei,
1786 4869 1820 4931 et
1841 4877 2052 4950 congrega<

662 4986 783 5047 verunt
810 4999 871 5048 eos
900 4981 954 5072 qui
981 4978 1125 5072 dispersi
1152 4987 1264 5069 erant,
1291 4977 1532 5072 elegeruntque
1558 4997 1621 5048 eos
1640 4976 1695 5069 qui
1714 4973 1805 5068 digni
1818 4982 1925 5062 erant,
1951 4993 2039 5068 pro-

661 5090 809 5164 videntia
837 5091 1004 5165 laudabili.
