4686 6060
628 461 752 536 '422
1048 463 1652 544 DEPATIIIARGIIA

675 651 774 738 Quod
801 661 910 722 antem
936 651 1103 746 Interpres
1130 650 1355 742 Habonium,
1381 662 1418 723 nt
1442 652 1488 724 illi
1519 675 1647 727 vocare
1672 651 1811 749 placuit,
1842 663 1971 750 partern
1999 659 2044 728 nit

674 789 753 840 esse
778 766 977 861 Aethiopiae
1004 770 1201 862 superioris,
1228 767 1304 862 quid
1332 767 1578 861 designaverit,
1605 769 1731 842 difficile
1757 778 1810 840 est
1841 790 2043 860 agnoscere:

674 904 747 955 vox
779 886 866 955 enim
896 881 1044 956 Arabica
1075 892 1178 956 totarn
1212 894 1333 978 quanta
1373 894 1445 974 est,
1477 883 1689 981 Aethiopiam
1722 885 1902 978 significat,
1936 908 2044 983 neque

674 998 740 1070 ulla
767 998 920 1071 inlibris
947 997 1097 1071 Arabum
1125 999 1367 1096 Geographicis
1395 1000 1560 1073 distinctio
1588 1012 1640 1073 est
1657 1001 1856 1097 Aethiopiae
1883 1006 2043 1097 superio-

673 1118 720 1187 ris
748 1125 782 1186 et
808 1114 991 1203 inferioris3
1018 1125 1190 1210 utramque
1217 1119 1250 1186 in
1277 1115 1416 1188 solidum
1442 1117 1656 1212 Metropolita
1682 1116 1861 1189 obtinebat.

778 1230 896 1305 CXVI.
949 1253 994 1303 vr.
1020 1231 1306 1325 Metropolitanus
1331 1231 1501 1320 Almaria,
1529 1238 1564 1304 et
1590 1236 1733 1303 omniurn
1762 1233 1926 1303 ditionum
1953 1239 2043 1324 ejus:

671 1348 720 1421 Ita
747 1351 780 1420 in
806 1351 979 1438 versione,
996 1359 1029 1420 at
1045 1351 1078 1419 in
1091 1349 1254 1438 Arabico,
1280 1347 1471 1444 Episcopus
1491 1357 1615 1422 tanturn
1630 1350 1758 1422 dicitur.
1810 1346 1883 1420 Sed
1899 1347 1967 1436 bic,
1986 1351 2043 1419 in-

672 1468 740 1560 quit
765 1462 993 1555 Beveregius,
1020 1467 1056 1534 in
1082 1465 1231 1566 tenebris
1256 1487 1449 1536 curamur:
1480 1488 1588 1560 neque
1621 1469 1708 1536 enim
1740 1465 1825 1536 alibi
1858 1463 1946 1534 baec
1973 1487 2044 1536 coa

671 1583 844 1673 cepionem
886 1579 1034 1674 aliquam
1068 1580 1225 1651 urbemoe
1256 1583 1469 1675 aipnificans,
1505 1581 1604 1653 nobie
1637 1586 1799 1653 occurrit.
1860 1579 1933 1652 Nos
1968 1602 2043 1652 earn

671 1718 740 1767 non
767 1695 872 1768 semel
896 1698 1081 1791 reperimus
1106 1699 1140 1767 in
1169 1695 1316 1791 Captiuis
1343 1696 1456 1786 libris,
1483 1701 1679 1794 praesertim
1706 1701 1740 1769 in
1778 1695 1929 1768 formulis
1959 1696 2043 1768 lite-

671 1835 784 1884 rarum
812 1812 1056 1906 encyclicarum
1083 1822 1117 1884 et
1136 1815 1383 1909 systaticarum,
1409 1812 1465 1885 ubi
1490 1814 1608 1886 Mures
1624 1812 1795 1911 scribitur,
1823 1827 1856 1887 et
1881 1837 1944 1910 per
1970 1814 2043 1888 Sa-

672 1928 727 2000 hid
754 1933 827 2001 sive
855 1927 1057 2001 Thebaidem
1092 1932 1296 2024 exprimitur.
1349 1929 1461 2025 Atque
1495 1931 1570 2002 inde
1606 1935 1725 2028 opinor
1757 1929 1844 2002 lacta
1878 1931 1934 2003 illa
1970 1955 2043 2005 vox

672 2043 902 2116 Maraeotidia
928 2043 1093 2138 duplicia,
1131 2067 1193 2140 pro
1228 2068 1291 2140 qua
1325 2045 1525 2118 Mareotidis
1557 2049 1690 2142 scripsit
1724 2051 1757 2117 in
1790 2050 1950 2120 versione
1976 2047 2044 2120 loci

671 2183 718 2232 ex
748 2160 934 2257 Epiphanio
968 2161 1048 2232 Her.
1082 2159 1142 2231 68.
1178 2161 1251 2234 beo
1283 2161 1434 2234 Allatius.
1486 2163 1602 2257 Itaque
1637 2167 1671 2235 in
1703 2163 1828 2234 Notitia
1860 2161 2044 2255 Beveregii

671 2278 801 2367 Maria,
829 2300 889 2350 seu
914 2277 1049 2368 Mares,
1074 2276 1285 2373 Episcopahs
1313 2278 1412 2350 sedes
1440 2288 1530 2369 erat,
1558 2303 1643 2376 quae
1669 2278 1818 2366 Sabidis,
1846 2281 1920 2350 sive
1947 2278 2045 2351 Tbe-

671 2393 795 2482 haidis,
824 2397 1031 2492 superinrem
1067 2392 1185 2466 saltem
1218 2393 1501 2490 complectebatur
1534 2405 1672 2492 partem.
1725 2393 1902 2468 Melchitae
1935 2393 2044 2470 nullas

582 2491 586 2500 ’
670 2509 776 2581 ferme
810 2521 920 2582 tamen
951 2514 986 2582 in
1019 2532 1059 2581 ea
1086 2515 1227 2602 regione
1258 2509 1425 2584 habebant
1449 2511 1643 2600 Ecclesias,
1679 2535 1753 2583 curn
1788 2531 1904 2583 omnes
1937 2533 2045 2608 prope

670 2630 705 2698 in
730 2626 955 2700 Iacobitarum
982 2625 1114 2698 haeresi
1140 2638 1263 2700 essent.
1316 2627 1409 2700 Multi
1436 2651 1568 2724 quoque
1600 2628 1655 2702 alii
1691 2627 1915 2726 Episcopatus
1943 2651 2044 2700 conr-

671 2754 896 2815 memorantur
922 2746 956 2814 in
983 2741 1152 2814 Thebaide
1180 2743 1265 2840 apud
1293 2748 1476 2841 scriptores
1504 2743 1685 2819 Jacobitas.
1739 2742 1835 2816 Unde
1862 2743 2045 2816 verisimile

651 2842 726 2932 'est
751 2864 849 2931 istum
874 2858 1110 2954 Episcopatum
1139 2860 1229 2932 titulo
1257 2871 1352 2934 tenus
1379 2860 1482 2933 nosse
1509 2861 1595 2957 apud
1617 2861 1810 2949 Melcbitas,
1843 2883 1910 2932 non
1938 2863 2045 2932 minus

674 2999 772 3071 quam
797 2974 1054 3072 praecedentem
1083 2985 1117 3046 et
1143 2986 1336 3070 sequentem
1362 2977 1576 3074 Metropoles.

692 3109 697 3119 '
779 3092 912 3166 CXVII.
954 3113 1010 3166 vn.
1036 3093 1322 3186 Metropolitanus
1337 3095 1494 3178 Nubiae,·
1520 3093 1562 3164 de
1581 3117 1645 3189 qua
1659 3097 1725 3186 janr
1745 3097 1896 3191 superius
1923 3093 2046 3166 dictum

674 3218 743 3282 est:
770 3231 833 3280 nec
859 3211 1004 3280 occurrit
1030 3229 1161 3303 quoque
1187 3209 1272 3281 haec
1306 3209 1504 3307 Metropolis
1538 3211 1572 3281 in
1609 3209 1748 3283 Graecis
1780 3209 1933 3300 Notitiis,
1966 3211 2044 3304 quia

674 3326 715 3399 ab
742 3327 833 3398 initio
860 3347 971 3428 renum
996 3323 1309 3408 Muhamedanarnm
1334 3325 1509 3398 Jaccbitae
1537 3348 1668 3398 omnem
1695 3327 1729 3397 in
1749 3324 1914 3417 religione
1940 3334 2045 3397 anto-

673 3447 803 3515 ritatem
830 3440 896 3512 illic
922 3439 1140 3513 obtinuenrnt.
1588 3487 1591 3494 ι

779 3558 927 3631 CXVIII.
979 3578 1047 3629 vnr.
1074 3558 1297 3651 Metropolita
1320 3557 1512 3648 Pharmne,
1545 3581 1631 3653 quae
1658 3556 1745 3652 apud
1771 3554 1943 3629 Jacobitas
1971 3565 2046 3628 erat

674 3675 754 3748 urbs
780 3673 1002 3770 Episcopalis,
1027 3677 1198 3746 notissima
1224 3673 1310 3770 apud
1323 3673 1543 3770 Geograpbos
1570 3686 1604 3746 et
1629 3672 1817 3746 Historiccs
1842 3672 1995 3761 Arabes,
2023 3697 2044 3745 a

673 3789 835 3863 Ilolauma
862 3811 923 3862 seu
950 3788 1144 3884 clysmate,
1178 3792 1274 3862 unius
1310 3789 1392 3880 diei,
1418 3795 1592 3886 noctisque
1623 3793 1741 3861 itinere
1774 3789 1918 3864 distans:
1954 3786 2043 3860 nulla

673 3909 748 3999 ejus
775 3905 862 4003 apud
896 3903 1099 3978 Graecarum
1131 3905 1328 3978 Notitiarum
1364 3917 1498 3981 autores
1531 3910 1672 3996 mentio,
1705 3907 1770 3979 nisi
1804 3927 1866 4002 per
1898 3903 2044 3975 Pharon

674 4023 878 4116 designetur.

778 4138 898 4212 CXIX.
952 4160 997 4210 rx.
1030 4137 1316 4231 Metropolitanus
1346 4137 1461 4209 Tinnia
1497 4145 1531 4210 et
1556 4136 1689 4232 Libyae
1716 4144 1750 4210 et
1775 4138 1939 4209 ditionum
1960 4140 2041 4227 ejus.

673 4254 764 4328 Urbs
791 4277 923 4350 quoque
949 4254 1034 4326 haee
1066 4257 1252 4328 notissima:
1287 4253 1491 4349 Episcopum
1524 4252 1635 4327 habuit
1672 4256 1847 4349 antiquitus
1882 4256 1916 4325 in
1948 4261 2042 4325 secta

674 4369 869 4444 Jacobitica.
924 4369 1087 4443 Octavam
1113 4371 1315 4467 Metropolin
1348 4382 1498 4468 numerat
1524 4365 1619 4443 Nilus
1649 4370 1815 4460 Touesin,
1842 4373 1875 4442 in
1901 4370 2043 4464 septimo

673 4488 740 4561 Nili
767 4491 854 4563 ostio
882 4489 989 4563 sitam.
1043 4488 1089 4559 At
1117 4485 1223 4582 Libya
1250 4486 1416 4581 promodo
1443 4484 1518 4558 huic
1544 4486 1617 4560 sedi
1633 4487 1809 4578 conjuncta
1826 4507 1903 4560 esse
1918 4492 2043 4580 potne-

672 4608 733 4696 rit,
759 4607 822 4676 nisi
849 4602 941 4676 titulo
970 4614 1081 4692 tenus,
1104 4603 1255 4695 judicare
1282 4601 1409 4674 difficile
1436 4613 1497 4676 est

460 4727 493 4778 mi
538 4764 544 4776 ·
674 4769 678 4774 -
778 4719 883 4793 CXX.
938 4741 971 4790 x.
998 4719 1283 4812 Metropolitanus
1308 4719 1510 4790 Damietae:
1542 4717 1622 4791 urbs
1655 4720 1826 4790 notissima
1860 4739 1907 4788 ex
1939 4717 2043 4790 varhs

673 4836 879 4909 Francorum
908 4834 1184 4930 expeditionibus.
1238 4833 1329 4907 Illam
1358 4844 1467 4907 autenr
1492 4834 1587 4907 Nilus
1613 4843 1770 4908 recenset
1796 4843 1893 4905 extra
1920 4854 2046 4904 nurne-

644 5057 645 5062 ,
674 4974 748 5024 rum
774 4961 851 5023 octo
878 4950 1131 5048 llletropoleon,
1164 4973 1252 5048 quae
1279 4951 1362 5024 alios
1377 4950 1601 5047 Episcopatus
1628 4950 1692 5026 sibi
1719 4950 1887 5042 subjectos
1912 4949 2045 5024 babent
