4686 6060
753 642 1292 720 ntttxnttttttttto
1622 643 1696 716 tet

324 831 521 906 Alercndri
532 831 767 904 Polrlcrcltne
782 829 1032 916 Alexandrini,
1051 833 1109 923 qni
1119 833 1188 922 scit
1203 850 1396 900 cencrnero
1409 829 1468 899 illo
1484 825 1697 902 cccxvttt.

325 951 361 1024 Ie
386 955 498 1020 onlern
523 950 631 1018 vetnit
655 971 699 1018 ne
726 948 887 1038 deinceps
912 945 1158 1016 Patrinrclrcrn
1184 944 1385 1038 Presbyteri
1417 952 1588 1016 crearent.
1641 944 1697 1016 Ex

324 1067 501 1136 autoritate
528 1074 593 1136 tam
619 1061 719 1150 futili,
745 1063 894 1135 loannes
921 1061 1086 1134 Seldenus
1116 1058 1307 1158 παράδοξα
1341 1060 1405 1134 duo
1442 1063 1523 1134 satis
1559 1060 1696 1157 probari

326 1181 549 1254 existimavit:
580 1177 612 1250 1.
639 1177 727 1272 quod
744 1175 993 1250 Alexandrinus
1020 1176 1213 1249 Patriarcha
1240 1177 1487 1274 aPreshyteris
1516 1178 1696 1270 eligeretur

326 1305 359 1368 et
386 1305 658 1368 consecraretur:
687 1295 721 1365 2.
748 1291 835 1388 quod
862 1292 947 1364 haec
974 1291 1135 1364 ordinatio
1161 1293 1240 1364 nihil
1266 1291 1353 1365 aliud
1379 1305 1471 1367 esset
1498 1317 1595 1390 quam
1623 1297 1696 1389 ipsa

327 1411 458 1484 electio.
1761 1403 1767 1412 ’

428 1525 519 1599 XXI.
574 1525 670 1612 Quae
696 1523 772 1596 iude
806 1536 923 1598 contra
956 1524 1138 1617 legitimam
1173 1537 1207 1598 et
1237 1529 1497 1600 vetustissimam
1522 1549 1584 1622 per
1609 1525 1696 1622 Epi·
1756 1551 1860 1604 sauens
1879 1555 1911 1608 oe
1929 1571 1959 1607 ea
1975 1555 2022 1623 ja-

326 1665 506 1738 sooporum
546 1664 662 1714 manus
701 1641 941 1714 ordinationem
982 1645 1016 1713 in
1054 1641 1167 1714 libello
1209 1641 1250 1715 de
1292 1641 1483 1734 Originibus
1521 1643 1698 1716 Ecclesiae
1711 1637 1805 1690 erctum
1824 1639 1956 1693 reseratur.

327 1757 579 1834 Alexandrinae
606 1757 695 1828 edito
721 1756 864 1829 Londini
893 1756 1004 1832 1642.
1031 1759 1270 1853 prolixissime,
1296 1780 1390 1830 more
1417 1779 1479 1832 suo
1508 1757 1697 1854 disputavit,

324 1875 394 1965 jam
422 1897 441 1943 a
469 1871 577 1948 multis
603 1871 746 1944 refutata
773 1883 864 1961 sunt,
892 1883 926 1945 et
958 1872 1022 1946 hoc
1049 1896 1115 1946 uno
1150 1869 1346 1965 argumento
1379 1878 1461 1946 satis
1493 1873 1699 1967 refelluntur,

329 1987 417 2083 quod
454 2011 474 2058 a
508 1989 638 2058 nemine
677 1987 783 2060 simile
825 1989 1001 2084 quidquam
1038 1989 1142 2062 literis
1180 1989 1344 2085 proditum
1386 1999 1447 2062 est.
1506 1988 1699 2062 Absurdum

328 2115 437 2178 autem
463 2124 603 2199 prorsus
635 2103 768 2176 videtur
795 2108 987 2178 existimare
1013 2105 1178 2180 hominem
1205 2109 1238 2178 in
1271 2107 1434 2201 Aegypto
1468 2115 1579 2178 natum
1614 2127 1699 2178 sae-

245 2314 249 2320 ,
327 2220 403 2294 culo
431 2219 572 2305 decimo,
600 2229 634 2291 et
660 2222 693 2290 in
719 2218 815 2292 iaece
843 2219 1008 2294 Graeciae
1034 2221 1216 2313 barbarae,
1244 2245 1286 2294 ea
1313 2221 1355 2293 de
1377 2223 1518 2315 antiquis
1538 2219 1699 2292 Alexan-

329 2335 497 2409 drinorum
523 2336 675 2406 institutis
703 2338 862 2422 scivisse,
890 2358 1029 2432 quorum
1056 2359 1099 2409 ne
1125 2339 1304 2429 vestigium
1323 2337 1452 2431 quidem
1470 2340 1503 2407 iu
1520 2344 1569 2407 tot
1584 2335 1700 2406 Atha-

328 2455 414 2524 nasii
440 2472 575 2524 causam
602 2451 826 2545 spectantibus
855 2456 937 2525 actis
965 2461 999 2524 et
1025 2453 1193 2548 epistolis,
1220 2464 1333 2548 totque
1361 2452 1434 2526 aliis
1452 2443 1699 2523 Ecclesiastiois

329 2569 548 2641 monumentis
580 2577 749 2662 appareat.
802 2568 873 2641 Imo
905 2590 1014 2663 neque
1046 2573 1121 2664 ipse
1151 2577 1307 2643 constare
1339 2567 1471 2640 videtur
1503 2565 1589 2656 sibi,
1626 2589 1700 2636 cum

330 2681 544 2778 disciplinae,
570 2704 669 2777 quam
695 2682 817 2773 refert,
844 2707 887 2757 ne
913 2707 1013 2757 unum
1040 2685 1173 2780 quidem
1200 2683 1389 2779 exemplum
1403 2691 1578 2778 proponat.
1618 2682 1699 2753 Au-

330 2806 436 2870 torem
460 2821 565 2892 opere
590 2800 750 2893 singulari
772 2799 894 2874 refellit
912 2800 1124 2875 Abrahamus
1138 2801 1345 2874 Echelleusis
1365 2799 1544 2886 Maronita,
1571 2802 1625 2870 cui
1653 2801 1700 2870 ti-

330 2913 428 2986 tulum
457 2913 562 3007 dedit,
588 2901 749 3009 Entpclii
774 2918 958 3007 vindicati,
999 2927 1033 2989 et
1066 2920 1099 2988 in
1126 2937 1192 3010 quo
1220 2916 1355 2989 Seldeni
1381 2916 1601 3008 ignorantiam
1633 2926 1700 2988 mm

329 3030 436 3104 solide
463 3030 683 3125 demonstrat,
708 3043 744 3105 ut
770 3036 882 3106 mirari
907 3034 1007 3106 liceat
1034 3055 1093 3105 cur
1119 3034 1371 3123 Protestantes,
1405 3032 1510 3124 Angli
1537 3051 1701 3127 praeser-

331 3148 404 3234 tim,
439 3149 499 3219 vix
530 3147 616 3222 illius
642 3151 859 3222 meminerint.
918 3149 1014 3235 Quae
1047 3147 1089 3220 ad
1121 3147 1243 3241 dogma
1276 3148 1518 3241 Theologicum
1552 3147 1700 3219 Ordina-

329 3263 429 3336 tionis
455 3285 522 3336 nou
549 3263 645 3336 aliter
670 3264 861 3337 celebratae
895 3287 991 3359 quam
1018 3285 1079 3359 per
1106 3267 1349 3359 impositionem
1376 3285 1530 3337 manuum
1548 3262 1701 3358 Episco-

330 3397 467 3473 porum,
494 3389 528 3450 et
552 3379 729 3454 falsitatem
757 3382 940 3476 nomionis,
967 3403 1065 3475 quam
1091 3383 1124 3452 in
1150 3381 1257 3453 Aerio
1285 3388 1318 3452 et
1344 3382 1459 3474 paucis
1495 3377 1567 3451 aliis
1595 3377 1702 3449 sancti

330 3493 450 3567 Patres
475 3495 659 3572 haereseos
684 3496 936 3586 damnaremur,
962 3507 1102 3592 possent
1127 3499 1313 3593 pertinere,
1348 3517 1407 3584 ca,
1440 3517 1516 3568 cum
1542 3493 1585 3566 ad
1616 3490 1701 3564 hanc

331 3610 607 3683 Dissertationam
634 3634 701 3684 non
728 3621 899 3706 spectent,
932 3611 1117 3686 referemus
1144 3617 1178 3685 in
1204 3611 1277 3699 illa,
1314 3633 1379 3705 qua
1406 3631 1523 3684 sacras
1550 3607 1700 3680 Ordina-

330 3729 440 3798 tiones
468 3727 640 3822 axplicare
667 3726 869 3801 conabimur.
924 3727 1020 3813 Quae
1045 3728 1217 3800 historiam
1242 3725 1435 3820 disciplinae
1466 3723 1508 3798 ad
1526 3723 1702 3815 eligendos

333 3851 367 3912 et
393 3842 640 3916 consecrandos
665 3841 877 3917 Patriarchns
904 3853 1073 3939 spectant,
1100 3846 1215 3938 paucis
1243 3863 1460 3936 exponemus.
2013 3913 2014 3918 ,

434 3957 541 4028 XXII.
593 3957 746 4030 Electum
772 3957 996 4031 Patriarcham
1023 3981 1068 4030 ex
1099 3958 1377 4054 Presbyterorum
1411 3956 1556 4049 collegio
1589 3953 1699 4026 tradi-
1746 3980 1846 4035 niceno
1857 3979 2022 4032 eatena·-

332 4071 378 4144 dit
402 4069 647 4167 Hieronymus,
674 4077 767 4165 cujus
795 4076 953 4149 autoritas
980 4076 1086 4165 major
1113 4083 1165 4147 est
1191 4095 1289 4168 quam
1315 4071 1488 4168 Eutychii,
1522 4082 1621 4167 atque
1654 4074 1700 4145 ita
1712 4083 1776 4120 ¹⁰¹⁰·
1840 4071 1843 4080 ¹

330 4185 453 4260 factum
481 4187 656 4282 aliquando
683 4189 930 4285 credipotest,
956 4194 1023 4262 imo
1050 4190 1229 4266 secundum
1256 4209 1464 4262 commuurem
1495 4185 1701 4282 disciplinam

330 4302 413 4396 brit,
438 4314 474 4377 ut
498 4303 658 4400 Episcopi
686 4329 730 4376 ex
757 4309 861 4401 ipsius
888 4305 1078 4394 Ecclesiae,
1105 4309 1139 4376 in
1166 4327 1230 4399 qua
1256 4327 1318 4400 per
1345 4303 1585 4376 ordinationem
1621 4303 1701 4376 alli-

331 4424 400 4514 gati
426 4429 541 4513 erant,
567 4424 698 4512 gremio
725 4420 996 4510 adsumerentur,
1024 4420 1111 4515 quod
1136 4419 1259 4493 iactum
1287 4421 1397 4492 estin
1423 4417 1573 4490 ornuibus
1596 4417 1704 4492 ferme

330 4534 512 4625 Ecclesiis,
541 4540 639 4608 ebam
666 4559 713 4608 ex
739 4559 805 4631 quo
831 4558 987 4628 magnum
1013 4534 1252 4609 Ecclesiastico
1279 4534 1452 4632 disciplina
1473 4528 1703 4608 detrimentum

332 4654 479 4749 accepit,
506 4673 613 4747 eaque
639 4650 745 4724 adhuc
770 4651 888 4744 regula
916 4652 1118 4724 observatur
1143 4655 1176 4723 in
1190 4651 1396 4724 Germanicis
1413 4647 1588 4746 Capitulis,
1617 4674 1702 4747 quae

328 4769 384 4858 jus
411 4767 640 4859 eligendorum
665 4767 910 4863 Episcoporum
937 4776 1154 4858 conservant,
1180 4778 1216 4839 ut
1241 4767 1450 4864 Episcopus,¹
1470 4775 1704 4862 praeterquam

333 4904 379 4954 ex
405 4883 582 4957 Ecclesiae
606 4886 756 4976 gremio,
783 4881 862 4975 eligi
888 4903 987 4954 nemo
1014 4887 1131 4976 possit.
1183 4883 1310 4956 Verum
1341 4905 1451 4977 neque
1482 4882 1703 4978 Hieronymo,

333 5019 445 5094 neque
470 5000 534 5074 illis
562 4999 731 5074 autoribus
759 4998 880 5071 dictum
908 5005 975 5085 est,
1003 5005 1075 5100 autx
1091 4999 1184 5070 venit
1215 5003 1250 5070 in
1284 5007 1445 5086 menmm,
1479 4997 1705 5095 Presbyteros

334 5115 510 5190 ordinasse
534 5115 748 5212 Episcopum.
802 5111 887 5186 Gom
914 5112 1001 5184 enim
1028 5135 1071 5186 eo
1097 5116 1174 5209 ipso
1200 5112 1277 5188 loco
1305 5136 1404 5210 quem
1437 5125 1558 5207 urgent
1589 5123 1705 5188 tauto-

1415 5231 1499 5306 et*
