4670 6046
646 612 722 686 306
1217 614 1448 693 NOTAE

644 795 681 858 lis
703 796 862 860 Ecclesiae
884 795 1093 880 Aegyptiacae
1116 815 1186 861 esse
1208 800 1362 879 patuisse,
1394 799 1450 862 etsi
1474 799 1554 864 illius
1578 801 1614 864 ad
1638 820 1673 866 se
1696 803 1854 883 epistolam
1875 801 2020 869 Barthol-

644 892 700 956 dus
723 893 865 960 Nibnsius
888 897 1117 979 Symmiatorum
1140 897 1254 976 editor,
1278 897 1319 960 illi
1342 898 1552 978 praemiserit,
1581 901 1612 962 in
1634 919 1693 982 qua
1721 921 1798 982 opor
1826 903 1861 963 id
1881 902 1941 964 Dei
1961 903 2019 965 ho-
2114 923 2116 928 ·

643 994 738 1054 nitate
752 998 863 1076 exiguo
882 998 1026 1076 temporis
1034 999 1135 1076 spotia
1150 997 1378 1076 interpretatum
1390 1017 1423 1059 se
1434 1017 1501 1062 ease
1513 1008 1651 1079 testatur,
1662 1003 1755 1079 jusso
1769 999 2021 1082 Cangrcgoticm'a

644 1094 683 1154 de
700 1095 906 1174 propaganda
924 1096 994 1175 fide.
1019 1095 1212 1158 Festinanter
1234 1114 1306 1159 sane
1330 1096 1450 1159 nimium
1473 1097 1503 1159 id
1526 1100 1689 1178 praestitit,
1718 1101 1898 1181 quicumque
1921 1099 2021 1161 inter-

642 1210 715 1273 pres
737 1190 806 1255 tuit:
830 1200 861 1256 et
882 1195 908 1255 si
933 1193 1140 1275 Congregatio
1164 1213 1204 1257 ex
1227 1194 1277 1256 illa
1301 1196 1444 1258 versione
1467 1194 1505 1258 de
1520 1195 1636 1260 Ritibus
1655 1197 1843 1280 Coptitarum
1861 1199 2019 1280 judicavit,

642 1290 716 1353 nihil
738 1291 834 1355 minus
858 1312 947 1374 quam
969 1292 1089 1356 illorum
1111 1293 1298 1374 disciplinam
1321 1293 1461 1375 probavit
1483 1303 1534 1358 aut
1556 1297 1745 1377 improbavit.

730 1424 834 1507 ltaque
856 1426 894 1489 de
917 1427 1124 1489 benedictinae
1145 1428 1239 1489 aestas
1260 1434 1290 1488 et
1311 1429 1431 1506 proedo
1454 1429 1591 1490 lacerato
1612 1439 1668 1506 eat,
1691 1449 1729 1493 nc
1752 1430 1868 1512 syllaba
1888 1431 2018 1510 quidem,

643 1527 755 1590 tamin
779 1525 906 1606 Coptica
930 1532 1033 1602 textu,
1056 1544 1144 1607 quam
1166 1528 1197 1586 in
1218 1524 1371 1588 Arabico:
1396 1544 1463 1588 eum
1486 1527 1516 1588 in
1538 1529 1634 1607 primo
1664 1545 1725 1591 vax
1756 1529 1873 1592 Graeca
1895 1515 2022 1601 Aloaoc'

644 1632 795 1704 accurrat,
817 1643 896 1704 quac
917 1631 1040 1698 castam,
1063 1643 1214 1705 nunquam
1237 1623 1354 1685 Graece
1376 1633 1426 1686 aut
1443 1624 1568 1706 Coptica
1592 1627 1782 1708 significavit.
1812 1627 1909 1692 Error
1930 1635 2018 1688 natus

644 1742 684 1787 ex
705 1723 783 1788 mala
806 1723 937 1786 lectione
960 1741 1068 1786 vocum
1089 1721 1303 1786 Arabicarum:
1326 1729 1395 1785 ham
1413 1724 1443 1785 in
1460 1725 1602 1806 Copticas
1622 1741 1662 1787 ne
1682 1724 1803 1806 quidem
1818 1727 1923 1790 oculos
1939 1741 2019 1788 con-

642 1824 754 1904 jecisse
776 1823 984 1903 interpretem,
1007 1824 1081 1886 satis
1103 1821 1291 1884 manifestum
1314 1829 1371 1884 est.
1401 1822 1461 1886 Sed
1483 1825 1550 1904 quis
1573 1823 1704 1900 tandem,
1726 1825 1804 1889 inter
1818 1823 2019 1907 Episcopales

642 1922 871 1984 benedictiones
893 1922 1108 2003 cuiuscumque
1131 1922 1268 2003 linguae,
1291 1921 1395 1984 similis
1418 1920 1543 2005 alicujus
1565 1923 1728 2006 vestigium
1750 1923 1890 2005 reperit?
1916 1924 2016 1987 Laoc·

642 2029 708 2084 rata
731 2022 825 2083 vestis
848 2019 886 2082 ad
909 2027 1057 2083 sartorem
1080 2021 1212 2094 mittitur,
1234 2036 1295 2084 uon
1317 2020 1356 2082 ad
1377 2020 1573 2101 Episcopum,
1596 2029 1626 2084 et
1646 2021 1785 2086 diversae
1801 2023 1889 2106 leges
1904 2021 2018 2085 Eccle-

642 2122 784 2184 siastiaae
806 2119 1010 2200 praecipiunt,
1032 2127 1065 2182 ut
1087 2117 1315 2195 sacerdotales,
1339 2127 1390 2181 aut
1412 2119 1490 2182 allae
1512 2127 1614 2182 vestes
1643 2139 1722 2202 quae
1753 2121 1790 2182 ad
1820 2120 2018 2184 ministerium

642 2238 761 2282 sacrum
784 2219 951 2298 pertinent,
973 2217 999 2280 si
1023 2216 1151 2280 detritae
1172 2218 1293 2280 nimium
1314 2218 1389 2296 sint,
1411 2227 1608 2298 reponantur,
1635 2237 1692 2282 nec
1716 2219 1753 2281 ad
1775 2218 1920 2301 profanas
1943 2235 2016 2282 usus

641 2317 849 2382 adhibeantur.

731 2447 860 2512 Creator
883 2468 944 2512 nan
967 2449 1094 2534 legitur,
1116 2450 1299 2530 inutraque
1321 2457 1420 2514 textu:
1443 2459 1505 2514 turn
1526 2450 1598 2544 illud
1622 2452 1774 2514 ardinomi
1799 2459 1912 2513 acatem
1939 2469 2018 2512 aon-

643 2551 756 2609 ctaarii
776 2550 986 2631 imaginarium
1006 2557 1064 2627 est,
1088 2566 1155 2610 cum
1178 2550 1208 2610 in
1225 2547 1352 2631 Coptica
1373 2550 1494 2632 legatur
1515 2568 1578 2612 vox
1598 2545 1698 2629 πίναξ
1719 2549 1841 2632 paulum
1863 2558 2018 2630 corrupta,

643 2664 722 2727 quae
745 2647 915 2730 explicatur
937 2655 1021 2711 recte
1043 2649 1073 2709 in
1097 2647 1252 2710 Glossario
1275 2649 1567 2731 Coptica-Arabico,
1590 2649 1672 2730 quod
1687 2649 1852 2713 llireherus
1869 2648 2017 2726 ediderat,

641 2765 681 2808 ex
704 2745 821 2810 Graeca
843 2749 974 2830 origine.

727 2880 830 2960 Supra
850 2881 931 2942 boae
951 2886 1064 2941 uestem
1085 2877 1272 2940 batedictam
1301 2899 1341 2941 ec
1367 2880 1479 2944 nabore
1508 2882 1648 2961 corporis
1675 2883 1720 2942 tui
1746 2881 1854 2943 secati.
1901 2879 2018 2963 Gryphi

639 2986 709 3042 sunt
730 2977 806 3042 baec
828 2978 938 3057 verba,
962 2985 992 3041 et
1016 2978 1202 3061 aenigmata,
1225 2979 1295 3057 quia
1317 2995 1374 3041 nec
1398 2977 1543 3062 Coptica,
1566 2997 1624 3042 nec
1646 2978 1778 3042 Arabica
1800 2978 1894 3041 verba
1917 2979 2018 3042 inter-

638 3097 712 3161 pres
736 3085 894 3142 assecutus
920 3085 983 3155 est,
1013 3094 1091 3158 quae
1120 3075 1291 3160 significant
1320 3075 1349 3138 id
1380 3077 1460 3158 quad
1488 3079 1632 3141 versione
1661 3085 1766 3140 nostra
1797 3079 2015 3159 expressimus.

639 3178 717 3252 Quid
740 3197 833 3260 porro
857 3177 983 3260 intelligi
1005 3176 1102 3257 possit
1124 3176 1156 3237 in
1178 3174 1247 3248 illis,
1270 3174 1350 3238 haud
1371 3177 1510 3258 equidem
1533 3176 1638 3239 video:
1666 3193 1735 3238 narn
1756 3176 1853 3239 ridor
1874 3179 2018 3256 corporis

639 3277 769 3354 Christi,
792 3277 903 3339 locutio
926 3283 973 3339 cst
994 3294 1083 3358 qnam
1106 3275 1136 3336 iu
1159 3273 1260 3352 nullis,
1286 3275 1376 3337 etiam
1397 3278 1524 3340 maxime
1547 3276 1684 3357 figuratis
1707 3274 1894 3339 orationibus
1916 3295 2017 3358 repe-

637 3377 716 3455 rias,
741 3377 832 3439 multo
855 3377 952 3438 miuus
975 3375 1056 3439 alibi.
1100 3373 1217 3438 Deinde
1241 3391 1300 3454 qua
1322 3375 1439 3437 ratione
1463 3376 1556 3438 vestis
1571 3375 1814 3438 benedictionem
1831 3375 2015 3439 contrahere

636 3484 744 3558 posset
773 3495 813 3538 ex
843 3492 974 3556 corpore
997 3473 1123 3552 Christi,
1154 3491 1220 3535 cnm
1250 3471 1322 3534 illud
1352 3489 1412 3534 nan
1442 3474 1583 3556 attingat3
1613 3472 1689 3536 adeo
1719 3481 1752 3536 ut
1779 3474 1882 3556 gravis
1911 3491 2014 3555 poena

637 3583 786 3640 statuatur
812 3575 960 3638 adversus
988 3574 1183 3637 Sacerdotem
1213 3581 1264 3635 aut
1292 3572 1458 3634 Diaconum
1488 3574 1540 3653 qui
1569 3571 1763 3635 Sacramenta
1794 3569 2029 3650 distribuenda,

638 3674 781 3738 cochlear
803 3692 943 3753 sacrum,
966 3674 1025 3737 illis
1048 3675 1137 3736 etiam
1160 3671 1286 3749 nolens,
1310 3679 1340 3733 et
1362 3672 1497 3733 mcautus
1520 3669 1652 3750 allricat,
1682 3678 1735 3734 aut
1757 3671 1809 3753 qui
1832 3689 1888 3752 per
1908 3669 2016 3752 negli-

637 3776 770 3858 gentiam
792 3793 885 3856 super
906 3772 958 3836 illa
980 3793 1020 3836 ex
1042 3772 1127 3836 disca
1154 3771 1204 3834 vel
1232 3770 1328 3834 calice
1359 3769 1472 3850 aliquid
1499 3769 1664 3832 effuderit?
1699 3771 1766 3845 Qua
1796 3770 1885 3832 etiam
1917 3787 2013 3832 sensu

636 3876 730 3938 vestis
754 3876 933 3954 praesertim
956 3873 1057 3937 lacera
1079 3873 1222 3934 aramma
1244 3872 1308 3934 dici
1328 3876 1429 3950 pateat
1455 3871 1487 3930 in
1517 3870 1638 3949 ternpla,
1666 3871 1747 3952 qood
1775 3877 1822 3932 est
1848 3868 2013 3932 Ecclesia?

637 3973 745 4036 Heilrel
767 3955 844 4042 ham
867 3992 945 4054 quae
962 3991 1023 4036 vox
1040 3970 1088 4036 hic
1104 3978 1277 4051 usurpatur,
1289 3972 1319 4032 in
1334 3968 1404 4032 stila
1423 3968 1641 4032 Ecclesiastico
1657 3971 1876 4044 sanemarium
1895 3967 2012 4049 ipsum-

637 4091 697 4154 que
720 4073 879 4154 aliquaodo
902 4075 1000 4136 altore
1019 4071 1187 4155 significat,
1215 4078 1248 4132 ut
1277 4069 1335 4132 hae
1358 4069 1444 4146 loca,
1475 4088 1584 4150 nempe
1615 4070 1684 4151 quie
1710 4071 1785 4134 haec
1815 4087 1874 4150 pro
1903 4067 2012 4131 eodem

636 4182 835 4254 usurpantur,
859 4176 943 4236 toccu
965 4173 1075 4234 altares
1097 4179 1127 4234 et
1149 4172 1263 4250 altare,
1287 4177 1318 4232 ut
1341 4169 1463 4250 saepius
1486 4170 1676 4234 observatur.
1722 4167 1763 4231 ht
1784 4169 1810 4230 si
1834 4165 2014 4230 attendisset

635 4271 786 4354 interpres
814 4273 852 4336 ad
879 4291 989 4335 vacem
1017 4259 1259 4355 θυσιαστήριον
1280 4286 1358 4350 quae
1386 4287 1424 4330 ea
1448 4269 1516 4332 laco
1547 4268 1673 4351 legitur,
1702 4285 1762 4330 non
1791 4275 1835 4330 tot
1863 4266 2012 4346 portentis

634 4373 807 4436 versionem
829 4391 914 4436 suam
937 4373 1132 4453 inquinasset,
1158 4369 1184 4431 si
1206 4369 1247 4431 ita
1268 4370 1374 4430 vacari
1395 4374 1497 4448 potest
1520 4374 1663 4431 constans
1687 4374 1717 4430 et
1738 4372 1887 4447 perpetua
1911 4362 2013 4426 hallu-

635 4471 756 4536 cinatio.
780 4471 874 4545 Quam
898 4471 969 4534 honi
995 4468 1114 4551 judices
1144 4486 1215 4531 esse
1244 4468 1416 4548 potuerint,
1448 4467 1499 4548 qui
1527 4469 1602 4530 ritus
1633 4465 1804 4529 Orientales
1835 4481 1891 4546 per
1919 4461 2012 4524 talem

634 4571 830 4652 interpretem
853 4571 1036 4654 cognovisse
1060 4587 1094 4631 se
1117 4567 1252 4630 arbitrati
1274 4575 1358 4646 sunt,
1383 4567 1556 4629 existimare
1579 4567 1708 4648 quisque
1729 4571 1842 4646 potest.
1876 4559 2012 4626 Tandem

634 4676 750 4732 certum
774 4689 844 4733 esse
867 4669 975 4748 debet,
998 4667 1108 4730 nullam
1131 4667 1226 4729 vestis
1249 4667 1400 4729 laceratae
1424 4666 1664 4728 benedictionem
1689 4664 1768 4746 apud
1785 4662 1919 4745 Coptitas
1942 4659 2011 4722 ire-

634 4771 787 4856 queptari;
817 4769 1029 4832 multominus
1052 4765 1267 4849 cantraleges
1296 4783 1401 4828 amnes
1423 4765 1675 4843 Ecclesiasticus,
1707 4762 1843 4835 Chrisma
1873 4759 2012 4824 adhiberi

633 4885 693 4948 quo
717 4868 842 4932 laciniae
864 4886 943 4950 quae
966 4870 996 4930 in
1019 4869 1153 4931 sacrario
1177 4865 1373 4948 reponendae
1395 4872 1482 4945 sunt,
1511 4883 1568 4929 neo
1597 4864 1635 4927 ad
1663 4881 1782 4926 sacrum
1814 4859 2011 4924 ministerium

634 4966 836 5046 adhibendae,
862 4973 1089 5030 consecrentur.
