4736 6064
811 1103 2008 1199 aoobalclubtottolnlrlottls

1135 1319 1406 1398 burmanniana
1428 1321 1684 1397 muruham
1746 1407 1751 1412 ,

1069 1509 1755 1630 OBSERVATIONES.

820 1844 969 1922 Orrrcrua
997 1854 1200 1918 Ordinationis
1234 1853 1425 1918 Patriarchae
1463 1852 1661 1916 Alexandrini
1690 1854 1910 1940 Jacobitarum,
1949 1881 2096 1945 nusquam

719 1967 808 2021 antea
838 1959 964 2036 editum,
995 1958 1185 2039 interpretati
1218 1975 1320 2020 sumus
1350 1977 1390 2020 ex
1419 1955 1531 2019 Codice
1559 1965 1702 2020 accurate
1731 1967 1761 2021 et
1791 1961 1951 2042 eleganter
1980 1971 2096 2049 scripto

718 2057 922 2120 Bibliothecae
947 2058 1165 2142 Seguierianae
1189 2057 1316 2138 Coptica
1341 2065 1371 2119 et
1393 2054 1534 2118 Arabico.
1581 2053 1655 2116 lllud
1679 2056 1741 2118 suis
1765 2057 1875 2142 linguis
1899 2063 1958 2128 illis
1983 2065 2094 2128 dedis-

718 2175 829 2233 semus,
853 2158 910 2219 nisi
933 2158 1126 2220 characteres
1148 2157 1349 2234 deiecissent,
1372 2173 1500 2236 quorum
1526 2163 1560 2217 ut
1583 2154 1707 2216 aliorum
1736 2161 1865 2220 omnium
1896 2161 2093 2228 Orientalium

717 2257 807 2337 periit
830 2258 925 2318 omnis
949 2257 1028 2338 apud
1052 2275 1109 2340 nos
1132 2256 1289 2331 memoria3
1313 2262 1491 2317 cumtameu
1510 2271 1564 2316 eos
1579 2271 1706 2334 quorum
1729 2256 1760 2317 in
1775 2256 1915 2340 Editione
1930 2260 2093 2327 Biblioruru

717 2355 960 2435 Polyglottorum
982 2355 1194 2418 Parisieusium
1217 2373 1290 2416 usus
1313 2353 1378 2430 fuit,
1401 2371 1515 2416 summa
1543 2371 1619 2434 prae
1649 2356 1779 2418 caeteris
1809 2356 1899 2421 luerit
1930 2362 2092 2446 elegantia,

717 2471 784 2515 nam
808 2455 845 2516 ad
869 2462 959 2535 typos
982 2455 1109 2537 insignis
1134 2453 1367 2536 typographiae
1390 2452 1545 2516 hlediceae
1569 2453 1688 2516 formati
1710 2451 1840 2521 fuerant.
1870 2457 1957 2530 Quod
1980 2480 2093 2542 super·

718 2559 799 2622 erat,
833 2562 1003 2616 accuratam
1025 2562 1058 2615 ut
1080 2554 1294 2630 existimamus,
1318 2552 1493 2614 versionem
1519 2552 1599 2615 illius
1629 2551 1724 2616 Officii
1752 2553 1905 2618 habebunt
1929 2558 2092 2626 Orientalia

717 2649 892 2731 disciplinae
914 2652 1147 2715 Ecclesiasticac
1171 2651 1308 2730 studiosi,
1332 2651 1381 2731 qui
1404 2667 1478 2713 sane
1494 2650 1592 2714 multis
1609 2651 1645 2713 ad
1662 2669 1728 2713 eam
1740 2655 1871 2733 penitius
1895 2675 2094 2742 cognoscen-

717 2747 783 2810 dam
807 2752 967 2830 praesidiis
994 2750 1128 2812 destituti
1156 2749 1214 2811 huc
1244 2768 1341 2830 usque
1371 2747 1499 2812 luerunt.
1550 2742 1626 2811 Nam
1654 2750 1709 2810 Vir
1738 2749 1950 2832 Clarissimus,
1981 2766 2011 2820 et
2043 2760 2093 2839 qui

716 2846 896 2911 laudabilem
925 2851 956 2910 in
988 2847 1156 2931 originibus
1183 2847 1406 2910 Ecclesiasticis
1442 2847 1627 2909 illustrandis
1656 2864 1780 2928 operam
1810 2855 1932 2915 navavit
1959 2853 2092 2920 loannes

715 2945 862 3027 Marinus,
886 2948 924 3010 de
953 2947 1137 3029 Coptitarum
1169 2947 1412 3009 Ordinationibus
1448 2947 1520 3008 nihil
1550 2945 1662 3024 habuit,
1691 2956 1816 3027 praeter
1846 2951 1960 3032 aliquot
1990 2953 2092 3018 Olllcia

717 3063 795 3124 quae
818 3065 858 3108 ex
880 3045 991 3108 Leonis
1015 3045 1117 3108 Allatii
1134 3045 1303 3127 Symmictis
1327 3045 1481 3120 translata,
1505 3044 1727 3109 Commentario
1751 3063 1807 3110 suo
1831 3049 1951 3130 adjecit,
1975 3060 2006 3114 et
2028 3053 2092 3116 Co-

716 3145 778 3207 dex
800 3145 879 3206 unde
901 3145 1111 3226 interpretatio
1134 3143 1213 3207 iacta
1237 3153 1295 3223 est,
1318 3146 1439 3226 integer
1460 3162 1521 3206 non
1545 3153 1621 3208 erat.
1673 3143 1742 3225 lpsa
1765 3165 1840 3210 vero
1864 3151 2011 3230 eJusmodi
2035 3161 2091 3233 est,

714 3251 747 3305 ut
761 3261 979 3326 quemcumque
994 3251 1128 3307 autorem
1148 3243 1296 3321 habuerit,
1320 3262 1388 3304 eum
1406 3244 1561 3323 utriusque
1576 3242 1698 3324 linguae
1714 3243 1859 3325 Copticae
1882 3256 1913 3310 et
1929 3250 2090 3330 Arabicae,

715 3351 776 3404 tum
799 3343 975 3424 disciplinae
996 3343 1248 3425 imperitissimum
1271 3342 1366 3404 fuisse
1388 3341 1487 3404 statim
1510 3340 1732 3422 deprehendat,
1764 3344 1943 3424 quicumque
1973 3347 2091 3408 medio-

715 3459 797 3503 crem
820 3442 991 3524 linguarum
1015 3449 1188 3504 antrorum
1212 3440 1407 3504 Orientalium
1430 3441 1564 3502 notitiam
1586 3438 1733 3502 habuerit.
1757 3465 1763 3474 ·
1783 3440 1857 3504 Cum
1885 3460 1959 3505 vero
1977 3445 2091 3526 justum

715 3540 752 3602 de
776 3540 1022 3604 Ordinationibus
1044 3542 1210 3604 secundum
1238 3539 1426 3620 disciplinam
1455 3538 1640 3601 Orientalcm
1671 3538 1924 3603 commentarium
1953 3551 2091 3622 paratum

713 3639 887 3719 habeamus,
909 3641 941 3702 in
969 3656 1028 3719 quo
1058 3639 1167 3717 multa,
1197 3657 1276 3719 quae
1298 3639 1336 3700 ad
1358 3637 1551 3700 Patriarchac
1580 3636 1798 3700 ordinationem
1827 3641 1999 3718 pertinent,
2023 3659 2089 3704 cum

714 3738 779 3800 aliis
803 3739 1066 3802 observationibus
1088 3738 1267 3814 reseremus,
1290 3754 1386 3818 pauca
1416 3745 1529 3798 tanturn
1553 3743 1584 3798 et
1606 3737 1778 3798 necessaria
1802 3743 1893 3799 notae
1923 3749 2088 3819 sequentes

714 3838 917 3902 continebunt.
963 3837 1083 3901 lnterea
1107 3837 1276 3918 comparari
1299 3852 1360 3898 non
1390 3835 1456 3897 sine
1484 3833 1583 3896 lructu
1612 3841 1757 3915 poterunt
1787 3851 1854 3896 cum
1884 3837 1942 3897 isto
1972 3836 2087 3918 Obicio,

713 3954 792 4016 quae
814 3937 949 3998 Marinus
972 3937 1083 4017 publici
1103 3935 1181 4018 juris
1204 3935 1276 3998 iecit
1289 3934 1406 3996 Graeca
1430 3941 1461 3995 et
1480 3933 1614 4014 Syriaca,
1637 3935 1717 3996 inter
1730 3951 1807 4014 quae
1824 3934 2086 4016 etAlexandrina‚

714 4033 875 4096 similitudo
899 4035 1026 4096 maxima
1049 4034 1223 4111 intercedit3
1257 4051 1356 4114 neque
1386 4031 1417 4094 id
1446 4033 1563 4094 mirum·
1582 4049 1650 4117 cum
1670 4032 1778 4094 'ornnia
1800 4051 1840 4094 ex
1868 4032 1976 4096 eodem
2005 4035 2088 4100 sonte

712 4133 889 4214 prodierint.
936 4133 1100 4197 Orientalia
1123 4135 1201 4196 enim
1224 4132 1327 4196 Oillcia
1350 4131 1449 4195 omnia
1472 4131 1607 4192 Graecae
1630 4139 1699 4192 sunt
1721 4133 1864 4213 originis:
1887 4151 1944 4196 uec
1970 4136 1999 4196 in
2023 4133 2088 4197 Eu-

714 4231 874 4295 charistiae
913 4234 1002 4296 modo
1037 4235 1267 4296 consecratione
1295 4229 1351 4295 sed
1380 4231 1412 4293 in
1446 4229 1583 4293 omatibus
1617 4230 1830 4294 Sacramentis.
1884 4230 1959 4293 Cum
1988 4240 2087 4296 autem

712 4330 877 4412 pleraeque
916 4331 1143 4410 caeremoniae,
1178 4340 1208 4395 et
1243 4333 1397 4394 orationes
1428 4346 1505 4410 quae
1540 4328 1576 4390 ad
1613 4328 1851 4391 consecrandum
1885 4330 2086 4396 Patriarcham

711 4428 950 4492 Alexandrinum
971 4432 1112 4512 usurpari
1135 4431 1244 4508 solent,
1268 4431 1305 4492 ab
1328 4429 1387 4491 illis
1410 4427 1920 4509 quanrdinationiEpiscoporum
1943 4434 2086 4513 propriae
2161 4431 2166 4440 ’

711 4537 780 4591 sunt
802 4547 863 4592 uon
885 4529 1007 4592 multum
1031 4529 1181 4607 dillerant,
1204 4548 1241 4592 ea
1264 4536 1377 4591 tantum
1395 4527 1679 4608 attingemusquae
1701 4526 1867 4609 singularia
1890 4537 1971 4607 sunt,
1995 4529 2085 4610 idque

711 4636 852 4708 quantum
875 4631 1041 4710 poterimus
1063 4630 1253 4693 brevissime.
1298 4628 1374 4690 Nam
1396 4626 1526 4688 ilistoria
1548 4625 1788 4688 Patriarcharum
1810 4625 2085 4692 Alexandrinorum

709 4744 809 4807 nuper
832 4726 923 4806 edila,
946 4729 1196 4810 praecedensque
1227 4727 1419 4804 Dissertatio,
1442 4723 1654 4788 commentarii
1677 4723 1831 4807 cujusdam
1862 4727 1899 4789 ad
1922 4727 2000 4790 hanc
2024 4728 2084 4792 Or-

711 4821 891 4887 dinationem
914 4825 983 4888 loco
1007 4845 1078 4890 esse
1101 4835 1238 4908 possunt,
1261 4844 1328 4888 cum
1351 4824 1430 4886 nulla
1453 4841 1487 4886 re
1510 4825 1606 4907 magis
1630 4822 1798 4906 disciplina,
1822 4843 1911 4906 quam
1933 4827 2082 4909 exemplis

710 4922 913 4986 confirmetur.

798 5019 994 5086 conditiones
1025 5040 1102 5104 quae
1133 5024 1329 5103 requiramtur
1365 5023 1397 5084 in
1424 5039 1463 5084 ao
1500 5021 1551 5101 qui
1579 5021 1617 5084 ad
1645 5022 1878 5086 Patriarchalem
1908 5023 2083 5106 dignitatem

709 5117 842 5202 eligitur,
864 5123 968 5202 paucis
991 5121 1217 5204 comprehendit
1228 5121 1358 5184 llubrica
1380 5119 1517 5183 initialis:
1541 5128 1572 5182 et
1594 5119 1664 5182 illae
1686 5139 1791 5184 omnes
1814 5123 1843 5184 in
1861 5121 2080 5185 Dissertationc
