4760 6038
658 425 1282 516 SANCTIBASILII.
1612 427 1663 500 2‘3
1749 449 1753 458 ·

287 620 385 687 munt
410 616 448 684 in
473 619 603 685 terrum
628 636 732 706 super
754 615 869 708 [acies
894 636 992 684 suas:
1018 614 1237 707 immittetque
1258 611 1434 683 Sacerdos
1451 610 1667 704 Despoticon

286 731 322 800 in
347 731 561 822 sarmatum,
588 733 745 800 natrano
769 729 823 800 sui
844 735 967 821 parte,
990 727 1222 822 formabitque
1250 751 1324 799 cum
1340 748 1381 799 co
1404 749 1540 798 crucem
1565 751 1667 822 unam

286 847 322 914 in
346 848 531 937 sanquine:
557 848 625 914 tum
651 844 792 932 educet,
820 849 854 916 et
881 868 923 916 eo
956 841 1107 937 siqncbit
1142 867 1268 938 corpas
1301 848 1454 914 sanctum
1486 844 1523 912 in
1558 842 1665 931 disco,

287 983 389 1030 muco
414 983 501 1029 una:
527 964 595 1029 tum
619 958 770 1052 siqnabit
796 983 871 1031 earn
895 963 998 1034 semet
1023 967 1188 1058 sanquine
1202 963 1358 1055 pretioso
1378 962 1415 1028 in
1431 958 1563 1030 modum
1578 981 1665 1029 cra-

287 1077 350 1162 cis,
379 1081 414 1145 et
439 1077 492 1144 ita
509 1075 675 1184 perficiet
706 1079 778 1145 tres
809 1079 1020 1168 siqnationcs
1051 1082 1211 1173 corporis
1243 1097 1346 1168 super
1379 1078 1595 1166 sanquinem,
1632 1081 1667 1144 et

286 1195 356 1260 tres
382 1212 430 1260 cn
456 1192 621 1282 sanquine
646 1212 750 1283 super
777 1214 910 1284 corpus.
962 1195 1126 1267 Peractis
1152 1213 1236 1265 cero
1262 1188 1511 1282 siqnationibus
1543 1188 1664 1275 tribus,

285 1308 394 1376 mittet
419 1305 635 1398 Despoticon
661 1307 699 1390 in
723 1311 938 1398 sanquinem,
965 1313 1060 1382 intra
1087 1310 1230 1382 codicem
1256 1307 1391 1377 dicens:

378 1419 590 1514 Benedictus
617 1417 778 1493 Dominus
804 1421 903 1494 Jesus
932 1421 1082 1500 Christus
1109 1424 1213 1498 Filius
1228 1423 1292 1496 Dci
1312 1431 1346 1494 et
1361 1421 1503 1516 Spiritus
1519 1429 1665 1492 senonis.

284 1533 404 1606 Amen.

394 1649 475 1720 Tum
496 1653 647 1743 accipiet
660 1650 836 1724 Sacerdos
861 1655 997 1726 tertiam
1018 1663 1154 1749 partem
1179 1658 1216 1726 in
1243 1675 1311 1748 qua
1337 1656 1415 1722 erat
1439 1649 1665 1742 Despoticon,

285 1764 479 1859 diridetqac
509 1769 545 1836 in
580 1772 651 1838 tres
680 1774 818 1860 portes:
853 1770 944 1863 quod
968 1775 999 1842 st
1021 1775 1154 1866 fuerint
1177 1791 1338 1866 maqnae,
1370 1770 1511 1861 [ranqct
1539 1789 1600 1838 ecs
1630 1771 1666 1838 in

285 1881 398 1968 disco,
427 1888 462 1951 et
488 1887 559 1953 tres
581 1889 703 1976 partes
727 1886 842 1954 monui
868 1885 1015 1957 dextrae
1041 1890 1204 1980 imponet,
1232 1907 1331 1979 quam
1356 1883 1518 1954 retinebit
1544 1881 1666 1953 eteoc-

285 2003 374 2068 tam:
402 1997 534 2066 taccam
559 2019 643 2068 cero
669 2002 765 2069 intro
790 2000 917 2071 discum
943 2008 979 2072 et
1004 2002 1104 2073 dicet.

390 2111 523 2208 Corpus
551 2123 701 2186 sanctum
728 2124 763 2186 et
784 2119 922 2209 sanguis
937 2118 1124 2212 pretiosus,
1144 2137 1265 2210 purus,
1291 2131 1413 2202 verus,
1439 2109 1522 2183 Jcsu
1541 2112 1665 2186 Christi

283 2225 359 2299 Filii
385 2225 451 2298 Dei
476 2230 593 2300 nostri.
618 2229 739 2302 Amen.
795 2230 928 2328 Corpus
962 2241 995 2304 ct
1028 2233 1164 2324 sanguis
1190 2227 1417 2302 Emmanuelis
1451 2224 1516 2298 Dei
1546 2234 1665 2321 nostri,

285 2341 351 2415 hoc
372 2351 426 2415 est
441 2346 475 2414 in
488 2345 539 2415 rci
554 2348 706 2418 veritate.
732 2345 854 2420 Amen.
885 2345 1011 2437 Credo,
1032 2346 1148 2437 credo,
1176 2347 1278 2419 credo
1300 2353 1333 2418 ct
1357 2341 1531 2432 confiteor,
1557 2368 1666 2440 usquc

285 2457 327 2529 ad
345 2468 532 2530 extremum
546 2462 639 2532 vitae
653 2463 814 2557 spiritum,
840 2460 906 2535 hoc
933 2484 1010 2536 esse
1038 2483 1160 2557 corpus
1186 2462 1355 2535 vivificum
1381 2455 1455 2529 Filii
1474 2461 1520 2529 tui
1539 2464 1666 2553 unige-

283 2575 342 2644 niti
367 2573 503 2646 Domini
528 2573 593 2646 Dei
620 2586 654 2647 ct
679 2574 870 2650 Salvatoris
905 2581 1013 2653 nostri
1043 2578 1128 2652 Jcsu
1164 2576 1304 2652 Christi:
1341 2577 1472 2671 accepit
1506 2575 1585 2647 iliud
1620 2600 1666 2648 ex

285 2689 429 2760 omnium
454 2699 605 2762 nostnrm
629 2691 791 2783 Domina,
816 2692 988 2790 Deipnrn,
1013 2692 1104 2767 Diva
1131 2703 1165 2766 et
1197 2703 1312 2766 sancta
1337 2692 1465 2784 Maria,
1498 2702 1532 2763 et
1564 2713 1663 2761 unum

283 2801 362 2876 illud
388 2803 470 2876 iecit
496 2827 570 2877 cum
599 2806 770 2880 divinitate
798 2800 878 2899 sua,
905 2813 978 2882 sinc
1005 2809 1222 2900 confusione,
1250 2811 1500 2897 commistione,
1526 2817 1583 2877 aut
1609 2805 1666 2878 cl-

283 2922 458 2992 tsrntione.
512 2917 697 2996 Confessus
729 2932 781 2995 est
807 2923 1054 2997 confessionem
1086 2925 1208 2998 honam
1241 2946 1356 2996 coram
1391 2922 1511 2995 Pontio
1545 2921 1665 3012 Pilato,

285 3045 319 3106 ct
342 3033 476 3107 tradidit
502 3058 541 3109 sc
567 3041 676 3134 ipsum
702 3061 765 3135 pro
791 3039 890 3112 nobis
918 3062 1019 3135 super
1043 3015 1169 3132 lignum
1197 3043 1306 3112 crucis
1333 3049 1483 3128 sanctae,
1511 3036 1586 3111 sola
1613 3041 1664 3112 sui

285 3153 390 3247 ipsius
417 3152 610 3243 voluntate,
636 3176 699 3250 pro
726 3155 826 3228 nobis
854 3154 1016 3228 omnibus.
1068 3154 1161 3227 Vcre
1188 3153 1292 3227 credo
1323 3156 1427 3249 ipsius
1461 3152 1665 3226 divinitatem

285 3277 477 3362 separatum
503 3291 572 3340 non
597 3267 720 3358 fuisso,
748 3269 790 3342 ah
818 3272 923 3365 ipsius
955 3269 1176 3361 humanitate,
1211 3292 1255 3342 nc
1287 3273 1384 3341 unica
1418 3268 1551 3363 quidem
1582 3267 1666 3341 hora

286 3392 342 3454 sut
375 3385 466 3454 nictu
507 3384 610 3457 oculi:
650 3383 782 3457 tradidit
815 3385 892 3458 illud
933 3408 994 3482 pro
1028 3386 1127 3459 nohis
1162 3384 1205 3457 nd
1240 3383 1397 3473 satutem,
1432 3385 1666 3457 remissionem

284 3505 497 3591 pcccatorum
525 3508 559 3571 et
584 3485 688 3572 vitim
715 3511 887 3574 aeternam
913 3503 946 3571 ei
973 3505 1028 3596 qui
1054 3500 1133 3573 illud
1158 3503 1330 3596 percipiet.
1385 3496 1497 3572 Credo
1531 3497 1598 3572 hoc
1631 3502 1664 3569 in

283 3614 334 3684 rei
359 3617 505 3686 veritate
531 3617 577 3686 ita
605 3635 692 3687 esso.

387 3728 525 3800 Deinde
550 3729 727 3803 Sacerdos
753 3737 843 3826 teqet
870 3753 995 3824 corpus
1020 3737 1173 3832 sanctum
1198 3729 1275 3799 octo
1305 3733 1458 3818 sericeo,
1493 3729 1564 3801 atto
1590 3729 1667 3838 'ob-

284 3844 398 3914 ootoet
427 3867 670 3934 manasseas,
705 3846 863 3918 similiter
893 3846 1074 3917 Diaconos
1105 3845 1248 3916 euticem
1282 3843 1481 3937 bomchino
1520 3851 1666 3939 operiet,

286 3964 352 4029 tum
377 3957 555 4031 Sacerdos
582 3965 685 4053 caput
710 3960 908 4050 inclinabit,
935 3969 970 4032 ct
996 3961 1096 4032 dicet.

392 4073 508 4146 Omnis
533 4073 653 4166 honor,
680 4075 790 4168 gloria
818 4086 850 4148 ct
878 4077 1028 4149 adoratio
1056 4074 1195 4148 debetur
1221 4075 1374 4147 Trinitati
1399 4084 1535 4149 sunctae
1561 4075 1665 4169 Patri,

287 4189 372 4263 Filio
402 4201 436 4262 et
462 4190 598 4286 Spiritui
625 4201 752 4264 sancto.

391 4304 529 4376 Deinde
554 4304 732 4377 Sacerdos
757 4306 969 4408 oscuiobitur
999 4308 1129 4397 attare,
1166 4312 1334 4401 caputque
1369 4304 1548 4376 inclinabit
1578 4310 1665 4399 sru-

288 4418 397 4490 tribus
422 4425 493 4490 suis
518 4419 783 4512 Sacerdotibus,
810 4428 845 4494 et
867 4423 995 4517 populo
1023 4423 1241 4496 dextrorsum
1266 4429 1302 4494 et
1320 4424 1569 4509 sinistrorsnm,
1597 4422 1664 4491 de-

288 4539 379 4628 teqet
405 4535 494 4606 tatus
521 4536 609 4607 disci
636 4561 753 4608 coram
778 4562 832 4628 se,
860 4544 1049 4632 canentque
1076 4562 1122 4610 en
1143 4538 1285 4633 psotnc,
1313 4544 1348 4609 ct
1372 4537 1464 4607 dicet
1489 4535 1665 4608 Sacerdos

287 4656 432 4724 secreto.

388 4767 519 4862 Dignos
544 4767 601 4840 iac
626 4769 770 4841 Domine
794 4792 859 4843 nos
887 4791 1003 4843 omncs
1030 4779 1066 4842 ut
1093 4791 1214 4864 corpus
1242 4778 1331 4841 tuum
1363 4777 1510 4842 sunctum
1543 4771 1662 4865 perci-

288 4885 437 4978 piamus,
479 4895 513 4957 ct
546 4889 740 4978 sanguinem
776 4896 864 4958 tuum
899 4890 1082 4983 pretiosum
1118 4884 1160 4955 nd
1194 4884 1438 4958 mundationem
1474 4906 1663 4982 corporum,
1695 4931 1699 4941 ι

314 5024 427 5066 romunt
1405 5000 1453 5071 19
