4680 6044
681 611 754 735 1r2
1178 609 1558 726 continuerimus

675 796 856 878 Angelicum
869 795 1009 873 Sanctus,
1025 789 1178 876 sequitu'r:
1200 796 1277 859 eliac
1287 802 1321 857 ut
1337 794 1405 858 illae
1417 797 1447 858 in
1463 794 1570 875 quibus
1585 813 1742 859 versamur
1754 797 2050 882 Ilporropaoxeoe-

676 892 786 958 στικαὶ
807 903 890 974 sunt,
915 904 945 958 et
967 896 1005 958 ad
1028 896 1235 959 consecranda
1255 896 1400 977 mysteria
1433 911 1495 957 non
1523 895 1582 957 nisi
1609 913 1664 976 per
1685 898 1949 979 praeparationem
1970 916 2049 979 per-

675 996 781 1057 tinent.

382 1294 414 1350 Ρ.
425 1299 451 1350 3.
466 1299 482 1350 ι.
495 1298 520 1350 1.
1196 1273 1308 1344 Pacu
1333 1279 1368 1344 el
1393 1272 1523 1344 calicia.

304 1509 306 1514 ·
386 1481 493 1538 oblatae
507 1488 661 1556 quibusna—
776 1464 954 1551 Auruoonu
976 1476 1094 1539 adalia
1116 1476 1362 1558 progrediamur,
1385 1475 1550 1540 ohservare
1565 1484 1687 1558 oportet
1706 1493 1784 1558 quae
1800 1477 1839 1540 sit
1849 1475 2051 1540 Orientalium

271 1629 274 1640 .
352 1572 464 1624 minibus
486 1573 662 1644 designentur.
677 1582 807 1645 omnium
829 1581 987 1662 disciplina
1010 1583 1090 1643 circa
1113 1599 1222 1662 panem
1244 1580 1450 1668 Eucharistiae
1473 1580 1677 1644 conficiendae
1699 1579 1891 1644 destinatum:
1925 1581 1957 1643 in
1983 1599 2052 1662 qua

674 1690 773 1746 tantus
796 1680 893 1744 honos
916 1682 991 1762 ipsis
1014 1681 1170 1744 clementis
1199 1679 1414 1743 consecrandis
1443 1678 1618 1758 adhibetur,
1649 1687 1730 1743 tanta
1760 1697 1832 1741 cura
1860 1678 1897 1742 ad
1927 1678 2052 1742 illorum

675 1780 954 1864 praeparationem,
978 1787 1011 1843 ut
1032 1780 1102 1842 inde
1124 1781 1197 1843 satis
1220 1778 1403 1861 intelligatur
1425 1797 1503 1860 quac
1526 1780 1566 1842 sit
1587 1779 1705 1842 illorum
1728 1779 1836 1842 dehoc
1849 1778 2051 1844 sacramento

674 1882 765 1959 fides,
789 1897 888 1961 neque
912 1897 965 1942 eos
988 1879 1054 1942 sinc
1077 1898 1189 1942 summa
1213 1880 1329 1941 ratione
1351 1885 1419 1959 post
1441 1880 1701 1941 consecrationem
1723 1879 1852 1940 maximo
1881 1873 2051 1960 divinoque

674 1980 757 2042 cultu
779 1977 883 2042 eadem
905 1979 1055 2042 elementa
1073 1979 1134 2061 jam
1158 1985 1269 2041 mutata
1291 1979 1453 2059 prosequi,
1476 1980 1528 2058 qui
1547 1997 1586 2040 ex
1599 1978 1698 2040 lutura
1718 1995 1789 2040 mox
1808 1978 2052 2042 sanctificatione

674 2085 789 2140 tantum
811 2079 885 2159 ipsis
908 2078 1055 2142 honorem
1077 2077 1223 2142 delerant.
1245 2077 1372 2140 Nomina
1395 2077 1503 2157 quibus
1532 2079 1618 2158 panis
1639 2076 1866 2140 Eucharisticus
1892 2076 2052 2158 designari

674 2178 771 2256 solet,
794 2179 879 2240 varia
903 2186 986 2240 sunt:
1012 2178 1152 2259 Coptitae
1174 2177 1328 2260 singulare
1349 2177 1463 2238 nullum
1485 2177 1596 2240 hahent
1617 2177 1648 2238 in
1669 2176 1832 2258 Liturgiis,
1856 2175 1912 2239 sed
1935 2175 2052 2257 appel-

672 2275 736 2338 lant
754 2277 853 2353 donc,
876 2296 1019 2353 murima,
1041 2277 1237 2356 oblationem,
1261 2283 1381 2339 utentes
1395 2274 1520 2340 Gmecis
1543 2275 1670 2339 vocibus
1693 2261 1831 2360 Δώρων,
1852 2272 2052 2360 προςφορᾶς

675 2382 705 2436 et
729 2377 755 2436 si
779 2394 856 2455 quae
879 2384 949 2440 sunt
971 2376 1059 2440 aliae.
1084 2375 1158 2439 Cum
1180 2376 1312 2439 Arabico
1333 2375 1485 2453 scribunt,
1508 2376 1604 2458 primo
1619 2366 1795 2457 simpliciter
1810 2393 1918 2456 panem
1933 2376 2053 2455 appel-

673 2474 746 2552 lant,
777 2483 829 2537 aut
852 2495 963 2556 panem
987 2475 1202 2538 Eucharistiae
1231 2478 1297 2538 sive
1319 2473 1488 2537 Obleh'orais
1509 2482 1539 2538 et
1568 2473 1729 2555 aliquando
1752 2475 1840 2536 etiam
1861 2492 1918 2555 per
1941 2485 2049 2572 1⁸2³?
2111 2537 2117 2548 ,

674 2572 852 2657 designant,
877 2593 912 2636 ac
934 2575 961 2636 si
983 2574 1120 2638 dicerent
1142 2574 1282 2637 Oblatum
1303 2575 1368 2637 sive
1390 2575 1590 2654 sacrificium,
1621 2582 1672 2636 aut
1692 2573 1935 2654 Enclrurirtiom,
1964 2593 2051 2656 quae

672 2691 735 2735 vox
757 2672 863 2736 eadem
885 2691 1011 2755 prorsus
1034 2673 1271 2755 significatione,
1295 2672 1332 2735 ab
1347 2673 1491 2756 Aegypto
1514 2675 1545 2735 in
1564 2673 1755 2755 Aethiopiam
1782 2673 1913 2753 transiit,
1938 2673 1976 2737 ad
2001 2677 2052 2737 si-

672 2773 857 2853 gnificandas
871 2773 1010 2836 Oblatas:
1034 2791 1088 2836 eas
1112 2773 1191 2835 enim
1207 2772 1333 2836 ilerden
1355 2773 1501 2853 appellari
1522 2780 1651 2837 testatur
1664 2773 1863 2852 Alvarezius‚
1886 2779 1917 2834 et
1938 2772 2053 2838 Litur-

672 2872 734 2954 gici
748 2851 817 2936 libri
830 2873 1016 2937 confirmant.
1045 2875 1179 2939 Vocibus
1194 2895 1315 2958 quoque
1329 2876 1454 2940 Graecis
1466 2881 1588 2938 utuntur
1601 2873 1640 2937 ad
1654 2873 1791 2936 Oblatam
1805 2872 2051 2956 significandam,

672 2989 786 3051 casque
807 2973 940 3036 Arabico
962 2975 1100 3037 scribunt
1127 2973 1262 3063 Δῶρον,
1292 2977 1324 3039 in
1352 2978 1414 3039 vita
1443 2974 1599 3036 Michaelis
1629 2973 1821 3036 Patriarchae
1850 2971 1980 3035 LXVlll.
2015 2983 2052 3040 et

671 3060 865 3156 Hpoctpope',
900 3073 955 3136 sed
989 3075 1125 3137 scribunt
1151 3085 1329 3144 mutemur<
1346 3087 1398 3174 μς
1416 3083 1493 3164 ptulit
1522 3075 1553 3136 in
1577 3073 1720 3136 versione
1751 3070 1883 3135 Arabica
1911 3071 2050 3138 Cononis

673 3170 805 3234 Trullani
833 3173 884 3235 28.
907 3172 1070 3255 Utriusque
1090 3175 1175 3238 vocis
1196 3175 1470 3256 frequentissimum
1492 3171 1573 3254 apud
1598 3171 1731 3236 Graecos
1759 3172 1925 3252 scriptores
1955 3189 2051 3234 usum

670 3268 765 3332 luisse
788 3272 950 3334 ostendunt
973 3275 1142 3337 testimonia
1163 3275 1290 3356 plurima
1306 3277 1335 3338 iu
1350 3275 1505 3339 Glossario
1525 3279 1765 3355 repraesentata.
1788 3271 1913 3351 Propria
1929 3270 2051 3334 Orien-

671 3369 780 3432 talibus
810 3372 868 3434 alia
897 3380 967 3434 sunt
997 3374 1174 3455 plerumque
1202 3361 1433 3459 Μεταφορικᾶ.
1482 3373 1583 3435 Autor
1612 3373 1764 3437 scientiae
1791 3370 2050 3452 Ecclesiasticae,

671 3469 867 3548 Abulbircat,
898 3471 1019 3536 Gabriel
1049 3474 1237 3554 Patriarcha,
1266 3493 1359 3556 saepe
1391 3479 1539 3554 usurpant
1572 3489 1679 3535 vocem
1708 3453 1777 3538 ΒΜ
1808 3488 1886 3550 quae
1916 3471 2050 3550 proprie

671 3569 789 3650 Aprum
811 3569 977 3652 significat,
1002 3575 1070 3654 quie
1092 3575 1178 3654 panis
1200 3575 1358 3638 mutandus
1382 3581 1429 3637 est
1451 3574 1482 3634 in
1504 3589 1625 3633 carnem
1647 3570 1729 3652 Agni
1745 3569 1830 3648 veri,
1851 3568 2049 3634 immncrdati.

669 3669 842 3732 Nestoriani
863 3680 966 3740 trent:
990 3674 1143 3755 appellant
1156 3675 1402 3754 primogenitum.-
1425 3671 1463 3735 ad
1488 3669 1598 3734 Christi
1616 3670 1808 3751 primogeniti
1829 3669 1925 3730 omnis
1949 3685 2060 3739 crea-‚

670 3777 757 3832 turae
779 3769 944 3850 perlectam
968 3773 1204 3836 similitudinem:
1227 3773 1277 3835 alii
1301 3779 1413 3834 vocant
1432 3781 1549 3866 multip
1570 3768 1750 3848 libardone,
1774 3767 1962 3832 Oblationem
1986 3787 2050 3832 seu

671 3868 849 3931 sacrificium
877 3881 981 3940 retunt
998 3855 1093 3940 ttbnh
1121 3872 1235 3935 Panem
1262 3873 1489 3954 mysteriorum,
1524 3886 1584 3932 uno
1614 3885 1707 3932 sensu
1739 3885 1861 3948 omnes,
1892 3875 1925 3930 ut
1960 3867 2050 3933 aliud

672 3985 781 4030 nomen
803 3967 913 4033 habeat
935 3980 1005 4036 ante
1027 3974 1305 4050 consecrationem,
1330 3970 1410 4034 aliud
1432 3988 1468 4032 ea
1487 3971 1557 4052 jam·
1570 3976 1704 4050 peracta.

373 4069 450 4125 Panis
468 4073 659 4130 Eucharistiae
758 4067 854 4130 Debet
875 4059 1208 4152 panis'Eucharisticus
1231 4072 1297 4134 lieri
1320 4091 1360 4134 ex
1382 4070 1477 4133 simila
1499 4087 1594 4150 pura,
1617 4069 1702 4149 cujus
1724 4068 1814 4129 etiam
1833 4065 2049 4132 conficiendae

348 4159 432 4228 quatis
451 4178 508 4214 ⁰⁵⁸⁶
522 4161 623 4218 debear.
671 4184 773 4228 curam
798 4167 936 4236 Canoncs
960 4171 1079 4253 quidam
1103 4172 1260 4252 anonymi,
1284 4170 1478 4236 Sacerdotem
1501 4168 1614 4231 hahere
1636 4166 1758 4246 volunt,
1789 4165 1865 4228 adeo
1889 4172 1921 4226 ut
1944 4184 2050 4248 gratm

669 4267 787 4328 triticea
805 4267 932 4350 seligat,
955 4278 1015 4333 tum
1039 4287 1142 4333 coram
1164 4289 1199 4334 se
1220 4271 1307 4350 moli,
1330 4269 1522 4350 furfuresque
1545 4268 1664 4330 secerni
1688 4273 1782 4330 curet.
1807 4263 1866 4328 Sed
1890 4264 1968 4327 haec
1990 4265 2049 4330 lex

669 4383 730 4428 non
753 4368 865 4446 ubique
888 4369 1019 4434 obtinet:
1042 4388 1147 4432 verum
1171 4388 1249 4451 quae
1271 4377 1439 4451 sequuntur
1460 4367 1618 4432 observari
1641 4373 1783 4428 accurate
1798 4364 1856 4427 huc
1871 4381 1970 4444 usque
1986 4383 2048 4428 so-

668 4463 740 4528 lent.
764 4466 878 4547 Primo,
900 4472 1144 4552 ut·praecipiunt
1166 4470 1404 4534 constitutiones
1423 4467 1527 4549 Cyrilli
1550 4464 1738 4529 filiiLaklaki
1753 4463 1946 4527 Patriarchae
1960 4462 2048 4528 nte-

667 4564 816 4632 xandrini.
862 4568 985 4650 Oportet
1005 4572 1141 4650 otpnrric
1161 4570 1391 4636 Erucium-isticce
1411 4572 1643 4648 concoquetur
1669 4565 1745 4626 cttbt
1770 4583 1861 4645 quam
1887 4564 1920 4624 in
1946 4562 2047 4642 [orno

667 4662 841 4744 Ecclesiae,
864 4670 920 4730 ced
940 4689 1034 4751 neque
1051 4671 1153 4750 pirum
1173 4689 1239 4730 eum
1260 4677 1315 4730 cut
1337 4675 1443 4748 coquet
1467 4665 1601 4746 semina:
1629 4666 1682 4746 qui
1710 4672 1819 4726 eontra
1841 4662 1954 4742 fecerit
1978 4685 2047 4728 en-

668 4769 911 4832 communicetur.
941 4769 975 4832 ln
998 4769 1111 4832 Codice
1135 4787 1223 4849 quem
1245 4768 1342 4832 secuti
1364 4783 1466 4828 sumus
1488 4765 1576 4826 unius
1598 4763 1703 4845 puncti
1725 4762 1887 4825 discrimen
1916 4777 2046 4826 sensum

667 4866 780 4947 variat,
803 4867 859 4929 sed
890 4870 1004 4951 absquo
1033 4885 1140 4950 magna
1169 4869 1346 4943 mutatione3
1376 4865 1518 4928 scribitur
1548 4863 1626 4925 enim
1655 4874 1709 4954 pap
1741 4861 1821 4942 quod
1850 4879 1947 4923 cornu
1983 4879 2046 4924 seu

669 4969 809 5047 acquum
831 4966 1006 5032 Ecclesiae:
1029 4968 1117 5030 aliter
1139 4977 1193 5062 pub
1218 4967 1299 5048 quod
1311 4966 1436 5046 sumum
1450 4964 1616 5048 significat:
1639 4971 1799 5044 utrumque
1824 4977 1940 5024 verum.
1963 4956 2046 5022 Nam

668 5067 811 5145 coquitur
831 5068 917 5149 panis
940 5069 970 5130 in
992 5067 1089 5130 latere
1110 5065 1269 5130 Ecclesiae
1290 5075 1321 5130 et
1342 5067 1372 5128 in
1395 5064 1525 5147 quodam
1546 5063 1731 5143 secretario,
1759 5068 1793 5124 ut
1815 5059 1852 5123 de
1874 5058 2045 5140 Aethiopi-
