4670 6046
586 613 627 689 m
653 611 861 689 LITURGIAM
888 608 1068 687 onmem
1094 609 1125 686 S.
1151 609 1296 686 BASlLII.
1541 605 1617 680 327

247 817 334 863 rure.
379 798 525 860 Inclinato
547 799 649 878 capita
669 803 772 860 uestra
792 795 875 873 Deo,
906 795 945 858 ita
974 796 1004 858 in
1031 793 1155 870 Latino,
1183 792 1345 856 Humiliote
1373 812 1429 855 uos
1460 792 1503 855 ad
1523 791 1618 854 bene-

248 898 419 960 dictionm
464 893 497 958 ln
520 893 647 958 Gothico
669 892 783 957 blissali
804 893 1054 974 praescribuntur
1076 893 1227 956 orationes
1250 909 1328 972 quae
1358 891 1513 969 dieantur,
1543 891 1619 954 Post

248 997 483 1058 communionem
504 1001 535 1057 et
559 992 719 1056 Uolcano:
749 993 816 1056 talis
839 993 887 1055 illa
911 999 957 1056 est
980 993 1010 1054 in
1031 991 1123 1056 Missa
1152 992 1183 1053 in
1212 991 1261 1054 die
1291 991 1460 1054 Natiuitatis
1487 989 1618 1053 Domini.

247 1095 295 1157 Sit
315 1095 417 1171 nobis,
438 1094 566 1156 Domine
586 1111 783 1174 pmemmus,
805 1093 955 1155 medicina
981 1093 1088 1153 mentis
1108 1100 1139 1153 et
1159 1091 1312 1170 corporis,
1343 1091 1424 1172 quod
1451 1091 1490 1152 de
1519 1091 1620 1152 sancti
1664 1101 1694 1154 P.
1713 1102 1776 1156 269.

248 1193 358 1256 altaris
380 1195 425 1256 tui
445 1193 651 1256 bertedictione
669 1192 870 1271 percipimus,
892 1199 925 1253 ul
944 1191 1034 1254 nullm
1056 1189 1292 1252 adversitatibus
1315 1191 1538 1270 opprimamur,
1567 1190 1619 1270 qai

248 1295 326 1354 tanti
346 1293 475 1354 remedii
491 1290 727 1372 participatione
748 1291 904 1370 munimur.
949 1289 1024 1352 'lum
1046 1290 1178 1352 occurrit
1199 1288 1346 1370 prolixior
1363 1288 1533 1352 benedictio
1555 1307 1616 1370 pp-
1663 1289 1694 1343 P.
1713 1289 1776 1347 277.

248 1391 328 1473 puli,
352 1391 389 1454 ad
412 1390 500 1453 linem
521 1389 633 1452 Missae
655 1388 872 1451 Innocentium.
917 1389 1024 1453 Similis
1047 1389 1077 1451 in
1099 1389 1190 1454 Missa
1219 1389 1461 1453 Circumcisionis
1483 1389 1615 1452 Domini:

248 1489 300 1551 ubi
323 1489 437 1571 duplex
459 1490 591 1553 occurrit
612 1505 671 1551 una
694 1496 780 1566 ante,
805 1487 898 1550 altera
920 1496 990 1568 post
1013 1489 1259 1553 communionem.
1306 1489 1469 1569 Respicere
1491 1489 1618 1569 diprnarc
1664 1495 1695 1548 P.
1713 1497 1775 1550 280.

247 1587 304 1649 bos
320 1591 451 1669 populos
472 1597 548 1663 tuos,
570 1588 622 1668 qui
639 1607 698 1667 per
719 1588 818 1648 nostri
837 1589 903 1650 oris
923 1585 1055 1668 officium
1073 1588 1311 1650 benedictionum
1323 1593 1442 1649 tuarum
1456 1587 1538 1648 douo
1560 1586 1618 1648 de-

247 1685 395 1746 siderant.
418 1685 510 1766 lleple
531 1705 583 1748 eos
605 1693 674 1747 tuac
695 1686 823 1748 scientio
845 1684 1022 1763 uoluntatis,
1049 1695 1084 1749 ut
1103 1690 1135 1748 in
1157 1686 1303 1762 omnibuis,
1325 1687 1535 1748 mandatorum
1557 1687 1618 1748 im-

244 1785 350 1864 perio,
369 1786 442 1863 piae
463 1787 666 1848 commotionis
684 1785 868 1864 famulentur
889 1783 1000 1865 officio.
1045 1785 1157 1848 Aumte
1169 1785 1325 1864 jocundas
1351 1793 1381 1846 et
1405 1785 1519 1846 uouias
1544 1802 1618 1845 cor*

243 1901 357 1962 porum
377 1884 562 1964 voluptates,
585 1892 641 1946 ete.
685 1883 718 1945 ln
741 1883 892 1962 secunda,
923 1882 1091 1946 Benedicat
1110 1903 1166 1947 aas
1186 1885 1333 1946 Dominus
1360 1873 1562 1964 omrirpotenm
1589 1888 1620 1944 et

245 1999 303 2060 per
326 1980 543 2043 abundantiam
563 1983 791 2045 misericordiae
813 2001 888 2044 neae
909 2001 965 2044 eor
983 1991 1116 2046 uestrnun
1138 1983 1330 2045 corroboret:
1352 1992 1478 2045 mmtun
1499 1983 1618 2044 sancti-

245 2081 331 2158 ficet,
353 2081 448 2142 eitum
470 2083 645 2162 amplificet,
669 2083 879 2144 castimoniam
907 2082 1044 2159 decoret,
1074 2091 1162 2164 atque
1190 2100 1296 2144 sennes
1324 2089 1442 2144 uestros
1469 2084 1502 2144 in
1530 2082 1618 2144 bonis

248 2179 405 2257 operibus,
440 2198 556 2259 semper
589 2183 743 2262 aedificet:
775 2199 925 2262 prospero
954 2181 1084 2258 tribuat,
1116 2201 1224 2262 pacem
1253 2182 1406 2244 concedat.
1456 2179 1618 2241 Variantur

247 2277 318 2340 illae
340 2277 565 2342 benedictiones
587 2281 753 2343 secundum
776 2279 912 2342 diversas
935 2279 1147 2361 solennitates,
1171 2287 1349 2364 argumento
1365 2286 1462 2342 stunto
1486 2297 1524 2340 en
1547 2295 1616 2360 my-

185 2424 189 2433 .
249 2376 350 2438 steriis
374 2395 499 2459 quorum
522 2381 621 2460 agitur
643 2379 800 2455 memoria,
824 2386 874 2441 aut
896 2398 935 2442 ex
957 2387 1128 2444 sanatorum
1151 2397 1277 2462 quorum
1305 2378 1384 2442 iesta
1413 2377 1615 2458 celebrantur,

222 2549 227 2558 Ι
249 2475 341 2539 rebus
365 2478 470 2560 gestis.
514 2477 557 2540 Ita
579 2480 610 2540 in
632 2479 697 2541 aliis
720 2479 838 2542 officiis:
861 2496 979 2561 unaque
995 2481 1122 2544 omnium
1134 2481 1282 2542 sententia
1297 2486 1357 2554 est,
1380 2486 1413 2540 ut
1427 2476 1616 2541 benedictio·
1646 2476 1677 2530 Ρ·
1690 2478 1752 2531 289.
1767 2480 1940 2537 maneat.

248 2593 304 2638 nes
326 2593 421 2657 super
442 2577 584 2659 populum
606 2577 757 2660 mysteriis
780 2577 960 2641 salutaribus
984 2578 1147 2658 refectum,
1169 2599 1187 2643 a
1208 2578 1274 2642 Deo
1298 2577 1499 2658 effundantur,
1521 2595 1616 2659 prae-

250 2675 353 2743 sertim
377 2694 452 2739 vero
474 2677 659 2758 spirituales:
683 2695 782 2758 neque
805 2678 979 2741 omittuntur
1009 2697 1120 2760 preces
1152 2678 1190 2741 ad
1213 2676 1373 2740 obtinenda
1396 2675 1496 2740 divina
1517 2677 1617 2740 bene-

250 2772 331 2852 licia,
356 2775 394 2837 ad
416 2775 504 2857 hujus
526 2776 605 2838 vitae
631 2777 878 2857 tranquillitatem
907 2785 938 2840 et
967 2780 1168 2841 securitatem.
1219 2777 1303 2840 Haeo
1331 2793 1406 2839 vero
1440 2785 1509 2840 sunt
1538 2795 1617 2859 qnae

254 2872 364 2936 ultimis
394 2874 451 2938 illis
486 2875 670 2939 orationibus
703 2877 909 2952 eontinentur,
940 2896 1033 2959 quae,
1067 2887 1101 2941 ut
1134 2878 1223 2940 etiam
1260 2875 1423 2958 Comicae,
1455 2895 1495 2939 ex
1525 2878 1617 2941 variis

252 2969 397 3055 Litargiis
421 2973 566 3037 collectae
589 2984 673 3054 sunt,
697 2983 727 3037 et
749 2975 805 3038 sub
829 2974 955 3039 diversis
979 2977 1070 3040 titulis
1094 2977 1243 3059 leguntur.

353 3071 478 3154 Reliqua
501 3091 579 3155 quae
602 3073 639 3136 ad
661 3075 748 3136 istam
770 3074 934 3157 Litargiam
958 3083 1084 3157 possent
1112 3075 1285 3154 observari,
1315 3093 1382 3138 cum
1410 3074 1440 3136 in
1470 3074 1550 3137 notis
1578 3074 1616 3137 ad

253 3169 327 3233 alias
350 3171 500 3252 explicata
523 3175 598 3253 sint,
622 3175 829 3254 praeterimus.

616 3343 1250 3395 -αεοοοεν-

432 3608 1017 3728 [Nintonainn
1070 3612 1444 3731 annuant

757 3813 894 3892 sancti
935 3815 1107 3894 aasabim

651 3987 1215 4110 ALEXANDRINAM

839 4185 1018 4270 amun

680 4441 840 4534 Lilurpia
865 4441 988 4512 Sancti
1015 4443 1186 4538 Groporii.
1660 4480 1692 4534 P.
1709 4483 1746 4534 aa

340 4597 416 4677 Ean
447 4627 514 4672 oum
540 4609 708 4688 Basiliana,
738 4619 946 4692 repraesentat
968 4611 1074 4675 Codex
1102 4611 1216 4695 Regius
1246 4613 1546 4680 Graeco-Arabicus:
1575 4617 1613 4680 de

252 4731 350 4795 eaque
372 4713 449 4776 idem
473 4711 630 4776 dicendum
652 4713 800 4793 estquod
823 4713 861 4776 de
887 4714 1097 4795 praecedenti:
1126 4735 1263 4802 magnam
1292 4718 1407 4784 seilicet
1436 4739 1506 4785 esse
1533 4721 1613 4784 iliius

253 4829 320 4875 aum
345 4810 470 4894 Coptica
493 4811 746 4889 conformitatem,
781 4812 857 4874 adeo
880 4822 913 4876 ιιι
935 4831 993 4877 una
1016 4823 1048 4878 et
1070 4816 1174 4882 eadem
1197 4817 1302 4882 haberi
1324 4819 1444 4894 debeat:
1475 4837 1541 4882 cum
1563 4821 1614 4884 di-

253 4911 381 4976 versitas
403 4912 442 4975 sit
464 4912 495 4975 in
516 4911 575 4974 iilis
597 4910 670 4975 solis
694 4910 897 4990 orationibus,
919 4929 996 4994 quae
1018 4914 1056 4977 ad
1078 4933 1195 4978 sauram
1217 4918 1376 4982 Actionem
1398 4939 1453 4984 seu
1466 4920 1614 5003 Anaphe-

253 5027 317 5072 ram
339 5013 464 5093 propria
485 5012 593 5075 dictam
614 5029 674 5074 non
697 5019 848 5092 spectum:
870 5019 904 5075 ut
925 5021 994 5076 sunt
1014 5017 1271 5097 praeparatoriae,
1295 5019 1461 5083 Gratiarum
1477 5020 1614 5101 actionis,

252 5115 284 5171 et
306 5108 382 5172 aliae
405 5109 573 5174 nonnullae.
