4760 6038
569 759 571 764 ’
654 747 1278 830 SANCTlBhSlLll.
1608 751 1656 825 19

279 947 335 1010 tuo
362 947 480 1010 sancto
508 937 687 1010 serviendi.
741 937 923 1009 Precamur
950 957 1043 1018 eum.
1051 958 1186 1027 rursus,
1221 947 1259 1009 ut
1283 958 1346 1012 nos
1380 938 1500 1010 alliciat
1534 936 1657 1030 dignos

279 1056 507 1126 communione
534 1063 568 1125 et
593 1055 846 1150 participatione
872 1053 1108 1146 mysteriorum
1135 1056 1208 1145 ejus
1236 1051 1424 1125 divinorum
1455 1062 1489 1125 et
1514 1054 1657 1125 immor-

279 1168 411 1261 talium,
439 1171 591 1266 corporis
618 1171 725 1242 sancti
752 1177 785 1241 et
812 1168 984 1258 sanguinis
1011 1171 1151 1264 pretiosi
1177 1165 1301 1242 Christi
1326 1171 1416 1261 ejus,
1444 1171 1656 1265 omnipotens

279 1283 440 1363 Dominus
467 1284 561 1357 Deus
587 1293 713 1358 noster.

380 1401 543 1494 Populus.
597 1400 716 1472 Amen.

382 1515 464 1586 Cum
491 1517 584 1586 dicet
607 1515 784 1586 Sacerdos
808 1514 899 1586 hanc
926 1514 1210 1602 benedictionem,
1238 1515 1346 1586 aelam
1371 1519 1538 1588 sericeum
1565 1517 1659 1588 dee-

281 1635 335 1702 tro
358 1638 498 1726 qestans
525 1638 560 1702 et
584 1632 631 1701 ad
658 1630 875 1703 Occidentem
902 1654 1101 1718 conversas,
1129 1653 1170 1701 eo
1197 1630 1273 1701 nelo
1296 1631 1426 1724 populo
1439 1635 1569 1728 siqnum
1591 1637 1658 1725 fa-

282 1749 360 1834 ciet,
395 1770 528 1818 manum
553 1769 657 1840 super
684 1747 779 1818 disco
807 1753 942 1818 teneas:
973 1745 1107 1839 quaudo
1140 1766 1224 1816 aero
1250 1749 1420 1818 recitatur
1452 1746 1656 1837 benedictio,

280 1863 429 1934 Diacoui
454 1864 571 1933 dicent
595 1863 870 1956 deprecationem
877 1914 888 1950 ,
914 1861 1091 1933 Sacerdos
1116 1882 1199 1931 aero
1222 1865 1351 1955 sociem
1378 1866 1413 1932 et
1428 1862 1545 1935 oculum
1567 1885 1658 1935 coa-

279 1984 386 2049 oertet
411 1977 459 2048 ad
484 1999 609 2072 eorpus
635 1978 726 2071 quod
750 1982 788 2048 ia
813 1979 908 2048 disco
931 1980 1078 2070 positum
1105 1984 1170 2062 est,
1198 1977 1364 2070 dicetque.

385 2096 480 2168 Deus
515 2080 713 2167 misereatur
745 2097 851 2167 nostri
891 2103 925 2165 et
964 2090 1141 2163 benedicat
1174 2090 1294 2184 nohis,
1329 2091 1489 2165 illuminet
1531 2095 1657 2168 vultum

283 2231 373 2282 sunm
399 2232 500 2306 super
526 2232 590 2283 uos
617 2219 652 2282 et
677 2211 876 2283 misereatur
901 2210 1018 2281 nostri.

386 2327 467 2397 Tum
493 2324 669 2397 Sacerdos
695 2331 802 2396 mmet
828 2347 953 2417 corpus
978 2330 1131 2395 sanetum
1156 2347 1257 2394 manu
1275 2323 1416 2412 deutra,
1443 2325 1658 2418 imponetque

283 2444 456 2530 sinistrae,
481 2445 653 2536 ponetque
680 2441 820 2532 diqitum
845 2462 949 2533 super
976 2461 1101 2531 eorpus
1117 2441 1154 2510 ia
1172 2438 1282 2509 latere
1298 2438 1481 2532 Despotici
1496 2463 1558 2511 scu
1574 2463 1655 2511 mo-

275 2561 362 2648 joris
384 2556 582 2651 particulae
609 2578 650 2628 eo
678 2557 755 2628 loco
782 2554 841 2626 ubi
863 2558 1015 2648 fractum
1041 2560 1107 2643 est,
1135 2560 1170 2625 et
1191 2554 1292 2625 dicet.

383 2671 516 2768 Corpus
544 2681 703 2752 sanetum.

386 2789 561 2883 Tolletque
588 2788 729 2881 diqitum
753 2809 848 2857 suam
874 2786 917 2856 de
943 2808 1047 2878 super
1074 2807 1240 2878 corpore,
1268 2789 1487 2880 immittetque
1505 2787 1541 2854 in
1563 2785 1657 2856 coli-

284 2925 349 2974 cem
375 2910 410 2975 et
436 2907 580 2996 intinqet
607 2909 793 2974 entremum
816 2901 955 2995 pollicis
982 2905 1035 2971 sui
1060 2905 1225 2993 sanquine
1246 2905 1423 2994 pretioso:
1449 2909 1516 2971 tum
1535 2901 1658 2972 educet

282 3019 417 3112 diqitnm
443 3042 463 3090 e
488 3021 669 3110 sanquine,
698 3024 732 3089 et
746 3020 869 3088 iterum
887 3015 1039 3110 siqnabit
1059 3019 1256 3108 sanquinem
1269 3019 1444 3110 sanquine,
1472 3019 1509 3087 in
1525 3018 1658 3087 modum
1699 3039 1712 3065 ο

283 3139 391 3206 crucis
417 3135 608 3227 qloriosae,
637 3141 671 3205 et
698 3135 799 3205 dicet.

320 3239 325 3246 ’
379 3250 425 3321 Et
441 3255 578 3343 sanguis
601 3252 767 3345 pretiosus
782 3245 905 3321 Christi
922 3249 1026 3343 ipsius
1045 3249 1277 3343 omnipotentis
1294 3245 1427 3318 Domini
1447 3245 1512 3319 Dei
1539 3249 1656 3320 nostri.

385 3368 466 3438 Tam
493 3369 613 3439 educet
639 3368 780 3459 diqitum
805 3388 900 3436 suam
926 3388 946 3436 e
974 3365 1084 3435 colice
1118 3365 1284 3455 sanquine
1310 3366 1468 3455 pretioso
1505 3365 1654 3453 tinctum,

280 3489 312 3553 et
337 3483 488 3577 siqnobit
515 3506 556 3554 eo
585 3506 710 3576 empus
735 3505 806 3552 unu
832 3503 953 3568 cruce,
981 3481 1153 3571 desuper
1179 3482 1344 3571 fractura
1377 3501 1397 3548 e
1430 3477 1542 3548 tatere
1575 3499 1655 3545 ηια-

271 3603 362 3689 juris
385 3599 597 3692 particulae,
626 3605 660 3669 et
686 3601 781 3691 infra
807 3621 853 3668 em
876 3601 980 3689 parte
993 3593 1173 3664 *anteriori
1197 3597 1366 3686 corporis,
1393 3616 1494 3663 unam
1521 3613 1656 3662 crucem

274 3719 427 3807 sommus
452 3737 556 3806 super
581 3716 794 3806 sanquinem,
822 3718 858 3783 et
884 3711 969 3781 duaa
994 3732 1097 3801 super
1124 3730 1257 3800 eorpus.

379 3831 558 3901 Diaconos
584 3831 683 3900 dicet.
738 3827 852 3902 Orate.

379 3945 563 4017 Sacerdos.
617 3944 692 4017 Pax
719 3943 881 4016 omnihus.

378 4060 540 4154 Populus.
592 4060 738 4132 Etcum
765 4061 879 4154 spiritu
905 4068 971 4129 tuo.

667 4317 788 4387 Oratio
816 4317 1017 4387 Fractionis
1043 4313 1091 4383 ad
1115 4313 1266 4383 Patrem.

378 4521 563 4593 Sacerdos.
617 4521 760 4592 Domine
786 4519 879 4592 Deus
906 4529 1043 4609 noster,
1070 4540 1212 4610 magne,
1240 4527 1399 4608 aeterne,
1425 4517 1556 4609 gloriae
1582 4517 1652 4586 mi·
1683 4517 1835 4584 Ποοοομοοο
1852 4521 1897 4582 ris
1914 4515 1981 4568 ati·

277 4635 410 4727 rabilis,
443 4639 499 4730 qui
525 4635 692 4709 observas
728 4643 959 4708 testamentum
994 4645 1105 4723 mum,
1142 4643 1177 4705 et
1211 4635 1451 4729 promissiones
1488 4641 1580 4724 huns,
1611 4617 1733 4704 iis⁰⁶‘⁰‘'

278 4754 331 4844 qui
357 4759 392 4822 te
425 4749 575 4842 diligumt.
590 4775 637 4822 ex
664 4760 734 4825 toto
762 4751 865 4823 corde
893 4773 974 4840 suo;
1001 4753 1056 4845 qui
1083 4749 1203 4822 dedisti
1230 4745 1327 4821 nohis
1354 4747 1493 4820 salutem
1522 4769 1651 4843 apec-

276 4869 357 4940 eatis
399 4869 524 4940 nostris
566 4889 628 4962 per
668 4867 787 4938 Filium
831 4877 921 4937 tuum
964 4868 1170 4957 unigenitum
1205 4864 1320 4936 lesum
1358 4861 1525 4937 Christum
1571 4862 1652 4934 Do-

276 4985 397 5053 minum
429 4993 599 5072 nostrum,
636 4987 692 5076 qai
724 5004 765 5055 es
796 4985 866 5053 vita
899 4984 1065 5072 omnium,
1102 4979 1261 5053 auxilium
1296 5001 1410 5052 corum
1448 4981 1503 5074 qui
1542 4977 1585 5051 ad
1619 4988 1653 5050 te

276 5095 490 5188 conlugiunt3
533 5116 613 5194 spes
649 5097 691 5168 ad
725 5107 759 5168 te
791 5096 1019 5186 clamantinm3
1061 5117 1174 5168 eoram
1212 5118 1277 5190 quo
1315 5099 1499 5168 consistunt
1533 5093 1652 5167 millies

277 5209 382 5304 mile,
410 5225 445 5285 et
471 5213 584 5286 decies
612 5212 731 5286 millies
759 5212 876 5285 decem
901 5211 991 5285 mille
1017 5211 1143 5305 Angeli
1169 5220 1203 5282 et
1221 5209 1442 5304 Archangeli,
1471 5208 1660 5308 Cherubim
