4670 6046
707 647 784 720 272
1145 706 1146 712 η
1185 645 1593 724 COMMENTARIUS

707 833 834 908 Christi,
858 831 993 912 quamvis
1016 830 1053 894 de
1076 831 1194 912 integra
1217 832 1247 894 in
1270 831 1405 892 eumdem
1428 832 1675 894 transmutatione
1697 831 1759 893 viui
1782 831 1821 892 in
1837 830 1932 896 calice
1963 853 2083 898 secuu-

707 931 792 994 dario
823 938 927 1011 posset
956 931 1094 993 dubitari.
1123 931 1219 993 Porro
1242 949 1320 1012 quae
1343 929 1401 992 buc
1423 949 1521 1011 usque
1545 931 1583 994 de
1607 931 1728 1010 antiqua
1755 930 1836 993 illius
1860 933 1941 994 circa
1965 950 2083 997 corase·-

707 1032 882 1110 crationem,
908 1037 959 1092 aut
980 1029 1245 1092 sanctificationem
1272 1029 1375 1091 calicis
1397 1047 1454 1108 per
1475 1030 1662 1108 particulam,
1690 1037 1740 1090 aut
1765 1047 1821 1110 per
1846 1030 2082 1096 transfusionem

709 1129 927 1192 consuetudine
955 1128 1033 1190 dicta
1056 1137 1135 1208 sunt,
1160 1128 1197 1191 ad
1212 1127 1366 1210 Copticam
1382 1126 1550 1190 Ecclesiam
1572 1127 1791 1210 quodammodo
1814 1131 1971 1210 pertinere
1988 1131 2083 1194 vide-

707 1231 828 1307 buntur,
851 1245 918 1290 cum
940 1226 1127 1290 Abulbircati
1148 1226 1251 1290 verbis
1274 1227 1431 1307 disciplina
1454 1229 1592 1312 exposita
1616 1229 1682 1290 erit.

435 1331 507 1384 Ritus
530 1334 695 1386 confirmandi
795 1329 866 1392 Post
889 1326 1044 1389 recitatam
1066 1324 1136 1388 fidei
1160 1325 1388 1389 Coniessionem
1410 1328 1550 1408 superius
1573 1346 1591 1388 a
1613 1325 1700 1389 nobis
1724 1327 1920 1408 explicatam,
1948 1327 2082 1388 mcert-

384 1419 472 1474 ⁰i¹⁵⁰¹⁵
492 1419 754 1489 contaminanda
773 1427 930 1488 Diaconos
952 1434 981 1487 et
998 1426 1232 1504 prostrationem
1251 1425 1331 1504 facit
1350 1443 1457 1486 aeram
1475 1427 1616 1505 papatum
1649 1431 1756 1500 (causa
1783 1425 1899 1488 scilicet
1929 1424 2082 1488 salutandi

709 1533 739 1588 et
761 1524 919 1604 monendi,
942 1531 975 1586 ut
997 1523 1035 1586 ad
1063 1525 1301 1586 communionem
1327 1543 1362 1588 sc
1391 1529 1598 1604 praeparent)
1628 1543 1848 1604 conversisque
1874 1525 1918 1586 ad
1944 1526 2083 1588 camdem

705 1628 847 1706 ρορυὶιιηι
868 1625 1040 1700 Sacerdos,
1063 1625 1157 1685 levem
1177 1625 1400 1686 inclinationem
1420 1623 1508 1702 facit.
1540 1623 1611 1685 lam
1638 1625 1839 1686 communicat
1866 1625 1931 1702 ipse
1958 1631 1989 1685 et
2014 1623 2081 1686 Sa-

708 1727 819 1786 cerdos
840 1725 997 1800 cenetens,
1019 1723 1072 1802 qai
1092 1741 1159 1784 cam
1181 1742 1217 1784 eo
1236 1725 1426 1814 ministravit
1447 1722 1581 1784 Peracto
1599 1741 1714 1803 qaoque
1732 1723 1862 1784 alienon
1878 1721 2082 1786 Sacerdotem

708 1827 924 1898 communione,
947 1826 976 1883 si
997 1825 1057 1883 sint
1078 1841 1169 1900 saper
1190 1823 1289 1884 abore
1311 1824 1389 1885 alter
1410 1831 1465 1884 cot
1480 1824 1586 1901 plnres
1607 1822 1729 1897 calices,
1750 1840 1804 1883 eos
1826 1830 1993 1900 emissent,
2021 1842 2082 1886 ac-

708 1925 847 2002 cipiendo
883 1924 999 1984 scilicet
1027 1941 1067 1982 ea
1095 1921 1191 1982 calice
1219 1923 1331 2001 mojori
1360 1925 1392 1983 in
1418 1922 1559 2001 litnrqia
1586 1929 1780 1996 amoenata,
1810 1929 1841 1982 et
1864 1920 2021 1999 teuderado
2049 1924 2082 1984 in

707 2024 799 2084 oliam
819 2041 880 2084 non
903 2028 1110 2084 consecratam
1133 2021 1195 2081 trio
1217 2021 1409 2096 cocblearia,
1440 2021 1568 2082 dicendo
1593 2021 1682 2082 simol
1702 2018 1876 2082 menonem
1897 2038 1974 2100 qaae
1995 2022 2081 2082 iaci-

703 2122 751 2200 pit
769 2120 950 2183 Benedictus
973 2128 1031 2182 etc.
1055 2119 1227 2199 Respondet
1243 2121 1389 2199 populns,
1413 2118 1496 2182 Unus
1519 2120 1608 2180 Pater
1629 2127 1763 2195 sanctus,
1778 2126 1837 2180 etc.
1860 2117 2079 2198 Prosequitur-

705 2240 761 2302 qae
793 2221 875 2282 iilam
903 2220 1177 2294 consecrationem,
1203 2216 1359 2296 farmotdo
1388 2224 1435 2280 ter
1463 2238 1504 2279 eo
1532 2237 1593 2280 ano
1623 2219 1718 2279 calice
1748 2219 1780 2278 in
1809 2219 1910 2281 aliam.
1963 2217 2081 2279 Postea

702 2321 873 2399 particulas
895 2325 1092 2381 consecratos
1113 2336 1155 2378 ee
1175 2316 1331 2392 Isbodico,
1360 2318 1490 2378 immittit
1511 2319 1543 2378 in
1565 2317 1690 2378 calicem
1719 2319 1876 2395 majorem,
1907 2335 1962 2378 eas
1989 2317 2081 2378 scili-

706 2427 754 2481 cet
775 2437 852 2498 qnae
872 2418 1093 2498 superfuerant,
1116 2424 1146 2478 et
1167 2435 1222 2477 eos
1244 2415 1389 2490 eatrobit,
1410 2416 1601 2497 partitaeque
1616 2417 1648 2477 in
1665 2415 1797 2498 reliqoos
1815 2415 1936 2478 calices.
1959 2414 2081 2476 Deinde

706 2519 941 2580 commonionem
962 2518 1017 2578 dat
1037 2516 1176 2578 Diocorm
1197 2516 1249 2595 qai
1269 2533 1337 2576 cnm
1358 2533 1395 2576 eo
1416 2515 1614 2590 ministravit,
1637 2521 1668 2577 et
1686 2515 1810 2594 reliquis
1830 2512 1995 2589 Diaconis,
2019 2531 2081 2574 ca-

705 2618 843 2697 nitrtrqae
863 2615 1003 2677 Pserimos
1027 2614 1099 2678 108.
1123 2623 1194 2676 tono
1215 2613 1348 2689 diuerso,
1371 2613 1534 2674 semmdum
1552 2613 1698 2692 scamnum
1720 2613 1909 2688 aametotcm,
1932 2620 1994 2674 tam
2014 2613 2080 2674 oti·-

705 2723 776 2797 qaot
798 2717 855 2776 alii
875 2716 977 2797 quni
1004 2721 1035 2775 et
1061 2712 1232 2775 lbeotoltio.
1263 2711 1393 2792 Catmqae
1420 2713 1497 2775 baec
1527 2713 1719 2792 compleverit
1745 2713 1832 2774 circa
1860 2710 2081 2774 commeationis

705 2814 952 2889 distributionem,
974 2813 1130 2874 Sacerdos
1152 2829 1257 2874 wem
1278 2811 1409 2886 babebit,
1432 2819 1464 2874 at
1485 2815 1514 2873 si
1532 2811 1612 2890 torte
1635 2812 1740 2891 attqao
1758 2811 1916 2891 partimin
1937 2808 2080 2892 qaomeis

704 2915 828 2975 caninio
850 2912 991 2992 corporis
1012 2917 1163 2991 mtperest,
1186 2929 1252 2972 eam
1276 2911 1411 2990 colloqui,
1442 2919 1473 2973 et
1498 2909 1739 2973 ministrantibus
1768 2910 1811 2970 ad
1837 2910 1936 2970 altore
1965 2909 2079 2970 di‘stri-

705 3013 786 3076 buat.
809 3012 967 3073 Diaconacs
987 3028 1102 3091 quoqne
1124 3007 1242 3089 aufmt
1269 3010 1393 3070 calicem
1419 3010 1452 3070 in
1480 3027 1538 3090 qao
1567 3010 1802 3070 communicavit
1827 3008 1982 3072 Sacerdos
2008 3026 2079 3070 cnm

704 3111 862 3189 labodico,
887 3117 976 3191 atque
997 3111 1043 3172 ita
1065 3111 1258 3189 sommam
1280 3108 1310 3168 si
1330 3127 1370 3168 eo
1392 3127 1428 3169 eo
1450 3107 1566 3187 aliquid
1586 3115 1731 3186 spereat.
1776 3106 1902 3188 Reliqua
1933 3107 1971 3168 de
1994 3104 2078 3167 divi-

704 3211 789 3274 sione
812 3207 1010 3272 Eucharistici
1033 3209 1119 3289 panis
1141 3208 1199 3269 rite
1220 3204 1367 3284 iacienda,
1391 3213 1484 3287 utque
1505 3205 1671 3288 particulae
1693 3204 1813 3268 modum
1836 3223 1897 3268 non
1913 3203 2075 3284 excedant,

705 3310 760 3374 sed
782 3309 858 3372 tales
880 3309 958 3386 sint,
981 3316 1014 3370 ut
1036 3306 1192 3370 commode
1215 3305 1328 3385 suscipi
1351 3323 1367 3367 a
1390 3305 1676 3369 communicantibus
1700 3312 1827 3386 queant,
1858 3303 2076 3384 buccellaeque

704 3411 868 3492 quantitate
892 3407 1087 3486 deliniantur,
1117 3413 1148 3467 et
1169 3407 1229 3468 sint
1251 3404 1403 3466 crucicula
1426 3406 1603 3487 insignitae,
1634 3404 1792 3468 traduntur
1818 3404 1856 3466 alt
1886 3403 1994 3466 eodem
2017 3421 2076 3466 au·

705 3519 790 3588 tore,
813 3517 844 3570 et
866 3506 970 3570 iisdem
992 3522 1090 3586 prope
1113 3505 1215 3566 verbis
1238 3520 1316 3584 quae
1337 3521 1429 3584 supra
1452 3524 1493 3567 ex
1514 3504 1715 3568 Echmimensi
1736 3503 1910 3582 retulimus,
1933 3521 1992 3566 nec
2014 3521 2074 3566 nou

704 3627 777 3672 arua
798 3605 935 3671 habenda
957 3624 976 3669 a
998 3602 1211 3670 Sacerdotibus
1235 3610 1265 3665 et
1287 3602 1429 3665 Diaconis
1452 3604 1668 3685 nequidquam
1692 3623 1733 3666 ex
1754 3602 1858 3679 disco,
1884 3602 1934 3666 vel
1957 3621 1998 3664 ex
2020 3620 2075 3664 ca-

704 3709 762 3770 lice
786 3706 914 3771 decidat.
937 3705 985 3767 Ex
1007 3705 1079 3779 hoc,
1103 3721 1192 3786 quem
1213 3704 1297 3784 prius
1321 3702 1500 3782 explicavit,
1531 3705 1607 3782 ritu,
1638 3702 1782 3766 hahemus
1811 3701 1932 3764 modum
1961 3701 2075 3765 contir-

704 3806 815 3885 mandi,
839 3814 870 3870 et
891 3803 1094 3870 sanctificandi
1118 3803 1229 3865 calices
1251 3801 1460 3864 ministeriales
1483 3803 1520 3865 ad
1538 3802 1697 3866 Laicorum
1715 3803 1964 3878 communionem,
1987 3817 2075 3863 eum-

705 3927 764 3989 que
786 3907 949 3988 duplicem,
973 3922 1029 3986 per
1050 3901 1214 3985 particulae
1238 3906 1444 3978 consecratae,
1467 3920 1522 3964 seu
1544 3901 1688 3976 lsbodici,
1711 3901 1935 3978 immissionem,
1958 3905 1990 3962 et
2019 3916 2075 3979 per

704 4008 831 4087 liquoris
854 4005 1042 4068 infusionem.
1084 4003 1143 4065 Per
1164 4002 1288 4083 primam
1310 3998 1435 4062 allicitur
1457 4019 1497 4063 ex
1520 4000 1715 4065 Orientalium
1737 4001 1905 4075 sententia,
1934 3999 1965 4062 id
1994 3997 2075 4080 quod

706 4107 845 4188 exprimit
867 4106 962 4167 oratio
985 4105 1121 4184 ipsorum
1143 4119 1202 4181 qua
1225 4101 1327 4163 dicunt
1349 4117 1383 4160 se
1406 4100 1604 4182 consignare,
1639 4109 1669 4163 et
1695 4099 1908 4176 sanctificare,
1938 4107 1969 4161 et
1999 4117 2076 4160 cou-

701 4209 833 4290 jungcro
857 4221 967 4284 corpus
989 4201 1107 4264 Domini
1130 4201 1226 4263 nostri
1247 4200 1322 4263 lesu
1345 4201 1457 4266 Christi
1479 4222 1546 4266 cum
1568 4204 1634 4284 ejus
1656 4204 1820 4284 sanguine,
1844 4207 1875 4262 et
1897 4199 2075 4282 sanguinem

590 4287 593 4304 ’
706 4325 773 4370 cum
801 4321 945 4385 corpore:
974 4319 1083 4381 nempe
1112 4307 1268 4381 utramque
1298 4302 1431 4382 speciem
1462 4301 1706 4380 commiscendo,
1736 4309 1769 4363 ut
1799 4297 1977 4368 ostendatur
2003 4296 2076 4360 unio

706 4409 840 4492 ejusdem
868 4403 1072 4482 sacramenti,
1102 4403 1157 4466 suh
1187 4402 1316 4465 diversis
1344 4403 1518 4483 speciebus.
1567 4401 1674 4484 Neque
1704 4418 1833 4482 unquam
1860 4397 1940 4480 apud
1969 4413 2075 4460 eorum

707 4509 881 4590 Theologos
905 4512 954 4568 aut
975 4505 1093 4566 Rituum
1114 4503 1298 4583 interpretes
1321 4502 1480 4583 quidquam
1503 4501 1589 4564 nobis
1612 4502 1767 4578 occurrit,
1796 4499 1877 4562 unde
1900 4498 2076 4580 conjectura

707 4610 774 4692 capi
797 4616 901 4690 queat,
925 4625 963 4668 an
985 4622 1062 4686 quae
1085 4601 1163 4684 apud
1185 4601 1309 4665 Latinos
1330 4601 1479 4682 disputata
1506 4609 1576 4664 sunt
1605 4601 1684 4664 circa
1715 4599 1976 4664 consecrationem
2003 4595 2075 4672 vini,

705 4729 764 4791 per
784 4708 945 4772 immissam
966 4702 1157 4785 particulam,
1178 4701 1220 4764 'de
1242 4720 1301 4782 qua
1323 4702 1463 4782 superius
1487 4701 1597 4765 dietum
1620 4708 1682 4780 est,
1712 4700 1743 4761 in
1767 4699 1972 4780 quaestionem
1996 4692 2075 4777 apud

705 4809 791 4888 ipsos
813 4813 920 4868 vocata
943 4805 1022 4878 sint;
1050 4820 1107 4864 nec
1129 4801 1293 4864 verisimile
1314 4801 1435 4864 videtur
1465 4801 1495 4865 id
1524 4801 1603 4882 apud
1631 4818 1685 4864 eos
1713 4799 1856 4882 agitatum
1883 4797 1991 4860 luisse:
2024 4793 2075 4876 qui

707 4908 759 4968 vix
781 4907 819 4968 de
843 4907 1037 4971 Sacramenta
1058 4900 1264 4964 Eucharistiae
1287 4901 1453 4981 disputant,
1482 4901 1590 4964 sedin
1614 4899 1831 4980 simplicissima
1861 4897 1990 4960 traditae
2018 4911 2075 4956 an-

707 5008 830 5087 tiquitus
853 5004 923 5066 fidei
945 5001 1153 5082 expositione,
1176 5001 1410 5082 disciplinaeque
1434 5000 1635 5081 explicatione
1659 4997 1886 5079 conquiescunt.
1930 4994 1973 5058 At
1999 4992 2074 5056 cali·

708 5125 774 5170 cem
796 5104 970 5170 consecrari
992 5109 1086 5165 totum
1109 5110 1199 5182 atque
1220 5102 1389 5186 integrum,
1413 5119 1453 5164 ex
1475 5099 1651 5164 admistione
1673 5098 1815 5179 liquoris,
1843 5095 1893 5177 qui
1916 5113 1956 5157 ex
1978 5095 2074 5176 primo
