4686 6060
718 565 1257 643 XLEXANDRINO.
1604 565 1679 640 393

305 754 454 850 seiplina,
483 761 519 826 ιιι
545 756 600 848 qui
627 762 725 825 extra
740 751 983 827 Alexandriam
1010 751 1179 826 ordinatus
1195 751 1323 841 brisset,
1351 755 1385 824 in
1403 755 1565 845 majorem
1579 754 1679 844 ejus-

305 871 381 944 dem
414 867 506 942 urbis
532 867 719 943 Ecclesiam
744 873 895 959 veniret,
927 869 1039 963 ibique
1074 872 1146 982 ejus
1179 868 1411 964 proclamatio,
1447 876 1481 940 et
1510 868 1679 942 inthroni-

306 990 392 1058 satio
418 983 526 1072 deret,
553 983 640 1079 quod
666 992 787 1079 postea
814 993 972 1056 accurate
999 982 1216 1058 observatmn
1241 984 1309 1057 suit

408 1099 547 1172 LXXX.
574 1099 743 1172 Macarius
771 1103 825 1194 qui
852 1097 1005 1182 Michaeli
1031 1104 1211 1188 successit,
1241 1099 1475 1173 Alexandriae
1508 1099 1679 1188 ordinatus
1735 1109 1829 1163 roscen
1846 1109 1939 1164 diuae
1958 1125 2006 1164 reu

190 1279 200 1288 .
305 1187 440 1308 legitur,
467 1225 502 1286 ut
529 1212 666 1288 Gabriel
691 1211 729 1286 F.
756 1212 878 1286 Tarich
908 1214 1014 1288 LXX
1045 1213 1187 1288 Michael
1213 1213 1334 1288 LXXI.
1368 1215 1494 1286 Verum
1528 1213 1679 1286 Ioannes
1693 1192 1812 1251 ΜΝ·

307 1329 447 1422 LXXII.
483 1329 610 1402 blisrae
636 1351 697 1402 seu
725 1327 870 1402 Gabirae
895 1329 1066 1402 ordinatus
1093 1339 1159 1402 est:
1185 1327 1415 1404 festinantibus
1441 1331 1619 1425 Episcopis
1646 1338 1681 1400 et

304 1444 485 1518 Laicorum
510 1444 723 1540 primoribus,
750 1446 861 1518 statim
887 1454 987 1538 atque
1011 1443 1296 1540 praeceptumde
1323 1451 1396 1539 ejus
1424 1445 1681 1520 Ordinationes

307 1559 415 1634 Califa
442 1558 663 1647 obtinuerant,
700 1561 775 1655 quia
802 1560 930 1632 sedicet
962 1559 1066 1632 Iunas
1094 1559 1226 1655 quidam
1252 1559 1456 1651 Monachus,
1490 1559 1614 1634 ambitu
1649 1569 1683 1634 et

279 1681 283 1696 '
305 1675 483 1769 largitione
510 1673 597 1771 apud
625 1673 753 1748 aulicos
780 1673 946 1762 effecerat,
974 1685 1009 1746 ut
1034 1697 1128 1748 mora
1155 1679 1367 1772 interposita,
1401 1679 1520 1750 electio
1548 1681 1621 1770 ejus
1647 1681 1682 1750 in

307 1795 535 1888 quaestionem
563 1811 677 1862 coram
703 1789 954 1864 Mubamedanis
976 1791 1144 1884 jndicibus
1157 1803 1350 1883 vocaretur,
1378 1804 1412 1865 et
1438 1797 1467 1865 si
1493 1791 1566 1865 fieri
1592 1815 1681 1890 pos-

306 1919 370 1996 set,
396 1912 490 1980 irrite
519 1906 755 1979 declararetur.
788 1904 895 1978 Simili
921 1906 1078 2003 exemplo
1114 1907 1261 1980 Ioannes
1289 1908 1373 1982 iilius
1400 1906 1579 2000 Abugaleb
1606 1910 1681 1981 Pa-

305 2020 447 2094 triarcba
472 2021 626 2095 LXXIV.
679 2009 805 2094 Misrae
832 2019 1001 2096 ordinatus
1029 2021 1162 2096 dicitur:
1189 2045 1264 2094 nam
1292 2023 1335 2095 de
1347 2023 1465 2096 Marco
1492 2023 1531 2094 F.
1549 2024 1681 2098 Zaraae

306 2143 379 2230 ejus
407 2137 602 2227 decessore,
627 2136 684 2210 ubi
702 2135 873 2220 ordinatus
900 2135 1011 2228 buerit,
1038 2138 1136 2211 silent
1160 2137 1317 2210 historici.
1357 2137 1507 2211 Tandem
1534 2136 1681 2235 cyrillus

306 2254 344 2325 F.
356 2252 512 2342 Laklaki,
538 2256 572 2325 in
586 2273 651 2347 quo
670 2251 790 2323 desinit
807 2251 957 2326 Historia
977 2253 1223 2343 PatrIarcbalis,
1252 2253 1422 2328 ordinatus
1443 2253 1503 2328 luit
1520 2254 1681 2328 Alexan-

307 2371 418 2458 driae3
451 2369 523 2458 sed,
550 2379 586 2440 ut
611 2391 658 2440 ex
689 2371 881 2440 narratione
914 2371 1039 2442 autoris
1072 2369 1221 2465 aequalis
1255 2369 1466 2445 manifestum
1501 2382 1571 2460 est,
1605 2373 1682 2465 quia

304 2496 383 2582 post
410 2507 571 2558 annorum
596 2503 703 2579 prope
729 2485 848 2575 viginti
874 2487 1117 2576 contentiones,
1145 2495 1179 2558 et
1204 2485 1292 2578 lites,
1319 2485 1453 2559 tandem
1467 2495 1682 2583 praeceptum

306 2624 327 2672 a
360 2599 499 2673 Sultano
530 2597 642 2672 Adelo
676 2598 866 2672 obtinuerat
899 2599 941 2672 de
973 2622 1034 2672 sna
1066 2600 1302 2690 ordinatione,
1330 2604 1365 2673 in
1397 2624 1495 2696 quam
1530 2603 1683 2698 plerique

306 2714 532 2788 Jacobitarum
559 2723 812 2803 consenserant,
838 2715 1054 2811 Decretoque
1088 2715 1130 2788 de
1165 2720 1238 2809 ejus
1265 2717 1431 2790 electione
1464 2716 1683 2813 subscripse-

305 2841 389 2904 rant.
443 2830 527 2903 Illud
552 2839 588 2903 nt
612 2830 776 2925 Principis
811 2834 987 2904 autoritate
1022 2832 1292 2923 confirmaretur,
1326 2833 1569 2929 Alexandriam
1594 2856 1683 2931 pro-

305 2948 413 3021 iectus
441 2956 523 3035 erat,
551 2944 607 3017 ubi
632 2945 689 3017 ille
716 2945 760 3018 ob
789 2949 877 3020 aeris
906 2946 1127 3036 clementiam,
1153 2948 1353 3022 valetudinis
1377 2949 1546 3022 curandae
1572 2953 1683 3042 gratia

307 3075 384 3136 tuuc
418 3060 695 3158 commorabatur.
748 3062 873 3134 Postea
905 3083 991 3135 vero
1023 3065 1203 3136 institutum
1240 3062 1374 3138 videtur
1408 3065 1512 3139 luisse
1544 3068 1682 3158 majoris

306 3180 495 3251 securitatis
521 3198 635 3266 cansa,
662 3185 698 3247 ut
724 3176 959 3250 Ordinationes
993 3177 1259 3252 Patriarcharnm
1285 3179 1412 3254 illisrae
1444 3203 1506 3254 seu
1539 3180 1683 3255 Cabirae

307 3295 427 3368 fierent
452 3296 486 3363 in
513 3289 669 3364 Ecclesia
696 3289 901 3382 Muhallaoa,
938 3315 1035 3387 quem
1068 3293 1340 3368 consuetudinem
1372 3307 1408 3368 nt
1439 3317 1501 3370 suo
1534 3307 1683 3392 tempore

307 3417 490 3505 receptam,
515 3409 711 3503 perscripsit
736 3405 954 3480 Ebnassalus.
995 3407 1121 3479 Verum
1149 3413 1236 3504 quia,
1262 3420 1298 3482 ιιι
1323 3410 1466 3500 videtur,
1494 3415 1589 3484 varia
1611 3415 1682 3504 jam

309 3534 392 3612 crat,
418 3544 482 3594 nec
509 3542 643 3617 semper
670 3522 788 3596 eadem
820 3523 1009 3619 disciplina,
1044 3525 1144 3620 paulo
1176 3533 1255 3620 post
1286 3524 1418 3618 scribit,
1455 3526 1683 3600 deducendum

308 3661 387 3714 esse
412 3636 665 3725 Alexandriam,
693 3648 792 3733 atque
818 3638 864 3712 ibi
887 3642 1054 3729 constitui,
1080 3641 1291 3737 ordinarique
1304 3642 1542 3716 Patriarcham.
1569 3644 1680 3715 Post-

309 3777 418 3848 qcom,
446 3754 560 3848 inquit,
587 3753 768 3826 ordinatus
801 3760 852 3826 est
886 3756 1033 3843 Kornos,
1066 3759 1139 3828 sice
1165 3757 1395 3852 Hcpomeous,
1430 3783 1504 3830 cum
1537 3759 1681 3852 amplie-

307 3873 391 3942 simo
433 3872 613 3955 comitatu,
652 3869 764 3941 Mirm
801 3892 876 3940 eum
909 3870 1078 3942 deducunt
1118 3873 1388 3963 Alexandriam,
1429 3875 1476 3944 od
1513 3895 1612 3968 quoto
1651 3874 1682 3946 si

305 3987 504 4078 perceperit
530 3989 610 4056 oute
624 3983 852 4084 ‘Dominicom
878 3986 977 4078 diem,
1004 3990 1040 4056 io
1064 3986 1237 4058 suburbiis
1272 3994 1402 4077 manet,
1430 3989 1539 4060 donec
1564 3994 1681 4060 meto-

309 4103 413 4172 tioum
439 4099 585 4191 &cadem
611 4099 683 4170 dici
709 4105 837 4192 tempus
862 4099 1061 4174 edocuerit:
1087 4109 1232 4198 tonoque
1269 4108 1361 4178 cives
1387 4111 1515 4176 ecerat
1547 4111 1581 4178 ei
1613 4107 1682 4178 ob-

298 4219 408 4302 uiam,
437 4221 472 4286 et
497 4218 533 4285 io
560 4220 633 4308 pua
660 4215 821 4310 obsequio
843 4218 1167 4312 procedentesque
1193 4220 1240 4290 od
1261 4219 1454 4292 Ecclesiam
1479 4219 1589 4310 Sotir,
1615 4223 1682 4294 boc

311 4337 362 4404 est
387 4331 582 4418 ementerii,
610 4333 762 4425 quamne
787 4330 985 4408 Abnlbircat
1012 4338 1066 4430 qui
1093 4345 1166 4407 erat
1191 4339 1378 4424 recentior,
1406 4338 1557 4428 assignet
1583 4336 1682 4408 ordi-

311 4449 436 4520 nationi
461 4445 649 4520 Ecclesiam
674 4445 716 4517 I).
743 4445 867 4537 Marci,
895 4452 1098 4546 respiciens,
1135 4461 1170 4522 nt
1199 4453 1382 4524 verisimile
1409 4461 1478 4541 est,
1515 4452 1557 4523 ad
1589 4463 1682 4524 tenr-

310 4565 404 4657 pon's
431 4564 482 4634 sni
509 4560 724 4657 disciplinam.

415 4675 568 4750 LXXXI.
620 4678 729 4750 Porro
755 4677 834 4752 licet
860 4680 1083 4754 Ordinationis
1116 4686 1197 4756 ritus
1231 4692 1388 4754 accurate
1415 4685 1623 4780 explicentur
1649 4687 1682 4756 in
1731 4697 1803 4749 Sacri
1817 4699 1881 4750 ritus
1895 4695 2007 4752 Ortina-

311 4790 506 4880 Pontificali,
533 4794 627 4886 cnjus
654 4795 846 4868 versionem
874 4796 1114 4888 subjungimus,
1141 4798 1272 4870 videtur
1298 4808 1407 4872 tamen
1441 4824 1569 4898 operae
1595 4784 1772 4897 pre-‘³⁰⁰¹³
1790 4800 1823 4836 ⁰¹
1838 4783 1989 4842 ⁸l¹¹³⁵⁵⁸¹⁰·

311 4909 404 4997 tinrn,
432 4927 473 4979 ea
500 4905 629 4979 referre
656 4930 743 5003 quae
770 4908 812 4982 de
837 4910 956 4984 iisdem
982 4909 1099 4984 ritibus
1125 4912 1281 5005 leguntur
1311 4912 1397 5009 apud
1425 4926 1570 4990 autores.
1605 4915 1683 4987 Eb-

312 5022 466 5096 uassalus
493 5021 625 5116 quidem
652 5026 707 5118 qui
734 5024 794 5098 snb
824 5021 951 5123 (lprdlo
978 5025 1045 5098 idio
1072 5024 1215 5098 Laldaki
1235 5029 1430 5105 Patriarcha
1455 5029 1593 5104 LXXV.
1620 5031 1682 5109 vi-
