<?xml version="1.0" encoding="UTF-8"?>
<!DOCTYPE html PUBLIC "-//W3C//DTD XHTML 1.0 Transitional//EN"
    "http://www.w3.org/TR/xhtml1/DTD/xhtml1-transitional.dtd">
<html xmlns="http://www.w3.org/1999/xhtml" xml:lang="en" lang="en">
 <head>
  <title>
</title>
<meta http-equiv="Content-Type" content="text/html;charset=utf-8" />
  <meta name='ocr-system' content='tesseract 3.04.00' />
  <meta name='ocr-capabilities' content='ocr_page ocr_carea ocr_par ocr_line ocrx_word'/>
</head>
<body>
  <div class='ocr_page' id='page_1' title='image "./liturgiarumorie03renagoog_0519.png"; bbox 0 0 4686 6060; ppageno 0'>
   <div class='ocr_carea' id='block_1_1' title="bbox 351 1421 664 1578">
    <p class='ocr_par' dir='ltr' id='par_1_1' title="bbox 351 1421 664 1578">
     <span class='ocr_line' id='line_1_1' title="bbox 388 1421 664 1491; baseline -0.004 -16"><span class='ocrx_word' id='word_1_1' title='bbox 388 1421 452 1476; x_wconf 76' lang='lat' dir='ltr'><strong>otiu</strong></span> <span class='ocrx_word' id='word_1_2' title='bbox 464 1423 541 1475; x_wconf 81' lang='lat' dir='ltr'><strong>flebat</strong></span> <span class='ocrx_word' id='word_1_3' title='bbox 554 1423 585 1474; x_wconf 85' lang='lat' dir='ltr'><strong>eb</strong></span> <span class='ocrx_word' id='word_1_4' title='bbox 599 1423 664 1491; x_wconf 87' lang='lat' dir='ltr'><strong>Epi-</strong></span> 
     </span>
     <span class='ocr_line' id='line_1_2' title="bbox 351 1507 664 1578; baseline 0.003 -18"><span class='ocrx_word' id='word_1_5' title='bbox 351 1511 448 1578; x_wconf 85' lang='lat' dir='ltr'><strong>scopis,</strong></span> <span class='ocrx_word' id='word_1_6' title='bbox 458 1507 535 1562; x_wconf 82' lang='lat' dir='ltr'><strong>Clero</strong></span> <span class='ocrx_word' id='word_1_7' title='bbox 546 1516 570 1562; x_wconf 90' lang='lat' dir='ltr'><strong>ct</strong></span> <span class='ocrx_word' id='word_1_8' title='bbox 579 1509 664 1576; x_wconf 82' lang='lat' dir='ltr'><strong>plebe.</strong></span> 
     </span>
    </p>
   </div>
   <div class='ocr_carea' id='block_1_2' title="bbox 682 533 1666 617">
    <p class='ocr_par' dir='ltr' id='par_1_2' title="bbox 682 533 1666 617">
     <span class='ocr_line' id='line_1_3' title="bbox 682 533 1666 617; baseline 0.011 -11"><span class='ocrx_word' id='word_1_9' title='bbox 682 533 759 608; x_wconf 81' lang='lat'><strong>350</strong></span> <span class='ocrx_word' id='word_1_10' title='bbox 1063 537 1139 613; x_wconf 90' lang='lat' dir='ltr'><strong>DE</strong></span> <span class='ocrx_word' id='word_1_11' title='bbox 1192 537 1666 617; x_wconf 81' lang='lat' dir='ltr'><strong>PATRIARGHA</strong></span> 
     </span>
    </p>
   </div>
   <div class='ocr_carea' id='block_1_3' title="bbox 669 721 2155 4868">
    <p class='ocr_par' dir='ltr' id='par_1_3' title="bbox 678 721 2055 1392">
     <span class='ocr_line' id='line_1_4' title="bbox 680 721 2055 818; baseline 0.012 -28"><span class='ocrx_word' id='word_1_12' title='bbox 680 721 854 794; x_wconf 80' lang='lat' dir='ltr'><strong>triarchas.</strong></span> <span class='ocrx_word' id='word_1_13' title='bbox 907 721 979 792; x_wconf 87' lang='lat' dir='ltr'><strong>Etsi</strong></span> <span class='ocrx_word' id='word_1_14' title='bbox 1006 743 1092 794; x_wconf 88' lang='lat' dir='ltr'><strong>vero</strong></span> <span class='ocrx_word' id='word_1_15' title='bbox 1119 727 1346 818; x_wconf 91' lang='lat' dir='ltr'><strong>antiquitatum</strong></span> <span class='ocrx_word' id='word_1_16' title='bbox 1372 723 1684 800; x_wconf 89' lang='lat' dir='ltr'><strong>Ecclesiasticarum</strong></span> <span class='ocrx_word' id='word_1_17' title='bbox 1705 732 1884 817; x_wconf 88' lang='lat' dir='ltr'><strong>memoria,</strong></span> <span class='ocrx_word' id='word_1_18' title='bbox 1911 732 2055 808; x_wconf 91' lang='lat' dir='ltr'><strong>inlibris</strong></span> 
     </span>
     <span class='ocr_line' id='line_1_5' title="bbox 681 837 2055 939; baseline 0.009 -31"><span class='ocrx_word' id='word_1_19' title='bbox 681 837 903 911; x_wconf 79' lang='lat' dir='ltr'><strong>Orientalibus</strong></span> <span class='ocrx_word' id='word_1_20' title='bbox 931 838 1037 927; x_wconf 93' lang='lat' dir='ltr'><strong>nulla,</strong></span> <span class='ocrx_word' id='word_1_21' title='bbox 1065 841 1128 910; x_wconf 92' lang='lat' dir='ltr'><strong>nisi</strong></span> <span class='ocrx_word' id='word_1_22' title='bbox 1153 837 1275 912; x_wconf 86' lang='lat' dir='ltr'><strong>fabulis</strong></span> <span class='ocrx_word' id='word_1_23' title='bbox 1303 846 1526 914; x_wconf 87' lang='lat' dir='ltr'><strong>contaminata</strong></span> <span class='ocrx_word' id='word_1_24' title='bbox 1553 845 1618 929; x_wconf 89' lang='lat' dir='ltr'><strong>sit,</strong></span> <span class='ocrx_word' id='word_1_25' title='bbox 1653 865 1762 939; x_wconf 89' lang='lat' dir='ltr'><strong>eaque</strong></span> <span class='ocrx_word' id='word_1_26' title='bbox 1794 845 1898 936; x_wconf 85' lang='lat' dir='ltr'><strong>longe</strong></span> <span class='ocrx_word' id='word_1_27' title='bbox 1932 853 2055 921; x_wconf 90' lang='lat' dir='ltr'><strong>certius</strong></span> 
     </span>
     <span class='ocr_line' id='line_1_6' title="bbox 680 952 2054 1054; baseline 0.009 -31"><span class='ocrx_word' id='word_1_28' title='bbox 680 975 726 1023; x_wconf 84' lang='lat' dir='ltr'><strong>ex</strong></span> <span class='ocrx_word' id='word_1_29' title='bbox 754 952 895 1026; x_wconf 85' lang='lat' dir='ltr'><strong>Graecis</strong></span> <span class='ocrx_word' id='word_1_30' title='bbox 922 952 1117 1049; x_wconf 89' lang='lat' dir='ltr'><strong>Latinisque</strong></span> <span class='ocrx_word' id='word_1_31' title='bbox 1144 959 1376 1047; x_wconf 80' lang='lat' dir='ltr'><strong>monumentis,</strong></span> <span class='ocrx_word' id='word_1_32' title='bbox 1405 980 1504 1051; x_wconf 89' lang='lat' dir='ltr'><strong>quam</strong></span> <span class='ocrx_word' id='word_1_33' title='bbox 1530 980 1577 1030; x_wconf 86' lang='lat' dir='ltr'><strong>ex</strong></span> <span class='ocrx_word' id='word_1_34' title='bbox 1601 959 1758 1033; x_wconf 80' lang='lat' dir='ltr'><strong>Arabicis</strong></span> <span class='ocrx_word' id='word_1_35' title='bbox 1779 959 1952 1054; x_wconf 88' lang='lat' dir='ltr'><strong>habeatur,</strong></span> <span class='ocrx_word' id='word_1_36' title='bbox 1979 987 2054 1036; x_wconf 90' lang='lat' dir='ltr'><strong>nam</strong></span> 
     </span>
     <span class='ocr_line' id='line_1_7' title="bbox 680 1067 2055 1176; baseline 0.009 -36"><span class='ocrx_word' id='word_1_37' title='bbox 680 1067 821 1162; x_wconf 84' lang='lat' dir='ltr'><strong>Coptica</strong></span> <span class='ocrx_word' id='word_1_38' title='bbox 849 1081 1026 1165; x_wconf 79' lang='lat' dir='ltr'><strong>supersunt</strong></span> <span class='ocrx_word' id='word_1_39' title='bbox 1054 1072 1187 1143; x_wconf 91' lang='lat' dir='ltr'><strong>omnino</strong></span> <span class='ocrx_word' id='word_1_40' title='bbox 1214 1070 1319 1158; x_wconf 93' lang='lat' dir='ltr'><strong>nulla,</strong></span> <span class='ocrx_word' id='word_1_41' title='bbox 1348 1083 1460 1144; x_wconf 87' lang='lat' dir='ltr'><strong>tamon</strong></span> <span class='ocrx_word' id='word_1_42' title='bbox 1487 1077 1564 1168; x_wconf 87' lang='lat' dir='ltr'><strong>quia</strong></span> <span class='ocrx_word' id='word_1_43' title='bbox 1591 1079 1624 1144; x_wconf 93' lang='lat' dir='ltr'><strong>in</strong></span> <span class='ocrx_word' id='word_1_44' title='bbox 1652 1078 1724 1169; x_wconf 93' lang='lat' dir='ltr'><strong>ipsa</strong></span> <span class='ocrx_word' id='word_1_45' title='bbox 1751 1076 1830 1148; x_wconf 88' lang='lat' dir='ltr'><strong>licet</strong></span> <span class='ocrx_word' id='word_1_46' title='bbox 1855 1099 1923 1149; x_wconf 90' lang='lat' dir='ltr'><strong>non</strong></span> <span class='ocrx_word' id='word_1_47' title='bbox 1956 1079 2055 1176; x_wconf 89' lang='lat' dir='ltr'><strong>plane</strong></span> 
     </span>
     <span class='ocr_line' id='line_1_8' title="bbox 678 1180 2054 1288; baseline 0.012 -37"><span class='ocrx_word' id='word_1_48' title='bbox 678 1180 810 1278; x_wconf 90' lang='lat' dir='ltr'><strong>limpida</strong></span> <span class='ocrx_word' id='word_1_49' title='bbox 848 1186 1023 1259; x_wconf 77' lang='lat' dir='ltr'><strong>traditione</strong></span> <span class='ocrx_word' id='word_1_50' title='bbox 1056 1197 1171 1258; x_wconf 84' lang='lat' dir='ltr'><strong>extant</strong></span> <span class='ocrx_word' id='word_1_51' title='bbox 1206 1187 1383 1281; x_wconf 89' lang='lat' dir='ltr'><strong>aliquando</strong></span> <span class='ocrx_word' id='word_1_52' title='bbox 1415 1193 1561 1280; x_wconf 82' lang='lat' dir='ltr'><strong>vestigia</strong></span> <span class='ocrx_word' id='word_1_53' title='bbox 1594 1195 1721 1262; x_wconf 85' lang='lat' dir='ltr'><strong>veteris</strong></span> <span class='ocrx_word' id='word_1_54' title='bbox 1758 1191 1971 1288; x_wconf 91' lang='lat' dir='ltr'><strong>disciplinae,</strong></span> <span class='ocrx_word' id='word_1_55' title='bbox 2013 1218 2054 1268; x_wconf 88' lang='lat' dir='ltr'><strong>ea</strong></span> 
     </span>
     <span class='ocr_line' id='line_1_9' title="bbox 678 1302 1391 1392; baseline 0.007 -23"><span class='ocrx_word' id='word_1_56' title='bbox 678 1319 818 1392; x_wconf 89' lang='lat' dir='ltr'><strong>prorsus</strong></span> <span class='ocrx_word' id='word_1_57' title='bbox 844 1325 912 1376; x_wconf 91' lang='lat' dir='ltr'><strong>non</strong></span> <span class='ocrx_word' id='word_1_58' title='bbox 939 1302 1180 1375; x_wconf 88' lang='lat' dir='ltr'><strong>contemnenda</strong></span> <span class='ocrx_word' id='word_1_59' title='bbox 1207 1307 1280 1374; x_wconf 82' lang='lat' dir='ltr'><strong>visa</strong></span> <span class='ocrx_word' id='word_1_60' title='bbox 1309 1313 1391 1374; x_wconf 90' lang='lat' dir='ltr'><strong>sunt.</strong></span> 
     </span>
    </p>

    <p class='ocr_par' dir='ltr' id='par_1_4' title="bbox 669 1417 2155 4868">
     <span class='ocr_line' id='line_1_10' title="bbox 782 1417 2053 1515; baseline 0.004 -23"><span class='ocrx_word' id='word_1_61' title='bbox 782 1419 858 1492; x_wconf 89' lang='lat' dir='ltr'><strong>XX.</strong></span> <span class='ocrx_word' id='word_1_62' title='bbox 905 1421 959 1492; x_wconf 91' lang='lat' dir='ltr'><strong>Ac</strong></span> <span class='ocrx_word' id='word_1_63' title='bbox 985 1421 1092 1515; x_wconf 88' lang='lat' dir='ltr'><strong>primo</strong></span> <span class='ocrx_word' id='word_1_64' title='bbox 1120 1417 1250 1512; x_wconf 85' lang='lat' dir='ltr'><strong>quddem</strong></span> <span class='ocrx_word' id='word_1_65' title='bbox 1276 1417 1355 1490; x_wconf 91' lang='lat' dir='ltr'><strong>illud</strong></span> <span class='ocrx_word' id='word_1_66' title='bbox 1380 1440 1443 1513; x_wconf 92' lang='lat' dir='ltr'><strong>pro</strong></span> <span class='ocrx_word' id='word_1_67' title='bbox 1470 1429 1563 1491; x_wconf 89' lang='lat' dir='ltr'><strong>certo</strong></span> <span class='ocrx_word' id='word_1_68' title='bbox 1590 1422 1768 1494; x_wconf 89' lang='lat' dir='ltr'><strong>tenendum</strong></span> <span class='ocrx_word' id='word_1_69' title='bbox 1794 1432 1861 1512; x_wconf 87' lang='lat' dir='ltr'><strong>est,</strong></span> <span class='ocrx_word' id='word_1_70' title='bbox 1893 1425 2053 1498; x_wconf 86' lang='lat' dir='ltr'><strong>Alexan-</strong></span> 
     </span>
     <span class='ocr_line' id='line_1_11' title="bbox 679 1534 2053 1632; baseline 0.007 -27"><span class='ocrx_word' id='word_1_71' title='bbox 679 1534 1020 1608; x_wconf 88' lang='lat' dir='ltr'><strong>drinam-Ecclesiam</strong></span> <span class='ocrx_word' id='word_1_72' title='bbox 1046 1538 1211 1606; x_wconf 91' lang='lat' dir='ltr'><strong>communi</strong></span> <span class='ocrx_word' id='word_1_73' title='bbox 1238 1556 1315 1606; x_wconf 92' lang='lat' dir='ltr'><strong>cum</strong></span> <span class='ocrx_word' id='word_1_74' title='bbox 1347 1534 1484 1629; x_wconf 89' lang='lat' dir='ltr'><strong>reliquis</strong></span> <span class='ocrx_word' id='word_1_75' title='bbox 1517 1535 1670 1608; x_wconf 90' lang='lat' dir='ltr'><strong>omuibus</strong></span> <span class='ocrx_word' id='word_1_76' title='bbox 1698 1541 1776 1631; x_wconf 76' lang='lat' dir='ltr'><strong>Jure</strong></span> <span class='ocrx_word' id='word_1_77' title='bbox 1809 1561 1903 1611; x_wconf 88' lang='lat' dir='ltr'><strong>usam</strong></span> <span class='ocrx_word' id='word_1_78' title='bbox 1937 1541 2053 1632; x_wconf 82' lang='lat' dir='ltr'><strong>bisse,</strong></span> 
     </span>
     <span class='ocr_line' id='line_1_12' title="bbox 678 1633 2155 1746; baseline 0.005 -24"><span class='ocrx_word' id='word_1_79' title='bbox 678 1653 768 1723; x_wconf 90' lang='lat' dir='ltr'><strong>circa</strong></span> <span class='ocrx_word' id='word_1_80' title='bbox 795 1649 1042 1745; x_wconf 90' lang='lat' dir='ltr'><strong>Episcoporum</strong></span> <span class='ocrx_word' id='word_1_81' title='bbox 1069 1673 1204 1723; x_wconf 90' lang='lat' dir='ltr'><strong>suornm</strong></span> <span class='ocrx_word' id='word_1_82' title='bbox 1232 1648 1440 1722; x_wconf 86' lang='lat' dir='ltr'><strong>electionem.</strong></span> <span class='ocrx_word' id='word_1_83' title='bbox 1490 1649 1639 1744; x_wconf 87' lang='lat' dir='ltr'><strong>Nempe,</strong></span> <span class='ocrx_word' id='word_1_84' title='bbox 1667 1652 1756 1746; x_wconf 90' lang='lat' dir='ltr'><strong>quod</strong></span> <span class='ocrx_word' id='word_1_85' title='bbox 1783 1653 1825 1726; x_wconf 95' lang='lat' dir='ltr'><strong>ab</strong></span> <span class='ocrx_word' id='word_1_86' title='bbox 1853 1659 1945 1728; x_wconf 91' lang='lat' dir='ltr'><strong>initio</strong></span> <span class='ocrx_word' id='word_1_87' title='bbox 1973 1657 2052 1730; x_wconf 94' lang='lat' dir='ltr'><strong>ubi-</strong></span> <span class='ocrx_word' id='word_1_88' title='bbox 2151 1633 2155 1641; x_wconf 42' lang='grc'>’</span> 
     </span>
     <span class='ocr_line' id='line_1_13' title="bbox 678 1762 2051 1862; baseline 0.005 -24"><span class='ocrx_word' id='word_1_89' title='bbox 678 1789 762 1860; x_wconf 76' lang='lat' dir='ltr'><strong>(pre,</strong></span> <span class='ocrx_word' id='word_1_90' title='bbox 790 1765 856 1836; x_wconf 94' lang='lat' dir='ltr'><strong>illic</strong></span> <span class='ocrx_word' id='word_1_91' title='bbox 883 1765 968 1836; x_wconf 88' lang='lat' dir='ltr'><strong>idem</strong></span> <span class='ocrx_word' id='word_1_92' title='bbox 996 1788 1128 1860; x_wconf 82' lang='lat' dir='ltr'><strong>quoque</strong></span> <span class='ocrx_word' id='word_1_93' title='bbox 1154 1762 1368 1838; x_wconf 88' lang='lat' dir='ltr'><strong>observatum</strong></span> <span class='ocrx_word' id='word_1_94' title='bbox 1397 1775 1469 1853; x_wconf 88' lang='lat' dir='ltr'><strong>est,</strong></span> <span class='ocrx_word' id='word_1_95' title='bbox 1503 1777 1538 1837; x_wconf 91' lang='lat' dir='ltr'><strong>ut</strong></span> <span class='ocrx_word' id='word_1_96' title='bbox 1571 1766 1761 1862; x_wconf 80' lang='lat' dir='ltr'><strong>Episcopus</strong></span> <span class='ocrx_word' id='word_1_97' title='bbox 1794 1769 1975 1861; x_wconf 82' lang='lat' dir='ltr'><strong>eligeretur</strong></span> <span class='ocrx_word' id='word_1_98' title='bbox 2009 1772 2051 1846; x_wconf 86' lang='lat' dir='ltr'><strong>ab</strong></span> 
     </span>
     <span class='ocr_line' id='line_1_14' title="bbox 676 1879 2051 1983; baseline 0.004 -30"><span class='ocrx_word' id='word_1_99' title='bbox 676 1882 878 1979; x_wconf 78' lang='lat' dir='ltr'><strong>EpiscopiS,</strong></span> <span class='ocrx_word' id='word_1_100' title='bbox 905 1881 1007 1954; x_wconf 83' lang='lat' dir='ltr'><strong>Claro</strong></span> <span class='ocrx_word' id='word_1_101' title='bbox 1035 1893 1068 1953; x_wconf 90' lang='lat' dir='ltr'><strong>et</strong></span> <span class='ocrx_word' id='word_1_102' title='bbox 1094 1880 1213 1978; x_wconf 90' lang='lat' dir='ltr'><strong>plebe,</strong></span> <span class='ocrx_word' id='word_1_103' title='bbox 1241 1890 1340 1976; x_wconf 86' lang='lat' dir='ltr'><strong>atque</strong></span> <span class='ocrx_word' id='word_1_104' title='bbox 1367 1879 1409 1951; x_wconf 92' lang='lat' dir='ltr'><strong>ab</strong></span> <span class='ocrx_word' id='word_1_105' title='bbox 1436 1880 1616 1976; x_wconf 88' lang='lat' dir='ltr'><strong>Episcopis</strong></span> <span class='ocrx_word' id='word_1_106' title='bbox 1643 1905 1705 1977; x_wconf 91' lang='lat' dir='ltr'><strong>per</strong></span> <span class='ocrx_word' id='word_1_107' title='bbox 1731 1906 1883 1956; x_wconf 90' lang='lat' dir='ltr'><strong>manuum</strong></span> <span class='ocrx_word' id='word_1_108' title='bbox 1906 1891 2051 1983; x_wconf 92' lang='lat' dir='ltr'><strong>imposi-</strong></span> 
     </span>
     <span class='ocr_line' id='line_1_15' title="bbox 676 1995 2051 2084; baseline 0.006 -16"><span class='ocrx_word' id='word_1_109' title='bbox 676 2001 801 2070; x_wconf 91' lang='lat' dir='ltr'><strong>tionem</strong></span> <span class='ocrx_word' id='word_1_110' title='bbox 834 1998 1052 2070; x_wconf 88' lang='lat' dir='ltr'><strong>ordinaretur.</strong></span> <span class='ocrx_word' id='word_1_111' title='bbox 1105 1995 1213 2071; x_wconf 85' lang='lat' dir='ltr'><strong>Aliter</strong></span> <span class='ocrx_word' id='word_1_112' title='bbox 1248 1999 1277 2070; x_wconf 90' lang='lat' dir='ltr'><strong>si</strong></span> <span class='ocrx_word' id='word_1_113' title='bbox 1312 1995 1436 2069; x_wconf 88' lang='lat' dir='ltr'><strong>factum</strong></span> <span class='ocrx_word' id='word_1_114' title='bbox 1468 1997 1602 2084; x_wconf 86' lang='lat' dir='ltr'><strong>luisset,</strong></span> <span class='ocrx_word' id='word_1_115' title='bbox 1637 2003 1860 2072; x_wconf 89' lang='lat' dir='ltr'><strong>recessissent</strong></span> <span class='ocrx_word' id='word_1_116' title='bbox 1891 2002 2051 2076; x_wconf 84' lang='lat' dir='ltr'><strong>Alexan-</strong></span> 
     </span>
     <span class='ocr_line' id='line_1_16' title="bbox 677 2111 2050 2208; baseline 0.003 -24"><span class='ocrx_word' id='word_1_117' title='bbox 677 2115 760 2185; x_wconf 93' lang='lat' dir='ltr'><strong>drini</strong></span> <span class='ocrx_word' id='word_1_118' title='bbox 788 2138 808 2185; x_wconf 91' lang='lat' dir='ltr'><strong>a</strong></span> <span class='ocrx_word' id='word_1_119' title='bbox 835 2117 1000 2186; x_wconf 91' lang='lat' dir='ltr'><strong>communi</strong></span> <span class='ocrx_word' id='word_1_120' title='bbox 1027 2115 1173 2186; x_wconf 93' lang='lat' dir='ltr'><strong>omnium</strong></span> <span class='ocrx_word' id='word_1_121' title='bbox 1199 2111 1460 2185; x_wconf 79' lang='lat' dir='ltr'><strong>Christianorum</strong></span> <span class='ocrx_word' id='word_1_122' title='bbox 1488 2112 1678 2208; x_wconf 71' lang='lat' dir='ltr'><strong>disciplina,</strong></span> <span class='ocrx_word' id='word_1_123' title='bbox 1706 2118 1822 2207; x_wconf 89' lang='lat' dir='ltr'><strong>cujus,</strong></span> <span class='ocrx_word' id='word_1_124' title='bbox 1856 2127 1891 2188; x_wconf 92' lang='lat' dir='ltr'><strong>ut</strong></span> <span class='ocrx_word' id='word_1_125' title='bbox 1926 2127 1960 2188; x_wconf 89' lang='lat' dir='ltr'><strong>et</strong></span> <span class='ocrx_word' id='word_1_126' title='bbox 1987 2140 2050 2190; x_wconf 89' lang='lat' dir='ltr'><strong>or-</strong></span> 
     </span>
     <span class='ocr_line' id='line_1_17' title="bbox 676 2215 2049 2323; baseline 0.004 -23"><span class='ocrx_word' id='word_1_127' title='bbox 676 2215 851 2302; x_wconf 77' lang='lat' dir='ltr'><strong>thodoxae</strong></span> <span class='ocrx_word' id='word_1_128' title='bbox 872 2230 961 2320; x_wconf 86' lang='lat' dir='ltr'><strong>fidei,</strong></span> <span class='ocrx_word' id='word_1_129' title='bbox 988 2231 1236 2302; x_wconf 88' lang='lat' dir='ltr'><strong>retinentissimi</strong></span> <span class='ocrx_word' id='word_1_130' title='bbox 1264 2238 1367 2300; x_wconf 85' lang='lat' dir='ltr'><strong>erant</strong></span> <span class='ocrx_word' id='word_1_131' title='bbox 1404 2228 1531 2323; x_wconf 45' lang='lat' dir='ltr'><strong>Neque,</strong></span> <span class='ocrx_word' id='word_1_132' title='bbox 1549 2233 1718 2301; x_wconf 89' lang='lat' dir='ltr'><strong>contraria</strong></span> <span class='ocrx_word' id='word_1_133' title='bbox 1740 2243 1812 2303; x_wconf 89' lang='lat' dir='ltr'><strong>erat</strong></span> <span class='ocrx_word' id='word_1_134' title='bbox 1830 2233 2049 2323; x_wconf 90' lang='lat' dir='ltr'><strong>consuetudo,</strong></span> 
     </span>
     <span class='ocr_line' id='line_1_18' title="bbox 676 2342 2050 2444; baseline 0.002 -27"><span class='ocrx_word' id='word_1_135' title='bbox 676 2349 770 2438; x_wconf 90' lang='lat' dir='ltr'><strong>cujus</strong></span> <span class='ocrx_word' id='word_1_136' title='bbox 796 2351 891 2420; x_wconf 88' lang='lat' dir='ltr'><strong>testis</strong></span> <span class='ocrx_word' id='word_1_137' title='bbox 919 2357 971 2418; x_wconf 88' lang='lat' dir='ltr'><strong>est</strong></span> <span class='ocrx_word' id='word_1_138' title='bbox 996 2345 1244 2440; x_wconf 72' lang='lat' dir='ltr'><strong>Hieronymus,</strong></span> <span class='ocrx_word' id='word_1_139' title='bbox 1277 2343 1319 2415; x_wconf 90' lang='lat' dir='ltr'><strong>dc</strong></span> <span class='ocrx_word' id='word_1_140' title='bbox 1353 2342 1527 2416; x_wconf 89' lang='lat' dir='ltr'><strong>duodecim</strong></span> <span class='ocrx_word' id='word_1_141' title='bbox 1558 2344 1798 2418; x_wconf 82' lang='lat' dir='ltr'><strong>Alexandrinis</strong></span> <span class='ocrx_word' id='word_1_142' title='bbox 1824 2347 2050 2444; x_wconf 81' lang='lat' dir='ltr'><strong>Presbyteris,</strong></span> 
     </span>
     <span class='ocr_line' id='line_1_19' title="bbox 676 2457 2050 2556; baseline 0.004 -26"><span class='ocrx_word' id='word_1_143' title='bbox 676 2464 805 2555; x_wconf 88' lang='lat' dir='ltr'><strong>quiex</strong></span> <span class='ocrx_word' id='word_1_144' title='bbox 836 2485 899 2534; x_wconf 90' lang='lat' dir='ltr'><strong>suo</strong></span> <span class='ocrx_word' id='word_1_145' title='bbox 933 2483 1071 2534; x_wconf 90' lang='lat' dir='ltr'><strong>numero</strong></span> <span class='ocrx_word' id='word_1_146' title='bbox 1103 2482 1203 2532; x_wconf 91' lang='lat' dir='ltr'><strong>unum</strong></span> <span class='ocrx_word' id='word_1_147' title='bbox 1239 2457 1424 2551; x_wconf 85' lang='lat' dir='ltr'><strong>eligebant,</strong></span> <span class='ocrx_word' id='word_1_148' title='bbox 1459 2482 1557 2554; x_wconf 88' lang='lat' dir='ltr'><strong>quem</strong></span> <span class='ocrx_word' id='word_1_149' title='bbox 1589 2459 1795 2556; x_wconf 86' lang='lat' dir='ltr'><strong>Episcopum</strong></span> <span class='ocrx_word' id='word_1_150' title='bbox 1827 2464 2050 2537; x_wconf 85' lang='lat' dir='ltr'><strong>nominabant.</strong></span> 
     </span>
     <span class='ocr_line' id='line_1_20' title="bbox 675 2574 2052 2673; baseline 0.001 -25"><span class='ocrx_word' id='word_1_151' title='bbox 675 2575 790 2648; x_wconf 90' lang='lat' dir='ltr'><strong>Verba</strong></span> <span class='ocrx_word' id='word_1_152' title='bbox 817 2577 1012 2673; x_wconf 70' lang='lat' dir='ltr'><strong>Hieronymi</strong></span> <span class='ocrx_word' id='word_1_153' title='bbox 1040 2600 1086 2648; x_wconf 86' lang='lat' dir='ltr'><strong>ex</strong></span> <span class='ocrx_word' id='word_1_154' title='bbox 1112 2574 1265 2670; x_wconf 90' lang='lat' dir='ltr'><strong>Epistola</strong></span> <span class='ocrx_word' id='word_1_155' title='bbox 1292 2575 1353 2646; x_wconf 88' lang='grc'><strong>85.</strong></span> <span class='ocrx_word' id='word_1_156' title='bbox 1382 2574 1424 2646; x_wconf 96' lang='lat' dir='ltr'><strong>ad</strong></span> <span class='ocrx_word' id='word_1_157' title='bbox 1450 2575 1633 2667; x_wconf 84' lang='lat' dir='ltr'><strong>Evagrium</strong></span> <span class='ocrx_word' id='word_1_158' title='bbox 1661 2580 1706 2648; x_wconf 90' lang='lat' dir='ltr'><strong>ita</strong></span> <span class='ocrx_word' id='word_1_159' title='bbox 1732 2597 1772 2648; x_wconf 88' lang='lat' dir='ltr'><strong>se</strong></span> <span class='ocrx_word' id='word_1_160' title='bbox 1798 2575 1929 2650; x_wconf 87' lang='lat' dir='ltr'><strong>babent.</strong></span> <span class='ocrx_word' id='word_1_161' title='bbox 1962 2579 2052 2649; x_wconf 86' lang='lat' dir='ltr'><strong>Num</strong></span> 
     </span>
     <span class='ocr_line' id='line_1_21' title="bbox 675 2691 2049 2786; baseline 0.001 -23"><span class='ocrx_word' id='word_1_162' title='bbox 675 2699 710 2763; x_wconf 91' lang='lat' dir='ltr'><strong>et</strong></span> <span class='ocrx_word' id='word_1_163' title='bbox 734 2693 978 2764; x_wconf 72' lang='lat' dir='ltr'><strong>Alexandriae</strong></span> <span class='ocrx_word' id='word_1_164' title='bbox 1004 2717 1028 2762; x_wconf 84' lang='lat' dir='ltr'><strong>a</strong></span> <span class='ocrx_word' id='word_1_165' title='bbox 1053 2693 1177 2762; x_wconf 88' lang='lat' dir='ltr'><strong>Murco</strong></span> <span class='ocrx_word' id='word_1_166' title='bbox 1203 2691 1427 2786; x_wconf 78' lang='lat' dir='ltr'><strong>Erumpelista</strong></span> <span class='ocrx_word' id='word_1_167' title='bbox 1453 2713 1558 2786; x_wconf 80' lang='lat' dir='ltr'><strong>usque</strong></span> <span class='ocrx_word' id='word_1_168' title='bbox 1591 2693 1638 2762; x_wconf 87' lang='lat' dir='ltr'><strong>od</strong></span> <span class='ocrx_word' id='word_1_169' title='bbox 1667 2692 1853 2763; x_wconf 76' lang='lat' dir='ltr'><strong>Heracleum</strong></span> <span class='ocrx_word' id='word_1_170' title='bbox 1886 2700 1921 2763; x_wconf 93' lang='lat' dir='ltr'><strong>et</strong></span> <span class='ocrx_word' id='word_1_171' title='bbox 1953 2694 2049 2765; x_wconf 86' lang='lat' dir='ltr'><strong>Dio-</strong></span> 
     </span>
     <span class='ocr_line' id='line_1_22' title="bbox 673 2807 2048 2900; baseline 0.004 -23"><span class='ocrx_word' id='word_1_172' title='bbox 673 2811 802 2900; x_wconf 73' lang='lat' dir='ltr'><strong>nysium</strong></span> <span class='ocrx_word' id='word_1_173' title='bbox 827 2809 1040 2900; x_wconf 87' lang='lat' dir='ltr'><strong>Episcopus,</strong></span> <span class='ocrx_word' id='word_1_174' title='bbox 1068 2807 1270 2899; x_wconf 73' lang='lat' dir='ltr'><strong>Presbyteri</strong></span> <span class='ocrx_word' id='word_1_175' title='bbox 1296 2829 1428 2900; x_wconf 83' lang='lat' dir='ltr'><strong>semper</strong></span> <span class='ocrx_word' id='word_1_176' title='bbox 1453 2831 1553 2878; x_wconf 85' lang='lat' dir='ltr'><strong>unum</strong></span> <span class='ocrx_word' id='word_1_177' title='bbox 1583 2831 1630 2878; x_wconf 82' lang='lat' dir='ltr'><strong>ec</strong></span> <span class='ocrx_word' id='word_1_178' title='bbox 1661 2829 1699 2880; x_wconf 87' lang='lat' dir='ltr'><strong>se</strong></span> <span class='ocrx_word' id='word_1_179' title='bbox 1733 2808 1874 2878; x_wconf 86' lang='lat' dir='ltr'><strong>electum</strong></span> <span class='ocrx_word' id='word_1_180' title='bbox 1907 2813 1943 2880; x_wconf 85' lang='lat' dir='ltr'><strong>in</strong></span> <span class='ocrx_word' id='word_1_181' title='bbox 1979 2833 2048 2882; x_wconf 83' lang='lat' dir='ltr'><strong>cc-</strong></span> 
     </span>
     <span class='ocr_line' id='line_1_23' title="bbox 674 2922 2049 3017; baseline 0.002 -24"><span class='ocrx_word' id='word_1_182' title='bbox 674 2922 814 2998; x_wconf 80' lang='lat' dir='ltr'><strong>eelsiori</strong></span> <span class='ocrx_word' id='word_1_183' title='bbox 838 2923 949 3016; x_wconf 79' lang='lat' dir='ltr'><strong>produ</strong></span> <span class='ocrx_word' id='word_1_184' title='bbox 976 2923 1179 2994; x_wconf 86' lang='lat' dir='ltr'><strong>collocutum</strong></span> <span class='ocrx_word' id='word_1_185' title='bbox 1204 2924 1412 3016; x_wconf 85' lang='lat' dir='ltr'><strong>Episcopum</strong></span> <span class='ocrx_word' id='word_1_186' title='bbox 1437 2923 1672 3012; x_wconf 79' lang='lat' dir='ltr'><strong>omninubuut,</strong></span> <span class='ocrx_word' id='word_1_187' title='bbox 1700 2925 1866 3017; x_wconf 81' lang='lat' dir='ltr'><strong>quomodo</strong></span> <span class='ocrx_word' id='word_1_188' title='bbox 1889 2928 2049 2997; x_wconf 67' lang='lat' dir='ltr'><strong>neem-</strong></span> 
     </span>
     <span class='ocr_line' id='line_1_24' title="bbox 674 3038 2050 3132; baseline 0.002 -23"><span class='ocrx_word' id='word_1_189' title='bbox 674 3043 761 3111; x_wconf 85' lang='lat' dir='ltr'><strong>citus</strong></span> <span class='ocrx_word' id='word_1_190' title='bbox 785 3038 1032 3131; x_wconf 82' lang='lat' dir='ltr'><strong>Imperatorem</strong></span> <span class='ocrx_word' id='word_1_191' title='bbox 1054 3042 1186 3132; x_wconf 77' lang='lat' dir='ltr'><strong>faciut,</strong></span> <span class='ocrx_word' id='word_1_192' title='bbox 1213 3045 1274 3108; x_wconf 84' lang='lat' dir='ltr'><strong>out</strong></span> <span class='ocrx_word' id='word_1_193' title='bbox 1293 3038 1449 3109; x_wconf 83' lang='lat' dir='ltr'><strong>Diaconi</strong></span> <span class='ocrx_word' id='word_1_194' title='bbox 1469 3039 1599 3131; x_wconf 75' lang='lat' dir='ltr'><strong>stipant</strong></span> <span class='ocrx_word' id='word_1_195' title='bbox 1619 3039 1662 3110; x_wconf 90' lang='lat' dir='ltr'><strong>de</strong></span> <span class='ocrx_word' id='word_1_196' title='bbox 1678 3061 1717 3109; x_wconf 86' lang='lat' dir='ltr'><strong>se</strong></span> <span class='ocrx_word' id='word_1_197' title='bbox 1734 3061 1831 3132; x_wconf 82' lang='lat' dir='ltr'><strong>quesn</strong></span> <span class='ocrx_word' id='word_1_198' title='bbox 1849 3043 2050 3114; x_wconf 85' lang='lat' dir='ltr'><strong>industrium</strong></span> 
     </span>
     <span class='ocr_line' id='line_1_25' title="bbox 672 3153 2048 3248; baseline 0 -22"><span class='ocrx_word' id='word_1_199' title='bbox 672 3159 845 3244; x_wconf 75' lang='lat' dir='ltr'><strong>noverint,</strong></span> <span class='ocrx_word' id='word_1_200' title='bbox 874 3161 910 3225; x_wconf 93' lang='lat' dir='ltr'><strong>et</strong></span> <span class='ocrx_word' id='word_1_201' title='bbox 934 3155 1227 3226; x_wconf 81' lang='lat' dir='ltr'><strong>Arcbidiuconum</strong></span> <span class='ocrx_word' id='word_1_202' title='bbox 1252 3161 1384 3225; x_wconf 84' lang='lat' dir='ltr'><strong>nocent.</strong></span> <span class='ocrx_word' id='word_1_203' title='bbox 1429 3153 1517 3239; x_wconf 85' lang='lat' dir='ltr'><strong>Ouid</strong></span> <span class='ocrx_word' id='word_1_204' title='bbox 1543 3157 1631 3225; x_wconf 86' lang='lat' dir='ltr'><strong>enim</strong></span> <span class='ocrx_word' id='word_1_205' title='bbox 1653 3158 1745 3248; x_wconf 82' lang='lat' dir='ltr'><strong>[ecit</strong></span> <span class='ocrx_word' id='word_1_206' title='bbox 1771 3161 1919 3247; x_wconf 80' lang='lat' dir='ltr'><strong>eccepto</strong></span> <span class='ocrx_word' id='word_1_207' title='bbox 1946 3157 2048 3226; x_wconf 85' lang='lat' dir='ltr'><strong>ordi-</strong></span> 
     </span>
     <span class='ocr_line' id='line_1_26' title="bbox 672 3269 2046 3364; baseline 0.002 -23"><span class='ocrx_word' id='word_1_208' title='bbox 672 3274 813 3342; x_wconf 79' lang='lat' dir='ltr'><strong>natione</strong></span> <span class='ocrx_word' id='word_1_209' title='bbox 838 3270 1048 3364; x_wconf 76' lang='lat' dir='ltr'><strong>Episcopus,</strong></span> <span class='ocrx_word' id='word_1_210' title='bbox 1083 3271 1175 3364; x_wconf 85' lang='lat' dir='ltr'><strong>quod</strong></span> <span class='ocrx_word' id='word_1_211' title='bbox 1206 3269 1397 3362; x_wconf 79' lang='lat' dir='ltr'><strong>Presbyter</strong></span> <span class='ocrx_word' id='word_1_212' title='bbox 1434 3290 1503 3339; x_wconf 91' lang='lat' dir='ltr'><strong>non</strong></span> <span class='ocrx_word' id='word_1_213' title='bbox 1534 3273 1678 3362; x_wconf 81' lang='lat' dir='ltr'><strong>faciat?</strong></span> <span class='ocrx_word' id='word_1_214' title='bbox 1718 3269 1834 3342; x_wconf 88' lang='lat' dir='ltr'><strong>Verba</strong></span> <span class='ocrx_word' id='word_1_215' title='bbox 1861 3269 1917 3342; x_wconf 92' lang='lat' dir='ltr'><strong>illa</strong></span> <span class='ocrx_word' id='word_1_216' title='bbox 1955 3275 2046 3344; x_wconf 86' lang='lat' dir='ltr'><strong>miris</strong></span> 
     </span>
     <span class='ocr_line' id='line_1_27' title="bbox 672 3383 2047 3480; baseline 0.003 -23"><span class='ocrx_word' id='word_1_217' title='bbox 672 3390 917 3458; x_wconf 89' lang='lat' dir='ltr'><strong>commentariis</strong></span> <span class='ocrx_word' id='word_1_218' title='bbox 955 3396 1102 3474; x_wconf 86' lang='lat' dir='ltr'><strong>vexata,</strong></span> <span class='ocrx_word' id='word_1_219' title='bbox 1143 3389 1243 3458; x_wconf 86' lang='lat' dir='ltr'><strong>toties</strong></span> <span class='ocrx_word' id='word_1_220' title='bbox 1285 3389 1318 3456; x_wconf 91' lang='lat' dir='ltr'><strong>in</strong></span> <span class='ocrx_word' id='word_1_221' title='bbox 1361 3383 1502 3456; x_wconf 91' lang='lat' dir='ltr'><strong>medium</strong></span> <span class='ocrx_word' id='word_1_222' title='bbox 1541 3384 1772 3480; x_wconf 87' lang='lat' dir='ltr'><strong>produxerunt</strong></span> <span class='ocrx_word' id='word_1_223' title='bbox 1806 3386 2047 3476; x_wconf 71' lang='lat' dir='ltr'><strong>protestantes,</strong></span> 
     </span>
     <span class='ocr_line' id='line_1_28' title="bbox 673 3491 2048 3597; baseline -0.001 -23"><span class='ocrx_word' id='word_1_224' title='bbox 673 3504 803 3597; x_wconf 89' lang='lat' dir='ltr'><strong>quoties</strong></span> <span class='ocrx_word' id='word_1_225' title='bbox 829 3501 872 3574; x_wconf 88' lang='lat' dir='ltr'><strong>de</strong></span> <span class='ocrx_word' id='word_1_226' title='bbox 890 3491 1135 3596; x_wconf 85' lang='lat' dir='ltr'><strong>Episcoporum</strong></span> <span class='ocrx_word' id='word_1_227' title='bbox 1165 3511 1198 3572; x_wconf 89' lang='lat' dir='ltr'><strong>et</strong></span> <span class='ocrx_word' id='word_1_228' title='bbox 1215 3499 1494 3596; x_wconf 76' lang='lat' dir='ltr'><strong>Presbyterorum</strong></span> <span class='ocrx_word' id='word_1_229' title='bbox 1522 3499 1724 3596; x_wconf 88' lang='lat' dir='ltr'><strong>aequalitate</strong></span> <span class='ocrx_word' id='word_1_230' title='bbox 1751 3501 1952 3596; x_wconf 76' lang='lat' dir='ltr'><strong>disputatum</strong></span> <span class='ocrx_word' id='word_1_231' title='bbox 1978 3511 2048 3576; x_wconf 88' lang='lat' dir='ltr'><strong>est:</strong></span> 
     </span>
     <span class='ocr_line' id='line_1_29' title="bbox 671 3614 2051 3713; baseline -0.001 -24"><span class='ocrx_word' id='word_1_232' title='bbox 671 3620 736 3690; x_wconf 87' lang='lat' dir='ltr'><strong>etsi</strong></span> <span class='ocrx_word' id='word_1_233' title='bbox 761 3618 913 3710; x_wconf 80' lang='lat' dir='ltr'><strong>Anglos,</strong></span> <span class='ocrx_word' id='word_1_234' title='bbox 943 3619 1092 3713; x_wconf 88' lang='lat' dir='ltr'><strong>quinon</strong></span> <span class='ocrx_word' id='word_1_235' title='bbox 1124 3617 1267 3689; x_wconf 85' lang='lat' dir='ltr'><strong>intimum</strong></span> <span class='ocrx_word' id='word_1_236' title='bbox 1301 3619 1335 3688; x_wconf 92' lang='lat' dir='ltr'><strong>in</strong></span> <span class='ocrx_word' id='word_1_237' title='bbox 1368 3614 1639 3689; x_wconf 80' lang='lat' dir='ltr'><strong>Reformatorum</strong></span> <span class='ocrx_word' id='word_1_238' title='bbox 1671 3619 1904 3689; x_wconf 88' lang='lat' dir='ltr'><strong>communione</strong></span> <span class='ocrx_word' id='word_1_239' title='bbox 1939 3615 2051 3688; x_wconf 91' lang='lat' dir='ltr'><strong>locum</strong></span> 
     </span>
     <span class='ocr_line' id='line_1_30' title="bbox 670 3731 2049 3828; baseline 0.001 -23"><span class='ocrx_word' id='word_1_240' title='bbox 670 3743 803 3824; x_wconf 88' lang='lat' dir='ltr'><strong>tenant,</strong></span> <span class='ocrx_word' id='word_1_241' title='bbox 838 3757 859 3805; x_wconf 91' lang='lat' dir='ltr'><strong>a</strong></span> <span class='ocrx_word' id='word_1_242' title='bbox 891 3736 1059 3807; x_wconf 87' lang='lat' dir='ltr'><strong>contraria</strong></span> <span class='ocrx_word' id='word_1_243' title='bbox 1096 3735 1260 3807; x_wconf 87' lang='lat' dir='ltr'><strong>sententia</strong></span> <span class='ocrx_word' id='word_1_244' title='bbox 1298 3753 1479 3804; x_wconf 87' lang='lat' dir='ltr'><strong>removere</strong></span> <span class='ocrx_word' id='word_1_245' title='bbox 1511 3753 1678 3827; x_wconf 88' lang='lat' dir='ltr'><strong>nunquam</strong></span> <span class='ocrx_word' id='word_1_246' title='bbox 1717 3735 1894 3828; x_wconf 83' lang='lat' dir='ltr'><strong>potuerint</strong></span> <span class='ocrx_word' id='word_1_247' title='bbox 1953 3731 2049 3806; x_wconf 83' lang='lat' dir='ltr'><strong>Hanc</strong></span> 
     </span>
     <span class='ocr_line' id='line_1_31' title="bbox 672 3846 2048 3945; baseline -0.001 -24"><span class='ocrx_word' id='word_1_248' title='bbox 672 3852 901 3945; x_wconf 85' lang='lat' dir='ltr'><strong>quaestionem</strong></span> <span class='ocrx_word' id='word_1_249' title='bbox 936 3869 1020 3944; x_wconf 88' lang='lat' dir='ltr'><strong>quae</strong></span> <span class='ocrx_word' id='word_1_250' title='bbox 1052 3849 1154 3944; x_wconf 90' lang='lat' dir='ltr'><strong>plane</strong></span> <span class='ocrx_word' id='word_1_251' title='bbox 1183 3846 1393 3941; x_wconf 72' lang='lat' dir='ltr'><strong>&#39;theologica</strong></span> <span class='ocrx_word' id='word_1_252' title='bbox 1428 3858 1501 3937; x_wconf 88' lang='lat' dir='ltr'><strong>cst,</strong></span> <span class='ocrx_word' id='word_1_253' title='bbox 1533 3851 1730 3921; x_wconf 85' lang='lat' dir='ltr'><strong>examinare</strong></span> <span class='ocrx_word' id='word_1_254' title='bbox 1760 3870 1829 3920; x_wconf 91' lang='lat' dir='ltr'><strong>uon</strong></span> <span class='ocrx_word' id='word_1_255' title='bbox 1866 3855 1919 3920; x_wconf 88' lang='lat' dir='ltr'><strong>est</strong></span> <span class='ocrx_word' id='word_1_256' title='bbox 1952 3846 2048 3939; x_wconf 87' lang='lat' dir='ltr'><strong>hujus</strong></span> 
     </span>
     <span class='ocr_line' id='line_1_32' title="bbox 670 3961 2048 4061; baseline -0.001 -25"><span class='ocrx_word' id='word_1_257' title='bbox 670 3963 763 4054; x_wconf 91' lang='lat' dir='ltr'><strong>loci,</strong></span> <span class='ocrx_word' id='word_1_258' title='bbox 785 3968 922 4061; x_wconf 84' lang='lat' dir='ltr'><strong>jamque</strong></span> <span class='ocrx_word' id='word_1_259' title='bbox 948 3965 982 4036; x_wconf 95' lang='lat' dir='ltr'><strong>id</strong></span> <span class='ocrx_word' id='word_1_260' title='bbox 1009 3987 1028 4037; x_wconf 91' lang='lat' dir='ltr'><strong>a</strong></span> <span class='ocrx_word' id='word_1_261' title='bbox 1055 3964 1164 4038; x_wconf 88' lang='lat' dir='ltr'><strong>multis</strong></span> <span class='ocrx_word' id='word_1_262' title='bbox 1192 3963 1377 4057; x_wconf 81' lang='lat' dir='ltr'><strong>Theologis</strong></span> <span class='ocrx_word' id='word_1_263' title='bbox 1403 3967 1598 4060; x_wconf 87' lang='lat' dir='ltr'><strong>praestitum</strong></span> <span class='ocrx_word' id='word_1_264' title='bbox 1625 3971 1685 4036; x_wconf 78' lang='lat' dir='ltr'><strong>est</strong></span> <span class='ocrx_word' id='word_1_265' title='bbox 1727 3963 1894 4057; x_wconf 74' lang='lat' dir='ltr'><strong>Adiunxit</strong></span> <span class='ocrx_word' id='word_1_266' title='bbox 1918 3961 2048 4035; x_wconf 86' lang='lat' dir='ltr'><strong>Hiero-</strong></span> 
     </span>
     <span class='ocr_line' id='line_1_33' title="bbox 669 4077 2046 4176; baseline -0.001 -24"><span class='ocrx_word' id='word_1_267' title='bbox 669 4081 763 4176; x_wconf 73' lang='lat' dir='ltr'><strong>nymi</strong></span> <span class='ocrx_word' id='word_1_268' title='bbox 791 4083 957 4153; x_wconf 87' lang='lat' dir='ltr'><strong>autoritati</strong></span> <span class='ocrx_word' id='word_1_269' title='bbox 983 4078 1148 4153; x_wconf 84' lang='lat' dir='ltr'><strong>Seldenus</strong></span> <span class='ocrx_word' id='word_1_270' title='bbox 1174 4079 1328 4171; x_wconf 85' lang='lat' dir='ltr'><strong>Anglus,</strong></span> <span class='ocrx_word' id='word_1_271' title='bbox 1354 4083 1440 4152; x_wconf 88' lang='lat' dir='ltr'><strong>inter</strong></span> <span class='ocrx_word' id='word_1_272' title='bbox 1456 4077 1738 4176; x_wconf 70' lang='lat' dir='ltr'><strong>Presbyterianos</strong></span> <span class='ocrx_word' id='word_1_273' title='bbox 1754 4081 2046 4165; x_wconf 87' lang='lat' dir='ltr'><strong>nominatissimus,</strong></span> 
     </span>
     <span class='ocr_line' id='line_1_34' title="bbox 670 4192 2046 4291; baseline -0.001 -24"><span class='ocrx_word' id='word_1_274' title='bbox 670 4193 834 4268; x_wconf 86' lang='lat' dir='ltr'><strong>leuiorem</strong></span> <span class='ocrx_word' id='word_1_275' title='bbox 863 4198 1014 4284; x_wconf 91' lang='lat' dir='ltr'><strong>omnino,</strong></span> <span class='ocrx_word' id='word_1_276' title='bbox 1041 4194 1099 4266; x_wconf 91' lang='lat' dir='ltr'><strong>vel</strong></span> <span class='ocrx_word' id='word_1_277' title='bbox 1125 4197 1236 4291; x_wconf 88' lang='lat' dir='ltr'><strong>potius</strong></span> <span class='ocrx_word' id='word_1_278' title='bbox 1259 4194 1384 4267; x_wconf 86' lang='lat' dir='ltr'><strong>¹nullam</strong></span> <span class='ocrx_word' id='word_1_279' title='bbox 1411 4193 1567 4290; x_wconf 76' lang='lat' dir='ltr'><strong>Eutycbii</strong></span> <span class='ocrx_word' id='word_1_280' title='bbox 1591 4193 1813 4268; x_wconf 85' lang='lat' dir='ltr'><strong>Alexarrdrini</strong></span> <span class='ocrx_word' id='word_1_281' title='bbox 1832 4192 2046 4266; x_wconf 79' lang='lat' dir='ltr'><strong>Patriambae</strong></span> 
     </span>
     <span class='ocr_line' id='line_1_35' title="bbox 672 4307 2046 4388; baseline -0.003 -4"><span class='ocrx_word' id='word_1_282' title='bbox 672 4313 891 4386; x_wconf 84' lang='lat' dir='ltr'><strong>autoritatem.</strong></span> <span class='ocrx_word' id='word_1_283' title='bbox 944 4312 978 4385; x_wconf 92' lang='lat' dir='ltr'><strong>ls</strong></span> <span class='ocrx_word' id='word_1_284' title='bbox 1003 4314 1038 4382; x_wconf 91' lang='lat' dir='ltr'><strong>iu</strong></span> <span class='ocrx_word' id='word_1_285' title='bbox 1063 4312 1135 4383; x_wconf 87' lang='lat' dir='ltr'><strong>vita</strong></span> <span class='ocrx_word' id='word_1_286' title='bbox 1160 4309 1267 4383; x_wconf 86' lang='lat' dir='ltr'><strong>Marci</strong></span> <span class='ocrx_word' id='word_1_287' title='bbox 1293 4313 1338 4383; x_wconf 85' lang='lat' dir='ltr'><strong>ita</strong></span> <span class='ocrx_word' id='word_1_288' title='bbox 1365 4307 1489 4388; x_wconf 86' lang='lat' dir='ltr'><strong>scribit</strong></span> <span class='ocrx_word' id='word_1_289' title='bbox 1543 4308 1726 4381; x_wconf 80' lang='lat' dir='ltr'><strong>Constituit</strong></span> <span class='ocrx_word' id='word_1_290' title='bbox 1755 4309 1896 4382; x_wconf 82' lang='lat' dir='ltr'><strong>Morosa</strong></span> <span class='ocrx_word' id='word_1_291' title='bbox 1921 4309 2046 4380; x_wconf 80' lang='lat' dir='ltr'><strong>Evan-</strong></span> 
     </span>
     <span class='ocr_line' id='line_1_36' title="bbox 672 4425 2048 4525; baseline -0.004 -26"><span class='ocrx_word' id='word_1_292' title='bbox 672 4429 797 4525; x_wconf 78' lang='lat' dir='ltr'><strong>pelistu</strong></span> <span class='ocrx_word' id='word_1_293' title='bbox 832 4428 1009 4500; x_wconf 84' lang='lat' dir='ltr'><strong>duodecim</strong></span> <span class='ocrx_word' id='word_1_294' title='bbox 1041 4425 1272 4519; x_wconf 74' lang='lat' dir='ltr'><strong>Presbyteros</strong></span> <span class='ocrx_word' id='word_1_295' title='bbox 1303 4449 1377 4497; x_wconf 80' lang='lat' dir='ltr'><strong>mun</strong></span> <span class='ocrx_word' id='word_1_296' title='bbox 1411 4425 1592 4512; x_wconf 84' lang='lat' dir='ltr'><strong>Hanania,</strong></span> <span class='ocrx_word' id='word_1_297' title='bbox 1629 4428 1689 4518; x_wconf 82' lang='lat' dir='ltr'><strong>psi</strong></span> <span class='ocrx_word' id='word_1_298' title='bbox 1720 4445 1840 4518; x_wconf 82' lang='lat' dir='ltr'><strong>sempe</strong></span> <span class='ocrx_word' id='word_1_299' title='bbox 1871 4428 2048 4496; x_wconf 72' lang='lat' dir='ltr'><strong>manerem</strong></span> 
     </span>
     <span class='ocr_line' id='line_1_37' title="bbox 674 4540 2048 4633; baseline -0.003 -19"><span class='ocrx_word' id='word_1_300' title='bbox 674 4567 748 4616; x_wconf 88' lang='lat' dir='ltr'><strong>cum</strong></span> <span class='ocrx_word' id='word_1_301' title='bbox 789 4544 1021 4631; x_wconf 85' lang='lat' dir='ltr'><strong>Putriarcbu,</strong></span> <span class='ocrx_word' id='word_1_302' title='bbox 1063 4544 1153 4614; x_wconf 85' lang='lat' dir='ltr'><strong>adeo</strong></span> <span class='ocrx_word' id='word_1_303' title='bbox 1191 4549 1228 4614; x_wconf 88' lang='lat' dir='ltr'><strong>ut</strong></span> <span class='ocrx_word' id='word_1_304' title='bbox 1261 4565 1335 4614; x_wconf 88' lang='lat' dir='ltr'><strong>cum</strong></span> <span class='ocrx_word' id='word_1_305' title='bbox 1373 4548 1521 4613; x_wconf 84' lang='lat' dir='ltr'><strong>accuret</strong></span> <span class='ocrx_word' id='word_1_306' title='bbox 1552 4540 1841 4631; x_wconf 81' lang='lat' dir='ltr'><strong>Putriurcltotus,</strong></span> <span class='ocrx_word' id='word_1_307' title='bbox 1881 4540 2048 4633; x_wconf 78' lang='lat' dir='ltr'><strong>eliperent</strong></span> 
     </span>
     <span class='ocr_line' id='line_1_38' title="bbox 671 4653 2048 4752; baseline -0.004 -23"><span class='ocrx_word' id='word_1_308' title='bbox 671 4681 773 4730; x_wconf 88' lang='lat' dir='ltr'><strong>unum</strong></span> <span class='ocrx_word' id='word_1_309' title='bbox 797 4681 818 4731; x_wconf 90' lang='lat' dir='ltr'><strong>e</strong></span> <span class='ocrx_word' id='word_1_310' title='bbox 845 4661 1022 4732; x_wconf 86' lang='lat' dir='ltr'><strong>duodecim</strong></span> <span class='ocrx_word' id='word_1_311' title='bbox 1047 4657 1283 4752; x_wconf 73' lang='lat' dir='ltr'><strong>Presbyteris,</strong></span> <span class='ocrx_word' id='word_1_312' title='bbox 1318 4662 1414 4749; x_wconf 69' lang='lat' dir='ltr'><strong>crpus</strong></span> <span class='ocrx_word' id='word_1_313' title='bbox 1444 4657 1553 4749; x_wconf 85' lang='lat' dir='ltr'><strong>cupiti</strong></span> <span class='ocrx_word' id='word_1_314' title='bbox 1586 4653 1712 4748; x_wconf 82' lang='lat' dir='ltr'><strong>reliqui</strong></span> <span class='ocrx_word' id='word_1_315' title='bbox 1742 4654 1898 4726; x_wconf 77' lang='lat' dir='ltr'><strong>undecim</strong></span> <span class='ocrx_word' id='word_1_316' title='bbox 1930 4675 2048 4724; x_wconf 83' lang='lat' dir='ltr'><strong>munuc</strong></span> 
     </span>
     <span class='ocr_line' id='line_1_39' title="bbox 671 4770 2046 4868; baseline -0.003 -26"><span class='ocrx_word' id='word_1_317' title='bbox 671 4778 897 4865; x_wconf 85' lang='lat' dir='ltr'><strong>imponerent,</strong></span> <span class='ocrx_word' id='word_1_318' title='bbox 926 4795 1065 4868; x_wconf 80' lang='lat' dir='ltr'><strong>eampse</strong></span> <span class='ocrx_word' id='word_1_319' title='bbox 1092 4773 1336 4845; x_wconf 84' lang='lat' dir='ltr'><strong>benedicerent</strong></span> <span class='ocrx_word' id='word_1_320' title='bbox 1361 4778 1396 4844; x_wconf 88' lang='lat' dir='ltr'><strong>et</strong></span> <span class='ocrx_word' id='word_1_321' title='bbox 1422 4770 1669 4843; x_wconf 82' lang='lat' dir='ltr'><strong>Patrimcbam</strong></span> <span class='ocrx_word' id='word_1_322' title='bbox 1695 4791 1770 4841; x_wconf 77' lang='lat' dir='ltr'><strong>esan</strong></span> <span class='ocrx_word' id='word_1_323' title='bbox 1796 4775 2004 4842; x_wconf 84' lang='lat' dir='ltr'><strong>crearent..</strong></span> <span class='ocrx_word' id='word_1_324' title='bbox 2021 4819 2046 4840; x_wconf 89' lang='lat'><strong>..</strong></span> 
     </span>
    </p>
   </div>
   <div class='ocr_carea' id='block_1_4' title="bbox 671 4883 2049 5097">
    <p class='ocr_par' dir='ltr' id='par_1_5' title="bbox 671 4883 2049 5097">
     <span class='ocr_line' id='line_1_40' title="bbox 672 4883 2049 4982; baseline -0.003 -24"><span class='ocrx_word' id='word_1_325' title='bbox 672 4889 793 4982; x_wconf 83' lang='lat' dir='ltr'><strong>Neque</strong></span> <span class='ocrx_word' id='word_1_326' title='bbox 820 4889 1062 4960; x_wconf 81' lang='lat' dir='ltr'><strong>Alercndrr&#39;oe</strong></span> <span class='ocrx_word' id='word_1_327' title='bbox 1088 4889 1191 4961; x_wconf 80' lang='lat' dir='ltr'><strong>desiit</strong></span> <span class='ocrx_word' id='word_1_328' title='bbox 1216 4891 1403 4962; x_wconf 71' lang='lat' dir='ltr'><strong>institutum</strong></span> <span class='ocrx_word' id='word_1_329' title='bbox 1427 4889 1494 4958; x_wconf 85' lang='lat' dir='ltr'><strong>boc</strong></span> <span class='ocrx_word' id='word_1_330' title='bbox 1520 4884 1564 4958; x_wconf 88' lang='lat' dir='ltr'><strong>de</strong></span> <span class='ocrx_word' id='word_1_331' title='bbox 1589 4883 1825 4978; x_wconf 77' lang='lat' dir='ltr'><strong>Presbyteris,</strong></span> <span class='ocrx_word' id='word_1_332' title='bbox 1852 4894 1890 4957; x_wconf 79' lang='lat' dir='ltr'><strong>ut</strong></span> <span class='ocrx_word' id='word_1_333' title='bbox 1915 4885 2049 4958; x_wconf 84' lang='lat' dir='ltr'><strong>scilicet</strong></span> 
     </span>
     <span class='ocr_line' id='line_1_41' title="bbox 671 4999 2049 5097; baseline -0.004 -22"><span class='ocrx_word' id='word_1_334' title='bbox 671 5004 904 5075; x_wconf 82' lang='lat' dir='ltr'><strong>Potriurcbuc</strong></span> <span class='ocrx_word' id='word_1_335' title='bbox 934 5010 1098 5076; x_wconf 83' lang='lat' dir='ltr'><strong>crearent</strong></span> <span class='ocrx_word' id='word_1_336' title='bbox 1128 5026 1176 5076; x_wconf 81' lang='lat' dir='ltr'><strong>ec</strong></span> <span class='ocrx_word' id='word_1_337' title='bbox 1200 5003 1420 5097; x_wconf 81' lang='lat' dir='ltr'><strong>Presbyteris</strong></span> <span class='ocrx_word' id='word_1_338' title='bbox 1451 4999 1643 5089; x_wconf 84' lang='lat' dir='ltr'><strong>duodecim,</strong></span> <span class='ocrx_word' id='word_1_339' title='bbox 1677 5023 1783 5096; x_wconf 77' lang='lat' dir='ltr'><strong>usqne</strong></span> <span class='ocrx_word' id='word_1_340' title='bbox 1813 5001 1860 5072; x_wconf 87' lang='lat' dir='ltr'><strong>ud</strong></span> <span class='ocrx_word' id='word_1_341' title='bbox 1894 5007 2049 5093; x_wconf 83' lang='lat' dir='ltr'><strong>tempora</strong></span> 
     </span>
    </p>
   </div>
   <div class='ocr_carea' id='block_1_5' title="bbox 0 0 2348 6057">
    <p class='ocr_par' dir='ltr' id='par_1_6' title="bbox 0 0 2348 6057">
     <span class='ocr_line' id='line_1_42' title="bbox 0 0 2348 6057; baseline 0 0"><span class='ocrx_word' id='word_1_342' title='bbox 0 0 2348 6057; x_wconf 95' lang='lat' dir='ltr'><strong> </strong></span> 
     </span>
    </p>
   </div>
  </div>
 </body>
</html>
