4670 6046
645 557 686 634 n
700 541 1118 655 numumcorncln
1134 553 1165 632 s.
1183 551 1339 632 cantu.
1605 555 1682 628 ooo
1787 616 1793 641 ι

307 741 462 824 reprobes,
485 733 523 802 ue
541 737 704 820 furaberis
725 741 869 822 populum
898 746 979 801 baum
998 745 1122 818 propter
1140 745 1272 818 peccota
1293 759 1370 804 areo.
1416 738 1450 802 ln
1471 740 1527 802 ista
1550 738 1685 801 refertur

309 841 360 904 illa
382 833 564 924 αθέτησις,
587 840 653 903 sive
672 841 826 920 privatio,
856 838 894 901 ad
917 837 1053 918 illapsum
1077 837 1205 918 Spiritus
1229 841 1325 901 sancti
1347 856 1441 920 super
1463 839 1542 901 dona
1565 855 1685 919 propo·

309 941 377 1020 sita,
401 947 432 1002 et
453 957 547 1020 super
568 936 684 1001 fideles.
721 937 826 1019 ltaque
849 936 1000 1002 Sacerdos
1024 954 1147 1000 suorum
1170 937 1228 1000 sibi
1251 937 1430 1000 delictorum
1452 938 1605 1014 conscius,
1627 951 1685 997 ro-

309 1046 362 1122 gat
383 1038 480 1102 Deum
507 1055 546 1100 ne
575 1036 613 1099 ad
643 1055 677 1100 se
707 1043 900 1118 peccatorem
922 1036 1075 1118 respiciat,
1104 1035 1159 1099 sed
1186 1036 1224 1099 ad
1252 1054 1363 1118 preces
1393 1035 1569 1115 Ecclesiae,
1599 1037 1684 1118 cujus

309 1137 429 1201 nomine
451 1137 620 1198 orationem
642 1135 769 1217 profert,
793 1142 824 1198 et
853 1152 943 1197 sacro
965 1133 1132 1198 ministerio
1153 1134 1302 1216 iungitum
1332 1153 1433 1216 neque
1463 1151 1556 1197 causa
1576 1135 1627 1214 sit,
1651 1140 1683 1197 ut

310 1235 408 1319 gratia
430 1234 568 1298 fidelibus
590 1233 629 1298 ad
652 1234 807 1297 fructuose
829 1233 1106 1297 communicandum
1127 1234 1311 1310 necessaria,
1334 1243 1365 1296 et
1387 1233 1445 1296 alia
1467 1251 1525 1315 per
1546 1231 1684 1312 illapsum

311 1333 440 1414 Spiritus
467 1334 564 1396 saneti
593 1339 687 1415 super
716 1331 794 1396 dona
822 1334 998 1415 proposita,
1035 1333 1072 1394 ad
1107 1350 1144 1396 ea
1179 1332 1386 1396 consecranda
1413 1349 1475 1393 non
1504 1331 1684 1394 obtineatur.

311 1431 395 1495 llaec
417 1451 457 1494 ex
479 1450 572 1495 verae
594 1431 766 1496 humilitatis
789 1450 893 1511 sensu,
916 1449 977 1496 non
1007 1430 1088 1513 quod
1111 1430 1149 1494 de
1173 1429 1283 1494 ellectu
1312 1439 1568 1494 sacramentorum
1596 1429 1686 1492 dubi-

311 1539 386 1612 tent,
410 1550 427 1594 a
450 1549 642 1613 quocumque
664 1531 799 1594 ministro
823 1531 911 1593 etiam
942 1531 1020 1592 malo
1042 1528 1252 1608 celebrentur,
1285 1530 1384 1592 nullus
1413 1531 1492 1593 enim
1520 1528 1600 1610 apud
1630 1546 1685 1592 eos

311 1632 451 1694 inventus
473 1637 531 1710 est,
555 1631 659 1711 quiin
682 1629 771 1692 talem
794 1647 932 1693 errorem
954 1629 1056 1710 lapsus
1078 1627 1176 1692 luerit.
1221 1628 1306 1694 lllum
1329 1629 1409 1712 apud
1432 1629 1567 1693 Graecos
1589 1646 1686 1710 supe·
1732 1631 1807 1703 Pap.
1829 1631 1853 1683 r.
1872 1636 1898 1686 ι.

311 1731 386 1794 riori
408 1729 532 1793 saeculo
556 1746 612 1810 per
633 1727 780 1792 Joannem
797 1728 1043 1810 Caryopbyllum
1068 1735 1098 1790 et
1112 1727 1306 1810 Corydallum
1329 1730 1395 1811 eJus
1417 1729 1594 1812 magistrum
1616 1726 1686 1790 iur-

311 1829 362 1890 tim
383 1828 604 1891 insusurratum
627 1827 776 1891 damnavit
798 1828 921 1892 Gabriel
934 1827 1105 1891 Patriarcha
1127 1827 1387 1909 Constantinopoli
1402 1829 1432 1890 in
1446 1828 1537 1909 plena
1550 1828 1684 1909 Synodo,

312 1927 521 2009 sententiaque
545 1927 704 2008 Synodalis
729 1945 746 1988 a
767 1927 916 1991 Dositheo
938 1927 1113 1990 Patriarcha
1134 1927 1409 2009 Hierosolymitano
1432 1929 1511 2009 typis
1535 1927 1616 1991 edita
1638 1934 1686 1989 est
1717 1976 1799 2044 ομ
1820 1977 1856 2026 ur
1879 1973 1918 2026 a,
1931 1972 2003 2024 1709

312 2025 517 2105 inlloldavia,
539 2044 606 2088 cum
628 2027 695 2108 ipse
717 2024 879 2090 scribendo
903 2025 1062 2089 adfuisset:
1086 2031 1147 2087 tum
1170 2027 1258 2088 etiam
1280 2027 1425 2110 singulari
1447 2025 1594 2108 opusculo
1607 2026 1721 2131 ¹¹⁸¹¹⁰s
1756 2015 1818 2114 195]
1850 2013 1898 2110 ,34
1933 2010 2010 2110 ,ὦ
2042 2095 2043 2098 ¹

312 2125 451 2188 haeresin
474 2124 552 2188 idem
575 2125 747 2188 corutum.
784 2125 961 2188 Habuerunt
975 2124 1131 2188 Jacobitae
1146 2123 1344 2189 Alexandrini
1360 2126 1549 2188 Patriarchas
1572 2125 1685 2207 aliquot
1700 2145 1779 2199 reat.
1830 2170 1837 2190 .

312 2223 574 2302 sceleratissimos,
597 2241 724 2304 quorum
745 2224 909 2286 memoriae
932 2241 994 2286 non
1024 2231 1165 2305 parcunt:
1195 2225 1307 2288 similes
1330 2225 1490 2288 nonnullos
1513 2223 1686 2289 Cathollcos

241 2405 250 2410 -
313 2323 498 2386 Nestoriani:
522 2340 621 2403 neque
643 2329 743 2384 tamen
766 2322 925 2404 quidquam
949 2324 1097 2401 occurrit,
1126 2322 1206 2386 unde
1235 2325 1417 2387 levissimum
1448 2324 1589 2388 indicium
1619 2325 1687 2405 capi

314 2430 414 2504 queat,
437 2421 601 2484 dubitatum
623 2420 718 2484 luisse
741 2422 779 2484 de
811 2422 1013 2486 Sacramentis
1043 2441 1121 2505 quae
1150 2423 1389 2490 celebraverant.
1442 2424 1556 2488 Carere
1587 2431 1687 2486 autern
1752 2439 1813 2490 uas.
1841 2438 1911 2491 Patr.
1935 2439 2009 2491 Aba.

312 2521 514 2586 Sacramentis
536 2521 704 2584 certissime
726 2522 977 2583 existimaverunt
999 2539 1053 2584 eos
1076 2524 1127 2604 qui
1149 2521 1361 2605 Episcopalem
1384 2525 1603 2588 ordinationem
1625 2541 1724 2596 nour.
1742 2525 1805 2578 2⁴8·

312 2619 470 2700 haberent,
494 2627 526 2680 ut
548 2626 636 2682 crant
656 2619 700 2682 illi
722 2620 928 2683 Barsanuliani
950 2621 1114 2702 Acepbali,
1143 2639 1220 2701 quos
1242 2623 1362 2686 lllarcus
1385 2622 1559 2688 Patriarcha
1581 2621 1686 2685 xllx.

312 2719 536 2783 Alexandrinus
558 2716 714 2804 Ecclesiae
736 2737 812 2782 suae
834 2719 1055 2784 reconciliavit:
1086 2720 1124 2784 ad
1154 2738 1280 2802 quorum
1304 2722 1487 2805 Episcopum
1518 2728 1549 2785 et
1572 2721 1687 2786 Sacer-

313 2819 399 2882 dotes
423 2817 513 2895 dixit,
544 2836 606 2880 uon
635 2819 791 2880 &acescit
817 2835 910 2898 super
935 2838 991 2881 cos
1012 2819 1147 2900 Spiritus
1169 2829 1309 2898 sauctus,
1339 2831 1373 2884 ut
1400 2821 1688 2904 mtpcrEpiscopos

314 2917 477 2992 dsscmtdit
500 2934 568 2978 cum
587 2918 808 2996 prorumciobtr
830 2919 936 3010 modo,
955 2919 1114 2982 cauoaicu
1622 2905 1624 2910 ’

712 3174 888 3248 Sacerdos
914 3176 999 3248 dicit
1024 3177 1288 3250 lanceationem.
1694 3151 1700 3166 ⁶
1735 3192 1766 3248 r.
1784 3196 1828 3245 rr.
1847 3193 1864 3248 t
1882 3196 1928 3247 ae.

412 3395 525 3476 Funus
548 3408 750 3472 invocationis
781 3407 886 3470 similis
909 3416 957 3472 est
978 3409 1061 3489 aliis,
1092 3429 1167 3492 quas
1194 3411 1272 3474 duae
1300 3412 1419 3492 priores
1448 3412 1603 3496 liturgiae
1633 3432 1688 3476 re-

316 3493 523 3594 praesentant:
558 3518 591 3573 ut
612 3509 670 3588 illi,
698 3529 788 3591 quam
816 3511 907 3575 habet
935 3511 1031 3576 blarci
1059 3512 1214 3596 Liturgia,
1244 3520 1275 3575 et
1303 3514 1438 3577 Graecae
1467 3515 1581 3578 alterae
1612 3514 1690 3580 duae

315 3611 431 3692 absque
453 3610 515 3673 ullo
538 3609 718 3674 discrimine.
765 3609 907 3674 Continet
928 3619 1027 3674 autem
1054 3613 1121 3694 ejus
1144 3613 1239 3693 prima
1262 3630 1350 3694 pars,
1381 3631 1458 3694 quae
1487 3624 1609 3678 secreto
1640 3615 1690 3677 di-

317 3712 411 3774 cenda
435 3709 502 3789 ast,¹
516 3717 687 3772 accuratam
709 3708 747 3772 de
771 3709 885 3791 Spiritu
906 3720 1012 3774 sancto
1036 3710 1242 3794 theologiam,
1265 3729 1374 3793 nempe
1397 3711 1436 3774 de
1451 3713 1516 3794 ejus
1534 3713 1689 3776 divinitate

317 3818 347 3873 ct
369 3808 681 3873 consubstantialitate
704 3826 772 3872 cum
795 3810 884 3873 Patre
907 3817 938 3872 et
959 3810 1046 3890 Filio,
1069 3809 1151 3892 quod
1172 3810 1317 3874 subsistat
1339 3811 1370 3872 in
1392 3829 1536 3892 persona,
1560 3812 1609 3874 vel
1631 3813 1690 3894 by-

314 3910 442 3990 postoci,
465 3927 543 3990 quae
565 3927 628 3972 vox
650 3910 788 3972 intexta
810 3907 939 3990 Coptica
963 3917 1136 3990 usurpatur,
1160 3926 1268 3990 nempe
1292 3911 1373 3991 quod
1395 3928 1454 3972 una
1477 3910 1515 3972 sit
1537 3928 1690 3991 persona-

316 4027 381 4071 rum
412 4007 577 4086 Trinitatis,
600 4009 631 4070 in
664 4009 789 4090 propria
819 4026 951 4090 persona
980 4027 1051 4082 sue;
1081 4009 1136 4070 sed
1166 4009 1242 4070 haec
1272 4006 1367 4072 verba
1399 4026 1461 4072 non
1488 4008 1630 4091 leguntur
1658 4012 1690 4071 in

318 4109 435 4170 Graeco
464 4106 584 4169 codiee:
615 4106 826 4183 immutabilis,
860 4115 890 4168 et
920 4107 1131 4171 moltaobitis.
1175 4107 1342 4170 lmmeusus
1374 4110 1425 4188 qui
1453 4111 1555 4170 omnio
1586 4109 1691 4188 replet,

315 4209 396 4270 mto
409 4213 508 4268 tumen
530 4207 596 4269 loco
619 4206 886 4271 circumscribitur.
917 4206 1129 4287 Ouiopcrotur
1147 4228 1187 4270 eo
1200 4209 1330 4288 proprio
1351 4208 1524 4284 autoritate,
1545 4201 1693 4293 ἐνεργοῦν

317 4292 557 4385 auctoratos,
590 4323 668 4386 quae
690 4304 785 4368 verba
807 4304 935 4383 Graeca,
959 4306 1099 4389 Coptitae
1121 4315 1336 4370 servaverunt:
1362 4309 1492 4387 proprio
1521 4325 1579 4368 suo
1608 4306 1692 4368 dici-

316 4425 414 4486 noque
439 4411 588 4484 potestate
620 4392 660 4467 οὐ
689 4400 901 4482 διακονικῶς,
939 4425 1000 4468 uon
1030 4415 1171 4486 tuaquom
1200 4407 1352 4480 ememtes,
1389 4405 1451 4488 agit
1481 4423 1537 4486 per
1565 4405 1690 4485 gratiam

316 4522 411 4582 suam,
434 4503 590 4586 inlluitque
612 4507 642 4568 in
666 4506 780 4568 animas
803 4505 951 4582 fidelium,
981 4507 1079 4586 quod,
1101 4513 1134 4568 ut
1156 4512 1244 4568 recte
1267 4503 1413 4585 Didymus
1442 4513 1472 4566 et
1501 4504 1550 4566 alii
1580 4504 1692 4566 obser-

317 4622 442 4682 vavere,
466 4603 625 4667 character
648 4613 750 4667 certus
773 4604 936 4668 divinitatis
959 4613 1015 4669 est.
1073 4604 1227 4686 Operatur
1249 4611 1346 4665 autem
1364 4605 1541 4684 puritatem,
1563 4603 1622 4666 lro'c
1645 4611 1693 4665 est

317 4704 516 4781 sanctitatem,
539 4719 595 4768 seu
617 4689 792 4786 ἁγιασμόν,
816 4711 848 4766 ut
871 4703 988 4767 Graece
1010 4704 1138 4788 legitur,
1163 4702 1243 4784 quod
1265 4702 1344 4764 idem
1373 4701 1493 4764 omnino
1524 4709 1580 4767 est.
1632 4700 1693 4766 Sed

317 4808 350 4864 ut
373 4799 443 4864 alibi
466 4802 644 4880 monuimus,
668 4811 700 4864 ut
722 4803 825 4866 versio
848 4810 951 4866 nostra
980 4805 1163 4884 primaevam
1185 4802 1346 4865 lectionem
1369 4802 1538 4864 accuratius
1561 4818 1693 4882 reprae-

317 4907 428 4978 sentet,
451 4900 546 4963 verba
569 4903 706 4982 pressius
729 4900 924 4967 reddidimus.
962 4902 1096 4984 Simplex
1119 4903 1219 4965 estin
1243 4908 1349 4963 natura
1372 4918 1438 4979 sua,
1461 4900 1516 4963 sed
1538 4900 1694 4980 multiplea

317 4985 522 5084 πολυμερὴς,
554 5003 586 5062 iu
608 5001 835 5080 operationibus
864 5004 943 5078 sura,
970 5011 1001 5064 et
1023 5009 1056 5064 ut
1078 5000 1215 5065 Ecclesia
1243 5001 1324 5062 canit
1351 4998 1536 5080 septs'sorruis
1564 5017 1694 5061 munere.

355 5136 442 5179 'lomus
455 5136 470 5178 l.
