4680 6044
696 615 747 690 AD
764 611 969 691 LITURGlAhl
986 611 1177 690 coruom
1193 613 1222 689 S.
1238 612 1382 690 BASlLll.
1651 608 1722 684 185

361 799 476 861 sionem
499 799 618 878 penitus
641 799 844 877 sustulerunt,
867 805 899 861 ut
923 797 1017 862 insius
1040 797 1109 860 alibi
1132 798 1301 878 expositum
1327 804 1389 860 est:
1413 804 1444 860 et
1466 796 1517 859 illo
1539 794 1726 858 Alexandri-

360 915 427 959 nam
449 897 553 959 sedem
576 906 761 978 occupante,
785 896 913 960 Michail
935 898 1134 959 Damiatensis
1163 895 1339 977 opusculum
1368 895 1593 958 insulsissimum
1622 893 1725 972 edidit,

361 996 441 1078 quod
471 1003 569 1058 tamen
596 1015 636 1058 ex
665 1004 751 1077 parte
785 1003 939 1059 servotum
968 1003 1015 1056 est
1049 997 1080 1056 in
1108 994 1294 1058 collectione
1325 994 1479 1057 Canonum
1506 992 1724 1070 Alexandrina,

360 1095 557 1177 laudaturque
580 1096 617 1158 ab
639 1094 837 1172 Abulbircat‚
861 1103 891 1157 et
912 1095 1030 1156 Autore
1053 1093 1203 1156 Scientiae
1224 1093 1465 1156 Ecclesiasticae.
1510 1091 1629 1155 Summa
1650 1109 1725 1154 vero

361 1213 459 1259 novae
482 1195 562 1257 illius
584 1194 740 1257 doctrinae
762 1193 838 1256 haec
859 1193 932 1273 luit,
956 1192 1106 1256 Christum
1127 1194 1261 1256 vetuisse
1283 1211 1322 1254 ae
1344 1194 1504 1275 magistros
1530 1190 1617 1254 nobis
1648 1207 1727 1253 con-

362 1295 552 1358 stitueremus
575 1312 669 1374 super
692 1302 818 1370 terram,
842 1311 908 1355 oum
931 1309 1008 1354 uuus
1030 1293 1096 1371 ipse
1119 1293 1158 1354 sit
1179 1292 1323 1375 magister
1334 1297 1454 1354 noster:
1477 1307 1577 1372 nequa
1592 1290 1727 1353 Alorcum

362 1393 519 1457 Ecclesiae
540 1392 767 1456 Alexandrinae
790 1391 999 1468 fundatorem,
1027 1391 1124 1453 similo
1153 1391 1312 1473 quidquam
1340 1391 1513 1454 instituisse.
1557 1389 1726 1466 Mobollern,

362 1493 481 1574 vulgari
502 1493 581 1554 inter
603 1491 789 1555 Christianos
804 1485 974 1572 Aegyptios
997 1507 1068 1568 usu,
1092 1487 1286 1552 Sacerdotem
1310 1507 1327 1550 a
1349 1489 1533 1571 poenitentia
1563 1506 1619 1552 seu
1642 1485 1727 1550 Con-

363 1591 544 1654 fessionibus
566 1590 733 1674 significat,
756 1609 845 1671 quem
868 1589 976 1652 Graeci
1002 1579 1228 1666 Hrcopcrcndo
1256 1595 1392 1658 vocant..
1436 1587 1511 1661 Quia
1541 1605 1635 1669 porro
1664 1603 1728 1648 vox

363 1689 469 1752 eadem
490 1691 521 1751 in
543 1689 675 1752 Arabica
695 1689 855 1772 Evangelii
877 1689 1018 1751 versione
1048 1694 1233 1768 usurpatur,
1262 1687 1319 1749 alia
1349 1689 1468 1751 omnino
1498 1685 1726 1769 significatione,

254 1803 261 1814 ·
362 1808 402 1851 ex
423 1779 603 1870 ὁμωνυμίᾳ,
627 1786 802 1868 praeclarus
829 1787 879 1850 ille
895 1789 1003 1852 doctor
1025 1794 1233 1868 argumentum
1261 1783 1459 1849 firmissimum
1486 1787 1591 1850 haberi
1620 1785 1729 1848 existi-

362 1891 473 1965 mavit,
497 1887 534 1949 ad
558 1886 751 1950 evertendam
774 1886 1017 1967 poenitentialem
1039 1903 1156 1948 omnem
1179 1886 1374 1966 discplinam.
1402 1884 1536 1966 Cumque
1558 1884 1728 1960 ianitorum,

362 1997 395 2052 ut
417 1989 487 2052 olim
510 1987 621 2049 dictam
645 1992 707 2063 est,
736 1986 807 2048 satis
829 1985 956 2062 habeat,
979 1986 1029 2066 qui
1051 1994 1136 2048 recte
1158 1985 1244 2063 lacit,
1272 1985 1376 2066 plures
1399 1983 1495 2047 adhuc
1518 1985 1646 2060 habent,
1678 1981 1729 2062 qui

362 2087 574 2170 peccatoribus
597 2084 674 2147 male
696 2084 872 2165 palpantur:
896 2093 927 2148 et
950 2102 1023 2147 sane
1046 2085 1153 2148 multos
1176 2084 1345 2147 habuerunt
1368 2083 1474 2146 nefarii
1496 2082 1538 2146 illi
1558 2082 1727 2158 Antistitcs,

363 2188 563 2274 nequeenim
586 2183 746 2250 errorille
770 2183 857 2264 plano
881 2184 1016 2247 sublatus
1047 2191 1101 2246 est.
1154 2182 1214 2247 Sed
1244 2182 1282 2245 de
1311 2183 1360 2246 illa
1392 2183 1583 2244 innovatione
1612 2179 1729 2242 dicetur

363 2289 450 2362 alihi;
474 2295 504 2348 et
522 2286 583 2366 jam
607 2283 748 2346 nonnulla
773 2283 850 2346 dicta
874 2291 944 2346 sunt
966 2285 997 2346 in
1020 2282 1151 2372 Historia
1173 2281 1374 2348 Patriarchali.
1419 2281 1522 2362 ltaque
1545 2280 1729 2361 expassima

362 2385 411 2448 illa
433 2386 618 2448 institutione
642 2383 725 2445 multi
746 2383 919 2446 existimare
942 2389 1122 2466 coeperunt,
1145 2381 1285 2444 sufficere
1305 2383 1342 2444 ad
1356 2381 1504 2462 expianda
1524 2386 1661 2460 peccata,
1684 2386 1726 2454 ut,

262 2531 269 2543 .
363 2503 430 2547 cum
453 2482 604 2548 Sacerdos
626 2481 808 2544 thuribulum
830 2481 1056 2560 circumferret,
1079 2481 1350 2563 inclamareturquc
1374 2500 1390 2543 a
1413 2478 1527 2562 populo
1541 2479 1634 2562 Kyme
1653 2479 1729 2540 elei-

363 2603 428 2656 son,
447 2583 651 2665 adjicerentur
663 2581 739 2644 haec
760 2582 855 2644 verba
878 2588 947 2663 post
969 2580 1057 2662 illud,
1081 2580 1209 2642 Domine
1230 2582 1375 2642 macerem
1398 2579 1478 2659 quod
1493 2579 1625 2642 Arabico
1648 2595 1728 2658 quo-

362 2701 421 2764 que
443 2682 552 2744 dicitur
574 2680 733 2744 multoties.
778 2681 905 2761 scampe
925 2680 1055 2743 Domine
1080 2681 1138 2742 hoo
1165 2681 1336 2756 incernam,
1365 2680 1446 2760 qaod
1472 2678 1597 2760 offertor
1625 2679 1681 2740 tibi
1707 2697 1729 2739 a

361 2781 528 2844 Sacerdote
550 2787 600 2842 tuo
619 2800 679 2860 pro
699 2783 835 2860 peccatis
855 2783 978 2844 nostris.
1003 2779 1092 2841 ¹¹l'uno
1116 2779 1321 2860 unusquisque
1344 2780 1441 2841 animo
1464 2779 1627 2841 revolvens
1649 2795 1727 2857 pec-

364 2886 429 2942 cata
452 2897 522 2957 sua,
547 2897 584 2941 ea
606 2887 727 2942 secreto
750 2896 851 2941 coram
873 2880 938 2943 Deo
962 2878 1175 2957 confitebatur,
1199 2886 1289 2960 atque
1312 2879 1352 2940 ita
1375 2877 1426 2940 illa
1442 2878 1499 2941 sibi
1513 2878 1622 2942 remitti
1635 2876 1735 2966 stultex

362 2978 579 3043 existimabant.
625 2977 731 3060 Neque
753 2978 814 3040 illic
837 2979 969 3040 constitit
990 2978 1181 3058 superstitio:
1204 2976 1260 3039 sed
1281 2977 1400 3039 tandem
1422 2975 1543 3040 inerunt
1562 2978 1612 3057 qui
1627 2977 1726 3057 posito

363 3097 465 3142 coram
487 3095 521 3140 se
553 3077 702 3140 thum’balo
731 3077 825 3156 domi,
856 3076 971 3158 absque
998 3077 1170 3142 Sacerdotis
1196 3077 1379 3158 ministerio,
1407 3075 1475 3140 thus
1502 3077 1668 3160 injicientes
1697 3081 1728 3138 et

363 3179 443 3241 lamo
466 3185 592 3258 peccata
615 3195 670 3240 sua
700 3179 977 3255 immurmurantes,
1005 3177 1057 3238 illa
1084 3176 1140 3240 sibi
1166 3177 1256 3258 plene
1283 3178 1408 3238 remissa
1438 3176 1611 3239 crederent:
1645 3173 1726 3255 quod

362 3278 400 3340 ab
422 3276 620 3358 Aethiopibus
648 3277 759 3340 lactum
787 3284 915 3338 testatur
942 3274 1115 3354 Abuselah‚
1149 3284 1180 3338 et
1208 3295 1227 3340 a
1256 3276 1443 3340 Nestorianis
1469 3274 1726 3339 hlalabarensibus

361 3375 494 3439 llistoria
515 3375 617 3440 Alexii
638 3376 763 3439 hlenesli
786 3375 915 3438 Goensis
937 3373 1177 3456 Archiepiscopi.
1200 3375 1283 3437 lllam
1304 3375 1428 3438 brevem
1451 3374 1604 3439 formulam
1627 3391 1727 3457 agno-

362 3476 467 3540 scendi
489 3494 524 3540 se
545 3484 724 3557 peccatores
747 3492 849 3538 coram
870 3473 954 3553 Deo,
978 3472 1204 3552 Oonfeacioncm
1224 3482 1427 3549 vocavemnt3
1458 3473 1496 3535 de
1517 3489 1577 3554 qua
1599 3472 1727 3554 intelligi

362 3583 482 3656 oportet
506 3593 584 3656 quae
605 3583 771 3657 sequuntur
793 3575 851 3638 hoo
873 3573 941 3636 loco
969 3579 1029 3635 tam
1056 3575 1088 3635 in
1109 3571 1219 3637 Rituali
1241 3572 1406 3651 Gabrielb,
1439 3590 1528 3653 quam
1555 3572 1586 3634 in
1614 3570 1726 3634 Codice

361 3674 458 3756 llegio
479 3676 658 3754 recentiori,
680 3676 712 3736 in
735 3691 794 3754 quo
815 3675 892 3738 ritus
915 3679 1056 3735 accurate
1089 3672 1347 3754 praescribuntur.
1392 3672 1462 3735 Post
1487 3671 1726 3735 benedictionem

363 3772 400 3835 ad
421 3774 504 3836 Pauli
526 3774 727 3856 Epistolanrm
749 3775 923 3853 lectionem,
956 3773 1088 3836 occurrit
1117 3772 1192 3834 haec
1220 3771 1351 3834 rubrica.
1402 3772 1566 3852 Postquam
1598 3773 1731 3851 mucepit

361 3873 517 3936 Sacerdos
540 3859 765 3954 Confessioncm
783 3875 904 3954 populi,
926 3875 1062 3955 reditque
1079 3891 1146 3934 com
1167 3873 1308 3948 incenso,
1336 3872 1474 3933 ascendit
1493 3872 1537 3933 cd
1556 3870 1671 3946 altare,
1700 3877 1731 3932 et

364 3979 528 4034 cannonis
555 3973 598 4034 od
625 3971 794 4050 Orientem,
822 3975 905 4037 dicit.
955 3973 1038 4034 Dens
1064 3973 1116 4052 qai
1143 3972 1304 4051 mmccpisti
1332 3968 1556 4049 confessionem
1584 3967 1729 4032 Latronis

364 4091 454 4151 anper
476 4069 603 4133 Ommem
623 4073 807 4151 pomonam,
836 4075 956 4153 omaipe
977 4073 1019 4134 cd
1048 4079 1077 4133 te
1106 4069 1331 4150 Confessionem
1355 4071 1462 4150 populi
1488 4071 1548 4148 tiri,
1578 4077 1609 4131 et
1630 4087 1728 4148 paroc

363 4171 423 4232 iltis
444 4173 546 4233 omnia
563 4179 694 4251 peccata
716 4191 835 4249 eorum,
853 4179 982 4252 propter
1002 4190 1110 4234 nomen
1131 4177 1212 4232 marn
1233 4175 1370 4232 scncmm
1391 4170 1471 4250 qnod
1487 4171 1659 4232 invocatam
1683 4174 1728 4230 est

364 4289 454 4350 anper
476 4291 538 4335 eos.
583 4273 678 4335 Porro
700 4255 776 4336 haec
798 4271 969 4335 benedictio
991 4288 1050 4333 non
1073 4269 1185 4354 legitur
1206 4271 1237 4331 in
1253 4268 1468 4350 antiquioribus
1481 4268 1646 4346 codicibus,
1668 4285 1728 4328 ne-

364 4387 422 4450 que
443 4369 529 4432 istius
552 4368 757 4436 Confessionis
779 4373 892 4435 mentio
914 4370 1024 4434 inillis
1048 4378 1103 4433 est.
1147 4368 1221 4432 Cum
1248 4377 1347 4430 tamen
1373 4367 1452 4430 illius
1474 4367 1641 4432 meminerit
1667 4366 1728 4428 hli-

365 4468 451 4532 chail
472 4469 671 4534 Damiatensis
701 4475 751 4554 qui
781 4474 838 4536 sub
861 4473 966 4537 llarco
994 4471 1056 4534 lilio
1079 4471 1192 4533 Zaraae
1222 4467 1374 4532 scribebat
1396 4483 1473 4529 anno
1496 4467 1620 4528 circiter
1641 4465 1667 4528 J.
1692 4463 1726 4528 C.

365 4567 458 4632 1171.
482 4571 631 4651 antiquam
654 4573 897 4654 superstitionem
920 4590 990 4634 esse
1012 4577 1152 4653 oportet:
1180 4570 1235 4632 sed
1263 4566 1356 4630 nihilo
1378 4568 1474 4630 minus
1503 4583 1520 4627 a
1553 4565 1650 4627 veteri
1679 4563 1728 4625 di-

365 4669 489 4750 sciplina
512 4670 574 4732 abit
596 4671 780 4754 longissime.
825 4669 959 4734 Rituales
983 4688 1103 4751 quoque
1125 4669 1252 4733 vetustis
1279 4667 1393 4748 aliquot
1422 4663 1643 4744 exemplaribus
1671 4661 1728 4723 ad-

360 4767 457 4850 Juncti
478 4768 558 4832 illius
581 4787 642 4832 non
664 4772 871 4834 meminerunt.

318 4949 320 4954 ι
449 4867 620 4950 Antequam
647 4871 705 4933 ista
738 4871 776 4935 de
804 4871 891 4934 thure
920 4877 991 4932 nota
1020 4868 1156 4944 liniatur,
1185 4865 1410 4931 observabimus
1439 4862 1518 4946 apud
1541 4857 1729 4944 Coptitcs'et
1801 4875 1883 4938 orate
1918 4877 2047 4929 incensum

366 4965 440 5029 alios
461 4966 557 5032 ferme
581 4989 685 5034 omnes
708 4969 877 5034 orientales
901 4968 1105 5046 Christianos,
1132 4965 1227 5028 thuris
1254 4965 1324 5029 loco
1352 4965 1463 5029 diuersi
1490 4962 1614 5046 generis
1641 4961 1728 5026 sulli-
1741 4970 1864 5031 usurpem
1877 4959 2028 5046 orientalem

367 5075 466 5130 menta
490 5067 643 5151 adhiberi,
667 5071 773 5153 quibus
796 5071 865 5133 illae
893 5075 1001 5152 gentes
1029 5083 1213 5150 magnopere
1242 5063 1440 5129 delectantur:
1470 5064 1648 5146 praesertim
1677 5059 1727 5122 uhi

1451 5179 1525 5254 39*
