4686 6060
712 553 1247 640 ALEXANDRINO.
1569 545 1645 622 417

280 761 488 844 existimant,
528 753 725 826 aedificasse
763 749 969 837 Ecclesiam,
1005 751 1102 842 juxta
1142 745 1392 818 architecturam
1424 741 1649 834 Yrakenscm‚

281 896 369 972 quae
395 894 417 943 a
441 867 538 942 nobis
564 870 719 942 Moriroo
745 865 945 963 appellatur:
971 862 1076 936 luisse
1102 883 1236 958 quoque
1262 859 1345 933 alias
1371 858 1494 934 ibidem
1520 857 1649 932 Eccle-

280 993 364 1078 siae,
398 997 435 1060 ut
465 989 564 1058 etiam
590 989 623 1058 in
648 984 732 1058 urhe
757 982 895 1054 Abram.
948 978 1018 1052 Sub
1052 977 1276 1053 Salaheddino
1310 977 1462 1072 Aegypti
1496 974 1649 1066 Saltem,

279 1106 415 1182 lratrem
443 1104 516 1195 ejus
544 1100 860 1188 Chamaeleontem,
897 1095 1068 1170 Ecclesiae
1102 1095 1261 1185 diruisse,
1294 1105 1329 1166 et
1358 1115 1405 1166 ex
1430 1092 1539 1166 Nuhia
1573 1114 1649 1164 cum

279 1221 450 1319 Episcopo
478 1219 686 1314 septuaginta
712 1215 812 1288 millia
838 1216 1046 1309 captivorum
1073 1210 1270 1302 abduxisse,
1296 1220 1459 1284 testantur
1492 1207 1649 1283 historici.

279 1337 334 1412 Ab
361 1336 447 1410 illius
474 1333 696 1431 expeditionis
722 1342 895 1428 tempore,
934 1331 1028 1419 cujus
1055 1327 1235 1401 Makriaius
1269 1337 1303 1399 et
1338 1327 1394 1399 alii
1420 1328 1649 1440 meminerunt,

280 1456 342 1525 aix
384 1450 560 1547 quidquam
598 1449 640 1521 de
670 1446 776 1521 Nubis
811 1445 1022 1532 Christianis,
1058 1445 1145 1540 apud
1180 1454 1314 1517 autores
1350 1441 1559 1516 Christianos
1595 1451 1651 1513 aut

284 1567 547 1640 Muhamedanos
586 1566 728 1658 legitur,
766 1566 830 1636 nisi
864 1561 953 1658 quod
988 1562 1045 1633 iha
1078 1564 1175 1653 regio
1208 1559 1339 1634 subdita
1381 1562 1424 1633 sit
1463 1556 1651 1630 Catbedrae

281 1682 505 1758 Jacobitarum
531 1680 798 1755 Alexandrinae:
825 1689 859 1751 ct
883 1679 917 1750 id
945 1687 1076 1774 praeter
1103 1679 1269 1750 Severum
1296 1686 1330 1749 et
1361 1675 1447 1749 alios
1480 1674 1650 1748 Historiae

282 1798 518 1874 Patriarcbalis
546 1802 746 1894 scriptores,
772 1793 991 1882 Ebnasselus,
1011 1792 1224 1886 Abulbircat‚
1249 1792 1440 1882 Abuselab,
1467 1811 1651 1885 omnesque

282 1917 416 1990 tandem
443 1915 652 1988 confirmant:
680 1922 715 1985 ut
741 1909 896 2008 exempla
923 1911 1092 1984 literarum
1117 1914 1348 2006 systaticarum
1375 1931 1480 2005 saepo
1506 1933 1526 1982 a
1552 1907 1650 1981 nobis

283 2031 432 2122 laudato,
460 2033 493 2103 in
520 2028 639 2126 quibus
666 2033 751 2101 inter
776 2026 964 2102 Dioecescs
980 2025 1210 2101 Alexandrino
1227 2024 1443 2098 Patriarchae
1469 2024 1651 2118 subjectas,

283 2147 392 2222 Nubia
419 2169 498 2235 seu,
525 2157 560 2218 ut
585 2143 756 2234 scribitur,
782 2142 953 2233 Nabodia‚
979 2152 1183 2215 recensetur.
1236 2141 1331 2215 Mitto
1357 2139 1526 2215 historiam
1555 2163 1651 2236 mam

283 2262 387 2336 refert
411 2263 602 2336 Elmacinus
630 2260 672 2333 de
699 2259 913 2356 expeditione
938 2257 1045 2351 Regis
1070 2257 1202 2332 Nubiae
1226 2259 1366 2356 Kyriaci
1391 2271 1508 2334 contra
1523 2258 1652 2356 Aegy-
1758 2293 1766 2308 ·
1821 2293 1830 2312 ·

284 2391 393 2477 ptum,
420 2402 493 2452 curu
521 2377 686 2474 equitibus
713 2386 844 2448 centnm
875 2374 1036 2464 millibus‚
1070 2373 1132 2450 sub
1168 2373 1282 2447 Chaile
1321 2375 1439 2448 XLVl.
1473 2397 1577 2464 anno,
1617 2386 1655 2449 ut

285 2495 357 2568 vult
381 2495 592 2581 Elmaoiuus,
617 2493 647 2564 J.
675 2492 713 2566 C.
740 2489 937 2565 DCCXLV.
964 2491 1022 2564 vel
1046 2490 1311 2564 DCGXXXVII.
1337 2501 1374 2564 ut
1392 2490 1470 2566 alibi
1495 2496 1530 2564 iu
1556 2495 1654 2585 ejus-
1736 2535 1741 2546 ·

287 2611 362 2684 dem
388 2609 601 2684 Patriarchae
626 2611 696 2682 vita
723 2609 844 2681 dictum
870 2619 930 2682 est
982 2606 1066 2680 llam
1094 2617 1204 2681 aumm
1230 2630 1277 2682 ex
1290 2609 1526 2704 antiquioribus
1543 2607 1654 2682 histo-

287 2731 366 2800 ricis
392 2731 617 2800 narrationem
644 2727 787 2822 accepit:
813 2747 890 2797 nam
917 2746 1033 2798 omnes
1060 2747 1135 2798 eam
1160 2723 1318 2798 resonant
1369 2726 1481 2820 Atque
1511 2729 1657 2800 existis

288 2847 368 2916 satis
402 2842 613 2936 intelligitur‚
654 2863 815 2915 summam
845 2840 950 2915 luisse
981 2845 1015 2914 in
1047 2840 1163 2916 Nuhas
1197 2839 1405 2914 Christianos
1436 2841 1658 2916 Alexandrini

286 2959 501 3033 Patriarchae
527 2962 755 3046 autoritatem,
791 2959 886 3050 cujus
913 2970 1023 3031 tamen
1049 2957 1201 3031 distincte
1227 2979 1295 3031 non
1321 2960 1467 3030 meminit
1494 2953 1656 3031 collectio

288 3087 386 3150 retus
414 3074 586 3148 Canonum
612 3074 847 3164 Arabicorum
875 3078 929 3169 qui
955 3073 1097 3148 Nicacni
1123 3073 1164 3147 ab
1188 3073 1410 3146 Orientahbus
1437 3073 1657 3170 appehantur‚

290 3216 332 3265 ca
357 3191 512 3267 fortassis
539 3194 669 3264 ratione
696 3190 785 3286 quod
811 3190 872 3263 sub
899 3190 1098 3287 Aethiopum
1123 3195 1277 3281 nomine,
1303 3189 1423 3263 Nubae
1454 3191 1659 3285 intelligendi

290 3311 373 3398 sint3
400 3317 456 3380 aut
483 3308 572 3404 quod
597 3306 686 3380 nulla
714 3306 872 3399 singulari
899 3309 1066 3379 mentione
1092 3327 1177 3403 opus
1204 3316 1313 3394 esset,
1347 3309 1438 3380 circa
1469 3307 1658 3382 Ecclesiam

292 3445 377 3518 quae
405 3445 471 3497 non
486 3423 735 3520 Metropolitum
761 3445 835 3496 cum
855 3423 1014 3516 singulari
1034 3425 1270 3519 praerogativa
1286 3421 1436 3514 haberet,
1461 3423 1658 3505 utAethio-

291 3543 384 3636 pica,
412 3539 473 3613 sed
499 3540 668 3637 simplices
694 3539 906 3636 episcopos,
933 3543 1007 3612 sive
1032 3563 1150 3630 ιιιιιιιιι,
1178 3543 1252 3612 sive
1282 3539 1412 3636 plures,
1440 3545 1495 3636 qui
1523 3539 1564 3614 ab
1592 3540 1658 3613 alio

293 3679 390 3752 quam
417 3655 459 3730 ab
484 3653 717 3731 Alexandrino
743 3653 935 3728 Patriarcba
963 3656 1109 3729 ordinari
1125 3678 1192 3729 nou
1207 3666 1353 3752 possent.
1407 3655 1660 3731 Observandum

291 3770 423 3845 tandem
450 3795 524 3847 eum
551 3777 585 3844 in
612 3771 775 3865 ejusmodi
802 3770 1070 3846 ordinationibus
1096 3776 1142 3846 ita
1168 3776 1300 3846 versari
1327 3771 1459 3846 solitum
1482 3774 1598 3866 luisse,
1624 3784 1661 3847 ut

292 3891 378 3961 sicut
404 3887 447 3960 de
471 3887 671 3984 Aethiopiae
698 3886 920 3984 Metropolitis
947 3888 1074 3961 dicetur
1106 3889 1267 3979 interim,
1299 3892 1361 3962 vix
1392 3912 1535 3985 unquam
1558 3891 1659 3964 ¹indi-

292 4025 402 4097 genae
429 4027 501 4078 eam
529 4004 721 4098 dignitatem
747 4003 949 4094 obtinerent3
975 4005 1036 4078 sed
1063 4004 1272 4098 ehgebantur
1296 4029 1349 4078 ex
1381 4007 1562 4103 Aegyptiis
1588 4009 1660 4082 Sa-

294 4119 497 4212 cerdotibus,
524 4123 579 4216 qui
606 4119 648 4192 ad
673 4141 747 4194 eom
765 4119 876 4195 idonei
903 4125 1048 4194 maxime
1071 4121 1317 4213 jndicaramur,
1343 4131 1441 4218 atque
1466 4126 1501 4194 in
1517 4122 1661 4198 Nubiam

293 4235 513 4309 mittebantur.

399 4351 500 4426 cvn.
533 4352 601 4424 Par
640 4364 714 4426 erat
746 4357 832 4429 ratio
866 4353 1106 4447 jurisdictionis
1148 4376 1247 4451 qnam
1281 4354 1444 4447 hahebat,
1481 4369 1660 4454 servatque
1696 4359 1728 4414 Ut
1745 4358 1821 4412 aaran
1838 4355 1985 4428 Andrapa.

294 4473 470 4542 etiamnum
498 4467 746 4544 Alexandrinus
778 4469 970 4544 Patriarcba
1004 4471 1038 4542 in
1067 4468 1298 4568 Aethiopicam
1329 4471 1527 4546 Ecclesiam.
1577 4473 1661 4567 Ejus

296 4589 418 4682 quippe
458 4606 631 4680 supremus
666 4586 835 4676 Amisiae,
875 4607 973 4680 quem
1005 4587 1091 4660 male
1129 4587 1357 4660 Patriarcbam
1392 4587 1576 4685 appellant,
1609 4597 1663 4662 est

296 4698 527 4797 Metropolita:
555 4701 648 4793 cujus
676 4701 815 4791 electio,
841 4710 876 4773 et
890 4700 1061 4775 Ordinatio
1088 4703 1130 4775 ad
1157 4703 1264 4777 solum
1285 4703 1549 4778 Alexandrinum
1575 4727 1662 4802 spe-

298 4825 374 4888 ctat.
425 4814 502 4888 lam
515 4836 618 4911 porro
645 4815 686 4890 ah
714 4819 813 4889 initiis
836 4838 949 4890 rerum
966 4816 1279 4894 Mubamedanarum
1298 4821 1510 4911 observatur,
1536 4845 1664 4897 morem

298 4931 388 5004 illum
413 4931 561 5002 mittendi
585 4931 816 5029 Metropolitas
843 4935 876 5003 in
902 4933 1131 5031 Aethiopiam,
1157 4935 1390 5012 aPatriarchis
1404 4937 1566 5013 Jacobitis
1586 4961 1664 5013 esse

299 5056 508 5143 usurpatum,
536 5041 577 5116 de
604 5068 668 5141 quo
694 5043 796 5120 multa
823 5061 1001 5124 occurrunt
1026 5052 1060 5123 in
1085 5049 1232 5127 Historia
1257 5052 1497 5132 Alexandrina.
1548 5056 1664 5133 Auto-
