4686 6060
743 646 783 722 u
813 645 1019 724 alumenu
1046 645 1224 725 armatu
1250 648 1281 726 s.
1307 647 1434 726 macr.
1696 651 1770 724 sse
1806 610 1812 617 ’

748 919 861 1014 Super
886 921 973 992 bunc
995 943 1129 1014 panem,
1157 929 1191 992 et
1215 922 1278 995 bos
1303 923 1439 994 calices.
1821 941 1851 995 r.
1872 942 1931 997 rso.
1948 941 1964 994 t
1981 943 2026 994 as.

523 1111 559 1190 ln
582 1122 715 1204 Copticis
743 1122 903 1188 Codicibus
931 1123 1037 1206 Cyrilli
1066 1125 1220 1208 Liturgiae
1246 1133 1277 1188 et
1302 1126 1334 1186 in
1363 1126 1428 1189 aliis
1457 1127 1592 1209 ejusdem
1619 1129 1695 1193 ritus
1724 1136 1775 1192 aut

412 1226 545 1308 linguae,
567 1228 678 1290 mentio
701 1225 782 1288 nulla
804 1225 835 1288 fit
856 1226 986 1306 plurium
1006 1245 1116 1309 panum
1139 1236 1169 1292 et
1191 1229 1328 1306 calicum,
1358 1247 1425 1291 cum
1447 1248 1488 1292 ex
1509 1231 1648 1312 analogia
1677 1233 1774 1297 disci-

411 1327 512 1409 plinae
535 1325 572 1388 ad
602 1327 818 1390 institutionem
846 1325 1031 1390 sacramenti
1060 1346 1077 1389 a
1108 1327 1228 1390 Christo
1255 1327 1379 1404 tactam,
1407 1328 1513 1392 fideles
1542 1349 1633 1394 unum
1662 1351 1773 1414 carpus

412 1427 481 1504 sint,
506 1425 575 1506 quia
597 1424 717 1488 deuuo
740 1443 835 1506 pane,
859 1425 950 1487 etde
978 1445 1039 1490 uno
1069 1425 1164 1489 calice
1184 1428 1375 1509 participant.
1421 1427 1632 1492 Ollerebantur
1654 1432 1772 1512 qudem
1808 1466 1813 1474 ·

413 1543 430 1586 a
452 1523 589 1588 fidelibus
619 1541 714 1605 panes
744 1523 847 1605 plures
875 1524 913 1587 ad
941 1524 1052 1604 altare,
1075 1525 1131 1590 sed
1157 1545 1197 1588 ex
1226 1542 1287 1588 uuo
1308 1527 1495 1590 Eucharistia
1518 1527 1772 1592 consecrabatur:

413 1631 502 1704 atque
524 1624 611 1686 etiam
635 1622 713 1705 apud
737 1621 880 1697 Graecos,
902 1641 941 1685 cx
964 1641 1001 1686 eo
1023 1625 1120 1687 media
1142 1641 1213 1705 pars
1237 1625 1392 1705 eximitur,
1421 1627 1556 1709 reliquae
1578 1645 1639 1690 non
1661 1646 1774 1691 conse-

413 1729 545 1800 crantur,
568 1722 622 1785 sed
646 1709 840 1807 ἆντιδώρου,
864 1740 930 1801 seu,
952 1723 1156 1805 alloquimur,
1175 1725 1266 1804 panis
1288 1725 1436 1788 benedicti
1456 1724 1524 1789 loca
1548 1727 1773 1792 distribuuntur.

412 1823 445 1885 ln
467 1822 652 1884 orationibus
673 1821 847 1904 Liturgicis,
871 1838 948 1902 quae
970 1819 1007 1884 ad
1031 1821 1214 1886 Sacrificium
1236 1824 1364 1886 maxime
1386 1824 1553 1905 pertinent,
1576 1834 1608 1888 ut
1630 1828 1660 1888 in
1681 1826 1776 1888 lnvo-

413 1922 532 1985 catione
555 1922 682 2002 Spiritus
705 1923 811 1997 sancti,
832 1921 921 1983 unius
944 1923 1029 2002 panis
1052 1928 1083 1982 et
1111 1924 1198 1985 unitus
1220 1922 1322 1986 calicis
1344 1923 1455 1986 mentia
1478 1932 1533 1988 est.
1581 1923 1775 2005 Unm'ponis

413 2020 472 2084 hoc
493 2020 563 2084 loco
586 2020 708 2083 dicitur:
732 2021 845 2082 calices
866 2019 896 2082 in
910 2020 1017 2102 plurali
1040 2038 1176 2100 numero,
1199 2021 1268 2101 quia
1290 2021 1416 2102 scilicet,
1440 2030 1472 2086 ιιι
1494 2040 1588 2103 saepe
1610 2022 1720 2088 iactum
1742 2025 1774 2087 in

412 2119 558 2184 Ecclesiis
581 2119 835 2200 Occidentalibus,
858 2130 945 2184 erant
967 2129 1089 2203 praeter
1109 2116 1233 2184 calicem
1248 2121 1421 2202 primarium
1443 2122 1503 2202 alii,
1520 2125 1577 2204 'qui
1598 2123 1774 2186 dicebantur

412 2220 633 2283 ministeriales.
676 2218 722 2282 De
744 2219 803 2282 illis
825 2221 865 2282 ita
888 2221 1009 2302 scripsit
1032 2219 1197 2283 Cardinalis
1219 2219 1312 2286 Bona.
1360 2219 1486 2283 Constat
1510 2232 1624 2304 mmmm
1652 2242 1692 2284 en
1713 2243 1775 2286 aa·
1805 2255 1847 2308 Rp
1857 2253 2096 2322 mmm&

413 2321 502 2400 liquis
522 2319 694 2381 Ritualibus
710 2319 814 2398 plures
835 2323 867 2382 in
888 2339 948 2382 uno
969 2322 1121 2400 sacrificio
1144 2320 1296 2382 adbibitus
1317 2320 1387 2382 olim
1409 2322 1530 2398 cubaea,
1552 2341 1677 2402 psoram
1698 2341 1775 2384 unta

412 2419 475 2497 ipsi
495 2418 702 2497 sacrificanti,
725 2427 754 2480 et
774 2421 922 2481 ministris
943 2427 973 2480 et
994 2420 1066 2481 aliis
1086 2417 1318 2497 Sacerdotibus,
1347 2421 1376 2481 si
1396 2404 1557 2500 quierant
1578 2423 1685 2500 prisco
1712 2424 1775 2484 ritu

413 2517 671 2593 concelebrantes,
699 2516 900 2580 inserviebat:
929 2519 984 2580 alii
1006 2519 1112 2598 plures
1138 2519 1187 2580 cel
1209 2520 1390 2597 pauciores,
1410 2538 1467 2598 pro
1495 2538 1617 2582 numero
1636 2519 1774 2598 fidelium

412 2618 693 2679 cammunicantium
716 2617 960 2698 opponebantur,
982 2619 1035 2699 qui
1052 2619 1235 2698 prandiores
1257 2626 1287 2679 et
1307 2619 1486 2697 capaciores
1508 2627 1613 2694 eram,
1635 2627 1665 2680 et
1685 2620 1774 2682 dicc-

411 2715 522 2778 bantur
543 2717 764 2792 ministeriales,
787 2735 912 2797 qumum
935 2735 1026 2796 saepe
1045 2717 1080 2795 fit
1107 2718 1217 2778 martio
1245 2717 1277 2778 in
1306 2718 1377 2779 citis
1397 2715 1583 2796 Pontificem.
1627 2716 1778 2797 Respexit

412 2815 456 2876 ad
475 2815 554 2876 banc
576 2815 704 2877 calicum
721 2816 926 2895 pluralitatem
947 2815 1090 2896 Liturpia
1109 2814 1237 2894 Jacobi,
1267 2817 1300 2876 iu
1325 2835 1386 2895 pua
1405 2815 1554 2878 maeonis
1576 2817 1776 2896 praecipitur,

411 2921 445 2975 ut
465 2913 604 2975 amabam
625 2915 737 2990 disum,
764 2916 798 2978 id
820 2921 866 2977 est
887 2922 1019 2995 patenas
1041 2923 1070 2976 et
1098 2917 1209 2977 calices
1237 2915 1280 2976 ari
1307 2916 1538 2994 impartiendum
1554 2915 1676 2995 populo.
1720 2914 1776 2976 ti-

412 3014 510 3095 turgia
536 3011 641 3076 Jacobi
669 3013 930 3091 sanctificationis,
959 3032 1015 3078 seu
1043 3014 1277 3078 consecrationis
1308 3014 1436 3095 plurium
1466 3013 1590 3076 calicum
1617 3031 1679 3077 non
1709 3032 1777 3080 mc:

412 3113 503 3188 minit,
526 3112 580 3174 sed
603 3111 833 3177 continuationis
857 3121 987 3190 tantum,
1016 3131 1073 3194 per
1098 3112 1258 3176 immissam
1286 3114 1423 3194 corporis
1453 3113 1563 3177 Christi
1591 3111 1777 3194 particulam.

413 3211 525 3275 'lamen
548 3228 625 3288 cum,
648 3219 680 3274 ut
704 3211 772 3276 alibi
794 3231 888 3294 saepe
910 3213 1088 3288 monuimus,
1110 3229 1172 3275 nan
1195 3213 1292 3275 omnia
1314 3230 1392 3293 quae
1414 3212 1452 3275 acl
1474 3213 1678 3276 caeremonias
1701 3229 1778 3292 spe-

414 3317 493 3373 ctant
516 3311 547 3373 in
569 3307 730 3374 (lodicibus
754 3318 894 3375 annotata
917 3313 986 3387 sint,
1010 3312 1175 3374 existimari
1197 3312 1399 3374 verisimiliter
1426 3310 1683 3402 potestufactum
1706 3328 1777 3372 csse

412 3411 473 3473 ritu
494 3408 779 3492 Hierosolymitana,
802 3411 840 3475 ad
862 3428 951 3492 quem
978 3409 1086 3474 iacobi
1113 3411 1249 3493 Liturgia
1275 3409 1436 3474 referenda
1459 3419 1522 3490 est,
1545 3411 1575 3473 id
1598 3411 1677 3493 quod
1707 3409 1777 3471 alibi

413 3509 443 3570 in
465 3527 523 3571 usu
545 3516 621 3587 erat,
652 3527 718 3572 cum
745 3509 849 3590 plures
879 3509 990 3572 calices
1021 3511 1051 3572 in
1080 3510 1166 3573 altari
1193 3509 1436 3585 collocabantur;
1465 3527 1573 3591 nempe
1603 3528 1643 3572 ex
1670 3509 1775 3591 majori

412 3607 545 3671 refusam
568 3627 637 3672 esse
660 3608 722 3671 vini
744 3611 914 3673 consecrati
936 3617 1066 3690 partem,
1093 3611 1124 3671 in
1145 3608 1218 3671 illuri
1241 3609 1322 3691 quod
1344 3615 1552 3672 consecratum
1574 3626 1635 3670 non
1658 3605 1774 3669 luisset.
1879 3665 1882 3675 ,

412 3707 458 3770 Dc
480 3707 530 3770 illa
553 3708 700 3791 singulari
722 3707 888 3791 disciplina,
911 3727 999 3790 quam
1019 3707 1125 3772 Jacobi
1147 3709 1281 3792 Liturgia
1303 3706 1408 3784 refert,
1431 3726 1555 3792 agemus
1577 3709 1608 3770 in
1630 3707 1716 3770 Notis
1737 3705 1774 3768 ad

413 3825 479 3870 cam
501 3806 637 3888 ejusdem
659 3809 785 3870 nammis
809 3827 886 3889 quae
917 3808 995 3890 apud
1026 3808 1119 3889 Syros
1150 3813 1322 3888 usurpatur.
1367 3806 1510 3879 Quamvis
1533 3814 1642 3885 autem,
1665 3814 1698 3868 ut
1720 3824 1776 3868 su-

413 3908 515 3988 perius
550 3906 741 3969 observatum
771 3916 829 3984 est,
852 3907 957 3970 eadem
987 3906 1179 3970 confirmandi
1208 3907 1318 3970 calices
1346 3907 1424 3970 ratio
1453 3905 1597 3970 Jacobitis
1624 3905 1775 3968 familiaris

413 4005 462 4080 sit,
485 4013 518 4067 ut
540 4025 580 4068 ex
601 4006 694 4070 variis
715 4007 880 4070 Autaribus
902 4007 1059 4089 prabatrun
1081 4015 1145 4086 est,
1167 4009 1255 4070 unius
1278 4016 1377 4069 tamen
1408 4006 1508 4070 calicis
1538 4007 1648 4069 mentio
1678 4013 1724 4069 est
1745 4007 1777 4067 in

415 4106 610 4183 arationibus,
633 4109 716 4170 etin
736 4107 881 4170 rubricis:
905 4108 985 4189 quia,
1008 4107 1214 4170 utverisimile
1238 4115 1294 4186 est,
1319 4105 1440 4169 ducaei
1462 4107 1576 4188 plures,
1600 4107 1684 4187 quasi
1698 4123 1775 4167 unus

415 4211 447 4265 et
468 4204 546 4266 idem
567 4205 661 4269 habiti
682 4215 764 4270 sunt:
788 4226 888 4288 neque
914 4210 946 4269 in
968 4206 1170 4270 Orientalibus
1200 4205 1364 4288 'lheologis
1394 4213 1444 4268 aut
1471 4205 1590 4268 ilituum
1617 4205 1777 4286 Interpre-

414 4303 494 4366 tibus
518 4306 650 4367 occurrit
673 4306 843 4388 quidquam,
865 4307 945 4370 unde
967 4325 1027 4369 uno
1052 4305 1145 4369 calice
1173 4315 1320 4387 excepto,
1343 4305 1478 4386 reliquos
1501 4305 1589 4368 aliter
1611 4323 1697 4386 quarn
1720 4323 1777 4386 per

412 4401 595 4468 refusionem
618 4414 649 4468 et
671 4425 777 4470 sacrae
799 4406 964 4488 particulae
987 4406 1198 4470 immissionem
1221 4413 1416 4471 consecratos
1439 4423 1508 4469 esse
1532 4411 1685 4487 appareat.

1822 3781 1878 3834 Not.
1902 3779 1937 3831 nri
1952 3779 1998 3831 ta.
2016 3779 2096 3833 Bait.

1785 3885 1811 3937 p.
1829 3866 1891 3918 292.
1910 3875 1933 3918 et
1949 3883 1999 3934 seq.

955 4681 1096 4753 Sursum
1122 4683 1239 4753 corda.
1825 4675 1852 4726 Ρ.
1873 4674 1931 4726 131.
1950 4675 1967 4726 t.
1986 4677 2011 4726 s.

503 4869 567 4948 Hac
597 4886 700 4966 incipit
728 4885 891 4966 Anaphara
918 4886 1042 4966 proprie
1072 4885 1167 4964 dicta,
1202 4903 1257 4948 seu
1285 4884 1376 4948 Actio
1405 4901 1498 4946 sacra
1526 4889 1557 4945 et
1577 4873 1778 4967 προςκομίδη
1808 4919 1814 4932 -

414 4981 548 5064 Oblatio,
573 4986 649 5048 sicut
673 4984 839 5067 appellatur
861 4985 891 5046 in
913 4983 1060 5047 Basiliana
1082 4985 1176 5065 prima
1199 4982 1333 5064 Graeca,
1360 4991 1392 5046 ut
1419 4985 1449 5046 in
1478 4981 1611 5064 Copticis
1640 4982 1776 5045 amnibus

413 5084 650 5166 exemplaribus,
683 5085 735 5148 ubi
761 5102 843 5148 novo
872 5083 957 5148 titulo
988 5084 1138 5150 scribitur.
1182 5069 1345 5168 ’Λναφορᾶ
1373 5078 1433 5146 τοῦ
1462 5072 1555 5165 ἁγίου
1583 5073 1777 5144 Buoclac'ao:

453 5219 564 5263 runaut
1521 5199 1570 5272 59
