4680 6044
696 646 774 720 208
1165 641 1601 721 COMMENTARIUS

690 820 736 892 Ἠ
752 824 788 892 ἐκ
809 826 874 891 τῶν
901 825 1046 916 senapin
1069 822 1229 924 Ιθεολογίιι
1258 845 1275 888 a
1305 825 1420 908 Cyrillo
1449 824 1722 906 Hierosolymitsno
1751 835 1781 889 et
1809 816 1976 910 τριςᾶγιος
2002 823 2067 888 τῶν

407 955 464 1023 cyr.
484 951 554 1006 cart.
565 952 639 1020 nvp,
655 955 680 1004 5.
695 925 841 1015 oepaqiyc
863 917 963 1006 ὕμνος
973 927 1022 990 ab
1045 926 1160 991 Aretira
1182 928 1212 989 in
1235 946 1302 1007 cap.
1327 927 1354 988 1.
1378 925 1619 1007 Apocalypscos.
1665 926 1711 988 Oe
1734 943 1771 989 eo
1796 923 1916 987 videndi
1940 925 2068 988 Genna-

369 1039 476 1092 Enctot.
490 1059 517 1109 p.
538 1041 599 1092 135.
694 1046 751 1090 nus
782 1027 976 1106 Patriarcha,
1006 1025 1177 1104 Cabasilas,
1210 1026 1341 1106 Symeon
1372 1024 1667 1102 Thessalonicensis,
1698 1025 1826 1088 Goarius
1856 1026 1886 1085 in
1916 1025 2003 1086 Notis
2032 1025 2068 1088 ad

388 1125 915 1206 Meretr-10·0¹³er·ttucnotogium
937 1133 967 1188 et
989 1125 1149 1188 Monardus
1173 1123 1211 1186 ad
1234 1122 1505 1187 sacramentarium
1533 1122 1684 1205 Gregorii.
1738 1123 1798 1187 Sed
1829 1123 1906 1185 haec
1935 1123 2067 1188 Graecos

695 1233 851 1306 spectant,
882 1224 952 1306 Syri
980 1233 1039 1286 tam
1062 1223 1233 1297 leonillae,
1264 1241 1352 1304 quarn
1381 1221 1556 1285 Nestorieni
1592 1230 1623 1284 et
1645 1222 1823 1301 Malchitac,
1854 1220 2011 1303 Coptitae,
2039 1231 2069 1285 ct

696 1323 867 1387 Orientalas
891 1322 1011 1385 tandem
1033 1339 1154 1400 omnes,
1178 1323 1254 1384 daos
1278 1329 1390 1384 tantum
1412 1321 1540 1403 hymnos
1562 1339 1617 1383 seu
1646 1324 1919 1401 sanctificationes,
1950 1329 1983 1384 nt
2010 1339 2068 1384 vo-

695 1430 782 1502 cant,
814 1429 1001 1504 agnoscunt,
1043 1423 1132 1484 istum
1163 1423 1213 1500 qui
1243 1420 1417 1502 simpliciter
1448 1420 1580 1482 Sanctae
1607 1419 1714 1482 dicitur
1747 1439 1765 1483 a
1791 1422 1886 1501 prima
1916 1437 2014 1501 voca,
2038 1429 2068 1483 et

695 1522 862 1601 iin'scqinm
883 1523 1008 1602 proprie
1032 1520 1152 1583 dictam.
1197 1519 1398 1583 Cherobicum
1421 1537 1483 1583 non
1504 1519 1632 1582 habent:
1655 1521 1761 1582 Gloria
1782 1521 1814 1582 in
1836 1521 1983 1595 excelsis,
2009 1537 2067 1581 non

694 1620 763 1682 alibi
786 1639 874 1701 quarn
897 1623 926 1682 in
956 1622 1100 1702 precibus
1129 1626 1216 1682 extra
1245 1619 1426 1702 Litargiam,
1456 1620 1587 1681 recitare
1616 1619 1725 1682 solent.
1779 1617 1877 1680 Alium
1907 1636 1984 1680 vero
2018 1620 2067 1699 qui

693 1721 818 1802 proprio
850 1709 1022 1804 Τριςοὶγιος
1044 1719 1232 1799 appellatur,
1263 1718 1366 1781 dicunt
1395 1720 1465 1799 Syri
1493 1724 1562 1780 ante
1591 1717 1829 1799 praelationem
1860 1717 1980 1797 quidam
2008 1736 2067 1781 non

692 1819 750 1881 nisi
772 1826 841 1898 post
863 1817 973 1881 lectum
995 1818 1202 1900 Evangeliurn.
1247 1815 1280 1879 in
1304 1815 1403 1880 officio
1428 1817 1571 1898 Coptica,
1595 1837 1636 1880 ex
1659 1835 1719 1898 quo
1743 1817 1952 1897 excerpsimus
1972 1819 2067 1880 omnia

692 1917 788 1980 ferme
812 1915 990 1998 disciplinae
1013 1919 1122 1998 capita,
1146 1918 1277 1997 quaein
1301 1916 1366 1978 aliis
1390 1916 1545 1979 codicibus
1567 1934 1628 1978 non
1648 1919 1851 1997 reperiuntur,
1874 1923 2066 1996 praeceptum

691 2017 879 2098 reperimus,
903 2024 936 2079 ιιι
959 2016 1162 2098 illehymnus
1186 2017 1302 2077 dicatur
1325 2020 1394 2077 ante
1425 2014 1617 2093 Orationem,
1648 2033 1737 2096 quam
1767 2015 1905 2096 proxima
1934 2017 2095 2094 sequitur'

691 2115 850 2199 Evangelii
872 2116 974 2179 lectio.
998 2115 1031 2176 ln
1054 2133 1090 2178 ea
1118 2133 1193 2177 vero
1224 2111 1382 2192 disciplina
1412 2121 1581 2194 sequuntur
1611 2129 1678 2174 earn
1708 2131 1796 2194 quarn
1829 2113 1923 2176 Marci
1952 2112 2065 2176 Graeca

690 2216 826 2298 Liturgia
848 2213 1037 2295 praescribit.
1082 2213 1157 2275 Nam
1188 2220 1257 2275 ante
1279 2211 1478 2296 Evangeiium
1509 2213 1636 2291 lectum,
1668 2214 1766 2274 statim
1796 2219 1887 2293 atque
1917 2211 2064 2276 Sacerdos

690 2315 904 2394 pronunciavit
927 2313 1119 2386 Orationem,
1142 2328 1221 2392 quae
1245 2311 1359 2375 idcirco
1382 2313 1512 2394 'l'risagii
1536 2311 1721 2391 appellatum
1751 2319 1803 2387 (ea
1832 2329 1909 2373 vero
1931 2314 2064 2391 sequitur
2128 2329 2131 2342 ·

691 2401 827 2485 Eleatici
847 2411 1007 2495 Evangelii
1028 2427 1085 2473 seu
1113 2409 1270 2472 solennem
1299 2410 1365 2492 ejus
1388 2411 1570 2486 illationem)
1593 2411 1703 2473 dicitur
1725 2419 1850 2473 sanctae
1868 2410 1966 2486 oea,
1991 2429 2064 2472 con-

691 2521 757 2574 ctns
783 2510 896 2591 sonis,
920 2515 1044 2571 senonas
1072 2510 1268 2586 immortalis,
1296 2512 1439 2572 miseere
1467 2510 1564 2574 nobis.
1620 2508 1654 2571 ln
1683 2509 1815 2590 Copticis
1844 2509 2063 2590 exemplaribus

690 2609 784 2692 vulgo
806 2625 868 2669 non
891 2610 1064 2690 assignatur
1085 2606 1134 2668 hic
1156 2607 1301 2688 Hymnus.
1348 2605 1422 2671 Cum
1451 2628 1527 2673 vero
1557 2609 1617 2671 duo
1645 2607 1688 2672 illi
1720 2609 1824 2690 hymni
1854 2615 1903 2670 ter
1932 2617 2064 2671 sanctum

690 2710 880 2785 contineant,
904 2706 942 2769 de
964 2714 1094 2785 utroque
1117 2705 1155 2767 ad
1177 2705 1257 2767 hunc
1278 2705 1379 2768 locum
1402 2707 1504 2770 dicere
1528 2707 1703 2772 distulimus.

775 2806 824 2868 De
845 2807 943 2887 primo
966 2803 1350 2886 quidemobservandum,
1375 2809 1527 2888 antiquum
1550 2807 1632 2869 illurn
1656 2807 1780 2869 omnino
1804 2824 1891 2884 esse,
1921 2813 2010 2887 atque
2039 2808 2064 2868 si

689 2925 751 2970 non
774 2905 856 2968 illum
879 2906 992 2985 ipsum,
1015 2903 1122 2966 saltem
1145 2903 1211 2985 ejus
1234 2905 1364 2986 vestigia
1388 2923 1537 2987 apparere
1567 2907 1597 2968 in
1619 2907 1747 2968 vetustis
1775 2904 1960 2968 ludaeorum
1990 2923 2063 2986 pre-

690 3005 794 3084 cibus,
818 3000 960 3085 quarum',
983 3010 1016 3065 ιιι
1039 3001 1149 3065 eruditi
1171 3004 1285 3081 sciunt,
1315 3021 1430 3065 summa
1459 3012 1595 3068 vetustas
1619 3011 1683 3084 est,
1717 3009 1748 3066 et
1777 3005 1803 3065 si
1833 3021 1947 3084 paucas
1978 3007 2063 3067 exci-

689 3107 803 3187 pimus,
837 3103 975 3183 rcliqnae
1010 3121 1027 3164 e
1056 3101 1153 3164 veteri
1181 3099 1346 3185 synagoga
1380 3109 1526 3184 acceptae
1560 3111 1646 3183 sunt,
1681 3102 1759 3166 adeo
1792 3109 1826 3164 ut
1861 3121 1929 3164 cum
1962 3105 2061 3184 primis

690 3203 928 3288 Christianorum
950 3199 1092 3282 precibus
1116 3200 1244 3282 aliquam
1266 3201 1380 3264 habere
1402 3210 1514 3283 queant
1537 3203 1720 3266 eilinitatem.
1766 3202 1825 3264 ista
1848 3201 1942 3284 igitur
1958 3201 2060 3280 Δοξο-

691 3298 787 3386 loyle
809 3299 912 3364 similis
936 3307 982 3362 est
1005 3301 1092 3362 alteri
1115 3318 1203 3380 quarn
1226 3302 1256 3362 in
1284 3300 1417 3364 ludaicis
1444 3300 1611 3364 ilitualibus
1641 3302 1780 3384 legimus.
1825 3300 1933 3380 diepolt
1961 3321 2060 3363 omnes

688 3404 830 3481 aperiant
851 3419 908 3462 oro
930 3417 987 3460 sno
1009 3400 1040 3460 in
1062 3400 1224 3461 sanctitate
1246 3407 1276 3461 et
1292 3403 1442 3479 puritate,
1466 3404 1586 3463 cantico
1609 3408 1639 3463 et
1659 3401 1767 3484 dymno
1784 3401 1970 3475 benedicant,
1994 3402 2062 3461 lan-

681 3502 780 3576 dant,
804 3500 963 3574 estollont,
986 3499 1191 3578 sanctificant,
1212 3498 1479 3578 fortitudinenqnc
1500 3506 1531 3560 et
1550 3501 1710 3578 imperinm
1732 3498 2064 3573 tridnontnominiDei,

688 3602 771 3679 regis
798 3600 914 3679 magni,
942 3599 1092 3676 potentis,
1123 3597 1287 3674 terribilis,
1321 3600 1421 3660 sancti
1448 3599 1536 3662 illins.
1584 3595 1695 3660 Omnes
1723 3599 1755 3658 in
1789 3617 1822 3659 se
1841 3599 1949 3676 muna
1981 3597 2066 3676 regni

689 3699 841 3761 coelornrn
863 3698 1046 3775 suscipiunt,
1068 3715 1146 3758 anns
1167 3695 1207 3756 ab
1230 3697 1345 3757 altero.-
1367 3698 1498 3776 dantque
1515 3703 1695 3776 potestatem
1717 3695 1778 3757 etti
1797 3697 1926 3757 invicem
1948 3697 2064 3756 sancti-

622 3835 625 3842 ·
687 3797 804 3876 ficondi
822 3796 974 3875 [actorem
996 3815 1097 3870 annm,
1120 3795 1280 3874 tranquilla
1310 3797 1433 3874 spir-im
1465 3796 1546 3857 lodic
1571 3815 1669 3875 paro,
1700 3803 1731 3856 et
1757 3795 1910 3873 voluptate
1938 3801 2062 3856 sonem:

688 3915 791 3958 omncs
813 3898 903 3958 unias
923 3897 1022 3956 instar
1045 3895 1241 3974 respondent,
1265 3913 1333 3956 cum
1356 3902 1474 3956 terrore
1497 3901 1616 3956 etcum
1642 3896 1749 3956 timore
1778 3894 1897 3956 dicunt:
1926 3891 2064 3967 Sanctus,

688 4001 827 4070 sanetus,
858 4001 982 4055 sanctos
1009 3994 1157 4054 Dominus
1185 3991 1270 4054 Dens
1300 3994 1508 4067 caeercituum
1535 3994 1627 4072 plena
1657 4000 1703 4054 est
1730 3995 1827 4055 omnis
1855 3999 1940 4053 terra
1965 3993 2064 4072 glorio

688 4095 761 4172 ejnn
811 4092 896 4154 Hunc
925 4083 1019 4174 porro
1052 4092 1194 4173 hymnum
1222 4079 1413 4169 Ἕπινικιον,
1448 4109 1508 4153 non
1542 4091 1631 4154 modo
1661 4093 1691 4153 in
1721 4091 1870 4172 Liturgia,
1905 4091 2064 4155 Christiani

688 4191 857 4255 Orientaies
889 4191 1029 4253 adhunc
1058 4190 1157 4253 locum
1185 4193 1329 4268 recitant,
1353 4191 1407 4253 sed
1432 4191 1520 4253 etiam
1543 4191 1573 4252 in
1604 4189 1785 4271 quotidianis
1813 4189 1957 4270 precibus
1988 4207 2064 4269 quae

688 4289 878 4372 liucnologio
901 4292 1107 4367 continentur,
1131 4297 1192 4351 tam
1214 4291 1378 4353 secundum
1401 4289 1523 4352 codices
1545 4291 1764 4371 manuscriptos
1789 4307 1878 4370 quarn
1900 4289 2064 4352 secundum

398 4397 481 4452 Horat.
505 4401 583 4453 arat.
602 4403 670 4455 Fani
690 4391 841 4471 antiquam
869 4391 1031 4453 editionem
1058 4390 1243 4469 Fanensem,
1273 4390 1325 4452 ubi
1359 4391 1401 4451 ita
1430 4389 1550 4473 iegitur.
1596 4389 1660 4452 See
1688 4391 1759 4451 aliis
1787 4390 1943 4464 instructi,
1977 4387 2065 4449 labin

363 4484 453 4538 editrtnr
472 4487 550 4538 rste.

687 4491 879 4568 incorporeis
899 4491 1102 4550 indesinenter
1124 4489 1297 4569 loqnnntnr,
1320 4487 1505 4570 offeruntque
1527 4489 1582 4551 tibi
1607 4490 1726 4551 medem
1755 4497 1801 4552 ter
1830 4491 2008 4568 repetitam:
2038 4490 2067 4547 et

687 4605 744 4648 nos
765 4591 797 4648 in
819 4597 904 4650 terra
927 4591 1081 4650 corastitnli
1102 4586 1257 4669 offerimus
1279 4588 1334 4649 tibi
1353 4589 1485 4668 gloriam
1507 4595 1537 4650 el
1562 4589 1705 4665 aliamne,
1736 4595 1860 4650 conclus
1889 4595 1945 4649 etc.
1991 4585 2064 4648 Cum

687 4703 764 4748 vcro
788 4705 892 4750 omncs
915 4687 984 4750 illae
1006 4686 1152 4750 lonnulac
1173 4690 1205 4751 in
1234 4705 1323 4750 unam
1346 4686 1543 4768 camdemque
1566 4690 1744 4750 sententiam
1766 4687 1957 4768 conspirent:
1980 4687 2063 4748 utin

688 4785 830 4866 Graecis,
862 4787 902 4849 ita
932 4788 963 4849 in
993 4786 1208 4871 Aegyptiacis,
1243 4787 1299 4849 sed
1335 4787 1463 4849 maxime
1497 4789 1527 4848 in
1558 4786 1690 4868 Syriacis
1719 4785 1862 4868 Liturgiis
1885 4803 1995 4868 magna
2017 4789 2063 4846 est

686 4881 813 4961 illarum,
835 4885 934 4966 quoad
955 4886 1051 4948 verba
1074 4887 1281 4967 orationisque
1296 4885 1488 4967 elegantiam,
1517 4887 1665 4963 varietas5
1689 4894 1720 4949 et
1736 4887 1922 4949 recentiores
1939 4893 2061 4948 autores

685 4982 715 5043 in
739 4982 797 5044 illis
819 4986 947 5047 maxime
969 4985 1044 5048 locis
1068 4993 1166 5048 amant
1188 4985 1379 5048 rhetoricari,
1953 5005 1960 5014 ·
