4670 6046
550 481 627 556 300
1123 483 1354 564 totns

549 666 593 729 ita
615 685 723 747 nerape
745 665 906 750 legendum
929 665 960 728 in
974 664 1103 746 Graeco,
1126 666 1178 730 ubi
1191 669 1268 732 male
1289 672 1435 752 scriptum
1456 679 1505 736 eat
1525 660 1565 735 τό
1585 665 1781 759 πολυμερὲς,
1806 691 1920 750 errore,

549 772 583 827 ut
603 765 724 828 videtur
744 764 976 847 typographico.
1021 764 1295 831 consubstantialis
1316 770 1399 832 Patri
1420 778 1452 834 et
1473 769 1564 833 Filio:
1588 789 1606 834 a
1629 772 1718 834 Patre
1740 773 1919 853 procedens,

549 882 649 946 neque
672 867 751 928 enirn
775 864 862 928 aliter
883 865 1047 946 loquuntur
1059 864 1242 946 Orientales,
1266 870 1402 949 quamms
1425 868 1464 932 de
1484 870 1701 934 controversiis
1724 871 1802 934 inter
1824 871 1920 935 Grae-

549 982 604 1027 cos
627 973 657 1027 et
679 964 803 1028 Latinos
826 964 879 1026 vix
901 965 1062 1046 quidquam
1084 965 1251 1044 audierint,
1282 967 1356 1030 illud
1378 969 1582 1032 tantummodo
1611 969 1755 1046 scientes,
1778 970 1918 1050 Fmocos,

549 1080 605 1126 seu
633 1063 775 1142 Latinos,
808 1063 951 1146 Symbola
988 1063 1121 1144 adjicere
1156 1065 1335 1144 paniculum
1367 1068 1516 1150 Filioque,
1554 1068 1634 1148 quod
1666 1069 1697 1130 in
1730 1067 1768 1130 iis
1802 1068 1919 1151 culpant

549 1162 744 1242 Ebnassalus,
767 1163 955 1242 Abulbircat,
978 1162 1078 1226 Autar
1100 1162 1252 1228 Scieutiae
1279 1165 1532 1247 Ecclesiasticus,
1560 1166 1669 1230 Pardus
1698 1166 1820 1232 Sidonis
1847 1169 1918 1250 ttpi-

548 1279 672 1344 scopus,
699 1270 729 1326 et
752 1262 802 1326 alii
823 1263 1025 1327 recentiores.

551 1523 617 1612 (lai
641 1523 751 1596 libere
779 1527 929 1617 propria
951 1526 1126 1616 potestate
1159 1531 1342 1617 operatur,
1377 1525 1558 1596 secandam
1591 1524 1797 1596 volantatem
1832 1532 1924 1600 tuom

942 1640 1125 1731 purificant
1151 1641 1187 1707 in
1213 1642 1257 1711 iia
1283 1660 1368 1734 quos
1393 1640 1513 1736 dtttqtt

641 1846 783 1940 Quaevis
805 1858 1035 1922 controversiae
1064 1859 1145 1921 circa
1175 1858 1365 1941 Pelagianam
1387 1857 1528 1922 haeresin
1551 1867 1583 1922 et
1604 1859 1670 1940 ejus
1692 1860 1838 1941 reliquias
1859 1860 1933 1924 Bc·-

550 1961 671 2025 clesiam
694 1961 880 2024 Orientalem
902 1962 955 2024 vix
977 1977 1108 2041 unquam
1131 1960 1323 2044 agitaverint,
1347 1969 1378 2024 et
1403 1961 1565 2043 adquando
1586 1960 1666 2024 illias
1690 1961 1842 2048 'theologi
1863 1965 1937 2028 otr-

550 2061 667 2124 scurius
691 2059 730 2123 de
751 2059 851 2125 divina
873 2062 972 2142 gratia
995 2059 1087 2124 locuti
1108 2059 1235 2138 tuerint,
1264 2079 1331 2123 eam
1360 2068 1460 2123 tamen
1483 2061 1599 2123 erroris
1628 2062 1708 2124 omni
1737 2065 1940 2144 suspicione,

548 2161 606 2222 hac
627 2161 658 2221 in
680 2168 766 2241 parte
790 2177 913 2239 carere,
944 2177 1053 2251 preces
1083 2159 1194 2222 mantue
1216 2175 1295 2240 quae
1317 2160 1348 2222 in
1370 2161 1466 2222 sacris
1489 2158 1600 2222 onais
1622 2167 1803 2238 occurrunt,
1833 2162 1945 2244 pleno

549 2258 765 2324 demonstrant.
800 2259 848 2321 nb
872 2258 1155 2338 illisenim,quen1
1178 2257 1216 2320 ab
1239 2258 1307 2320 ollis
1330 2259 1453 2340 scriptis
1475 2257 1542 2321 aliis
1564 2257 1703 2321 doctrina
1724 2261 1838 2324 certius
1860 2258 1947 2344 peti

549 2365 665 2440 potest,
695 2376 753 2421 nec
775 2359 872 2420 minus
902 2357 983 2438 apud
1005 2355 1177 2420 Orientales
1205 2375 1292 2438 quam
1322 2356 1404 2439 apud
1431 2357 1566 2438 reliquos
1596 2357 1801 2435 Christianos,
1829 2359 1953 2440 kam

550 2458 696 2521 credendi
715 2459 766 2518 tes
789 2458 895 2519 statuit
915 2457 1116 2536 supplicandi.
1161 2457 1199 2519 Ut
1221 2455 1413 2519 Caelestinus
1436 2456 1517 2538 Papa
1538 2457 1698 2538 praeclare
1720 2459 1854 2539 scripsit.
1880 2455 1953 2520 liti

259 2552 306 2622 Fr·
328 2571 376 2622 rm
402 2552 490 2623 ΜΨ·
515 2557 664 2638 tquippe
685 2555 839 2637 postulant
861 2563 891 2618 et
913 2563 1088 2635 precantur,
1111 2562 1146 2616 ot
1172 2555 1341 2636 infidelibus
1369 2556 1498 2618 daneta
1517 2557 1604 2635 fides,
1625 2563 1660 2618 ut
1679 2557 1862 2619 idololatrae
1886 2555 1955 2620 ab

225 2639 315 2694 ΗΜ·
335 2640 377 2693 ¹¹·
548 2657 711 2735 impietatis
732 2655 991 2717 succiderentur
1012 2654 1186 2717 error-im:
1214 2663 1247 2716 ut
1275 2655 1424 2718 Mmetr'ci
1445 2653 1621 2718 Custodem
1639 2655 1714 2744 fidei
1729 2658 1958 2736 perceptione

548 2755 740 2834 resipiscant,
770 2762 804 2815 ut
830 2753 1018 2817 commanet
1044 2753 1190 2832 Spiritum
1217 2754 1376 2816 rediorroe
1402 2755 1545 2816 comtadr
1571 2755 1742 2834 accipiant,
1771 2755 1959 2834 dilapsis

544 2853 749 2932 poenitentiae
770 2853 904 2915 remedio
926 2851 1130 2931 conferantur.
1160 2851 1199 2914 Ut
1218 2853 1346 2933 deaque
1368 2849 1597 2915 Ootecllamenia
1618 2853 1662 2914 od
1681 2855 1957 2933 reponerutiom's

548 2951 749 3014 Sacramenta
771 2952 943 3032 perductis,
973 2951 1111 3013 caelestis
1144 2952 1375 3014 misericordiae
1396 2952 1469 3014 cala
1490 2958 1672 3014 reametur.
1718 2951 1800 3014 Haec
1823 2955 1950 3015 omnia

549 3050 741 3113 continentur
763 3053 794 3113 in
815 3051 956 3132 precibus
979 3049 1140 3132 Liturgicis
1172 3048 1394 3126 Orientalibus,
1422 3069 1484 3140 non
1510 3050 1607 3113 minus
1631 3068 1719 3130 qnam
1742 3051 1773 3112 in
1796 3050 1948 3114 Graecis

549 3155 580 3211 ot
602 3150 726 3213 Latinis.
756 3151 789 3212 ln
812 3151 869 3212 ista
891 3167 967 3213 vero
990 3151 1128 3212 oratione
1151 3147 1349 3231 significatur,
1373 3149 1516 3230 Spiritum
1538 3155 1675 3212 sanctum
1696 3151 1728 3212 in
1750 3148 1820 3229 iliis,
1844 3167 1943 3230 quos

548 3248 683 3328 gratiosa
706 3248 860 3311 voluntate
887 3249 970 3311 Deus
998 3249 1166 3329 praevenit,
1190 3250 1379 3342 sanctitatem
1402 3267 1458 3312 seu
1479 3249 1608 3330 gratiam
1631 3248 1773 3330 operari,
1803 3256 1834 3310 et
1861 3247 1947 3313 do·-

548 3365 656 3410 norum
679 3347 845 3409 divinorum
868 3354 1005 3410 autorem
1028 3364 1108 3409 esse.
1152 3346 1195 3408 ila
1224 3347 1342 3410 scilicet
1370 3348 1533 3428 antiquitus
1560 3345 1693 3410 Romana
1721 3347 1861 3410 Ecclesia
1891 3348 1944 3409 in

398 3465 435 3500 e·
547 3447 648 3509 inultis
671 3446 857 3510 orationibus
881 3446 983 3508 locuta
1005 3452 1064 3523 est,
1087 3452 1119 3506 ut
1141 3445 1173 3506 in
1199 3444 1388 3529 Gregoriano
1411 3446 1536 3510 M'usali
1585 3445 1778 3526 Omnipotem
1806 3448 1944 3526 rempt-

548 3543 1662 3625 terneileuslamenindeltcienspoiSpiritummamsanctrcn...
1691 3547 1942 3608 lammaede-

466 3649 474 3667 ‘
548 3646 676 3707 clarasti
695 3645 803 3706 salatia
824 3652 971 3720 ardorem,
989 3652 1118 3722 merto
1139 3662 1329 3724 warnae,
1358 3651 1393 3706 ut
1417 3645 1498 3708 idern
1519 3646 1651 3726 Spiritum
1671 3647 1829 3719 cemma,
1855 3643 1942 3708 Ee·-

430 3803 439 3812 ,
548 3743 661 3806 clerice
686 3751 757 3805 tuoe
792 3744 874 3806 derra
906 3742 1086 3822 waleet.
1131 3742 1216 3806 item.
1260 3743 1374 3806 dictales
1401 3752 1540 3820 nostor,
1574 3763 1756 3826 pimenem
1782 3743 1939 3816 namne,

547 3842 680 3922 Spirttra
701 3849 826 3904 soractae
846 3842 960 3904 maara
978 3850 1146 3922 praeparet
1166 3829 1384 3919 Sameramis,
1405 3845 1479 3925 poia
1504 3846 1571 3924 ipse
1591 3852 1637 3906 ert
1658 3845 1789 3906 amam
1810 3841 1940 3902 remis-

547 3943 595 4003 sio
613 3948 817 4020 peccatam.
862 3941 945 4002 ltenn
989 3940 1131 4016 Praesta,
1152 3945 1334 4021 pommus
1361 3941 1499 4018 Domine,
1527 3949 1561 4004 ot
1585 3961 1606 4004 a
1626 3942 1745 4004 nostris*
1762 3937 1938 4012 mabar,

547 4047 578 4102 et
598 4039 739 4101 camcks
761 4037 1042 4118 amoveatSpiritru
1063 4047 1188 4102 roccam
1209 4037 1345 4120 affemaa,
1367 4049 1397 4104 et
1407 4043 1580 4122 spiritualia
1600 4041 1689 4103 naba
1710 4040 1793 4102 aaa
1810 4045 1936 4116 patero-

547 4148 594 4201 ter
615 4137 765 4217 mundat
808 4137 923 4200 Identer
942 4145 1066 4200 narrar
1088 4137 1215 4201 Domine
1236 4138 1504 4218 Spiritasranctur
1524 4143 1577 4222 qui
1597 4159 1618 4202 a
1639 4149 1669 4202 tc
1687 4137 1827 4219 procedit
1847 4135 1937 4198 itia-

546 4239 648 4312 mittet,
670 4244 701 4298 et
721 4238 848 4299 inducat
867 4237 899 4298 in
921 4255 1047 4316 camma,
1070 4239 1150 4299 sicat
1169 4245 1239 4300 taus
1257 4239 1401 4318 promidi
1420 4240 1525 4320 Filiae,
1547 4241 1716 4303 ceritatem
1754 4229 1937 4300 latitanti

548 4333 684 4402 Gothico.
729 4336 771 4398 Et
790 4336 834 4398 od
855 4354 942 4397 orme
963 4353 1039 4415 epar
1060 4336 1170 4398 bonam
1187 4337 1347 4416 perducat.
1392 4336 1483 4401 Alibi.
1519 4338 1557 4401 llt
1577 4338 1710 4418 &erma
1732 4337 1778 4398 tui
1794 4333 1935 4412 [emma

547 4443 701 4514 concepta,
724 4442 755 4496 et
774 4435 807 4496 in
825 4435 887 4513 fide
907 4435 1098 4497 inamiunmr
1119 4435 1245 4497 ambilet
1266 4445 1295 4499 ct
1315 4438 1348 4500 in
1370 4455 1461 4516 opere
1482 4437 1631 4518 efficaces.
1661 4436 1757 4506 Porro
1779 4432 1858 4494 hanc
1879 4430 1932 4493 de

547 4533 660 4613 Spiritu
683 4541 789 4597 sande
812 4534 978 4597 orationem
1001 4532 1131 4596 illustrat
1152 4534 1233 4615 qood
1256 4535 1295 4598 de
1317 4535 1424 4600 eodem
1446 4539 1569 4618 scripsit
1583 4536 1738 4617 Didymus.
1759 4533 1824 4598 Ista
1845 4549 1930 4598 aero

545 4631 725 4711 normam,
746 4633 785 4695 de
806 4650 866 4714 prro
887 4651 967 4694 mma
988 4651 1087 4696 remo
1120 4640 1176 4710 ert,
1197 4636 1366 4714 romoldus
1387 4643 1418 4698 et
1438 4637 1583 4698 scientiae
1612 4642 1642 4696 et
1669 4633 1930 4714 sanctificationi!

543 4727 685 4810 effectis
706 4740 761 4809 eat,
784 4749 863 4812 quae
884 4729 995 4794 deinde
1017 4731 1113 4795 fusius
1135 4733 1278 4813 explicat.

629 4829 799 4894 Notandum
821 4828 919 4892 obiter
946 4828 1145 4912 Interpretem
1174 4829 1351 4894 Maronitam
1373 4831 1473 4895 locun
1501 4830 1581 4894 hunc
1609 4839 1704 4895 toturn
1732 4831 1921 4912 corrupisse,

544 4945 612 4990 cum
636 4928 678 4992 ita
699 4929 807 4994 vertit:
830 4929 883 5009 qai
903 4928 958 4990 dot
978 4931 1062 4992 cir-er
1083 4937 1114 4993 et
1131 4929 1309 5009 facultatem
1320 4931 1432 5011 upendi
1445 4931 1609 4994 secundam
1621 4932 1802 4994 volantatem
1824 4935 1920 5002 taam,
