4670 6046
562 593 604 668 tlt
629 590 834 668 LITURGIAM
861 528 1040 668 ahtudin
1067 591 1097 668 S.
1125 588 1307 668 GREGORII.
1544 585 1619 660 329

251 775 338 838 tiam:
361 775 400 838 de
422 793 482 856 qua
504 777 711 840 conhovarsia
733 775 849 840 moveri
870 775 951 839 nulla
973 782 1086 856 potest,
1108 793 1174 838 curn
1196 773 1246 836 illa
1269 773 1362 838 verba
1377 761 1503 858 παρών,
1525 791 1620 856 prae-

251 893 323 938 sens
346 875 386 936 ita
409 873 618 956 explicentur,
642 877 694 956 qui
715 892 820 937 corum
842 874 929 937 nobis
949 877 1067 954 positus
1089 894 1129 936 es.
1159 874 1205 938 De
1218 881 1369 937 momentu
1382 874 1619 938 consecrationis

250 981 394 1055 peractae
424 992 485 1036 nen
516 973 667 1057 disputant
696 973 882 1054 Orientales,
919 973 1049 1062 ideoque
1084 974 1196 1036 frustra
1226 974 1256 1034 in
1284 973 1403 1035 illorum
1434 972 1619 1034 orationibus

250 1071 430 1156 significatio
455 1081 672 1156 quaereretur,
702 1073 777 1136 reali
807 1073 1045 1136 transmutationi
1074 1073 1234 1136 contraria.
1283 1070 1427 1135 invocant
1457 1070 1618 1149 Christum,

251 1180 283 1234 ut
305 1173 482 1254 mysterium
504 1172 562 1234 hoc
585 1173 736 1254 perhciat:
759 1189 820 1234 non
844 1179 955 1254 negant
977 1171 1107 1250 idcirco,
1139 1173 1397 1236 consecrationem
1415 1171 1476 1252 jam
1499 1168 1617 1250 factam,

250 1291 317 1334 curn
340 1273 405 1354 ejus
429 1279 565 1334 autorem
587 1279 617 1334 et
638 1272 859 1352 perfectorem,
889 1280 920 1334 ut
942 1279 1134 1352 praesentem
1156 1280 1187 1334 et
1209 1289 1310 1334 eoram
1333 1289 1368 1333 se
1386 1271 1517 1352 positum
1540 1268 1619 1332 allo-

251 1378 389 1451 quantur.
434 1370 495 1434 Sed
525 1378 595 1434 tune
624 1371 741 1434 demum
764 1371 931 1453 perlectum
953 1372 1127 1452 mysterium
1153 1389 1223 1433 esse
1251 1369 1393 1447 credunt,
1423 1387 1491 1432 oum
1520 1369 1618 1434 omnia

251 1490 328 1552 quae
351 1491 392 1534 ex
414 1473 549 1534 instituto
574 1469 700 1549 Christi,
725 1491 781 1552 per
802 1470 967 1552 Apostolos
992 1469 1101 1533 tradito
1125 1469 1313 1533 observanda
1336 1477 1424 1546 sunt,
1447 1467 1617 1551 perfecere.

252 1569 379 1634 Causam
403 1570 655 1634 transmutationis
676 1571 859 1651 principem,
883 1569 1033 1632 Christum
1055 1577 1086 1632 et
1108 1570 1251 1650 Spiritum
1273 1575 1408 1633 sanetum
1430 1575 1618 1652 agnoscunt:

250 1669 491 1747 ministerialem,
515 1668 709 1733 Sacerdotem
731 1671 782 1751 qui
804 1671 898 1732 verba
923 1665 1034 1732 Christi
1056 1670 1113 1731 rite
1137 1669 1330 1748 pronunciat,
1359 1676 1390 1729 et
1413 1668 1450 1732 ab
1473 1686 1511 1731 eo
1532 1667 1618 1748 petit,

249 1774 283 1830 ut
306 1768 401 1830 mittat
423 1768 565 1849 Spiritum
588 1775 722 1831 sanetum
731 1815 744 1851 ,
768 1771 818 1850 qui
840 1769 938 1831 omnia
961 1775 1147 1831 consummet
1169 1775 1258 1849 atque
1282 1767 1426 1849 perficiat.
1459 1767 1520 1832 Sed
1542 1766 1617 1830 haee

250 1865 346 1931 fusius
370 1868 519 1950 explicata
541 1875 619 1930 sunt.

337 1967 451 2030 Eadem
472 1973 544 2028 nota
567 1966 773 2046 dispunximus
803 1965 1047 2028 absurdissimum
1070 1965 1185 2030 Claudii
1208 1965 1344 2030 Salmasii
1367 1965 1619 2029 Commentariun

249 2067 281 2130 in
302 2066 383 2130 illam
405 2065 561 2148 periodum
584 2064 786 2128 invocationis
809 2064 935 2146 Spiritus
958 2065 1070 2142 sancti,
1098 2083 1175 2148 quae
1202 2075 1252 2129 est
1273 2067 1302 2128 in
1324 2065 1460 2147 Liturgia
1484 2065 1619 2148 Coptica.

251 2165 368 2229 Graeca
392 2166 482 2228 lectio
505 2165 586 2228 illum
609 2165 648 2226 ita
671 2164 799 2241 refellit,
827 2172 859 2227 ut
886 2183 953 2228 euru
981 2163 1032 2227 tali
1061 2167 1309 2247 interpretatione
1339 2173 1421 2228 stare
1447 2165 1618 2228 nullatenus

250 2272 356 2346 queat,
380 2272 469 2346 atque
492 2265 586 2342 adeo,
609 2265 635 2326 si
659 2264 729 2344 quid
752 2263 943 2327 obscuritatis
966 2264 1046 2328 toret
1067 2265 1098 2326 iu
1121 2263 1255 2346 Coptieis
1277 2271 1328 2328 aut
1349 2264 1487 2328 Arabicis
1510 2284 1618 2327 exem-

249 2363 401 2446 plaribus,
424 2363 625 2426 discuteretur
646 2363 696 2424 illa
718 2363 828 2427 subito.
873 2364 958 2437 Quae
980 2364 1072 2447 igitur
1094 2363 1131 2428 ad
1154 2364 1227 2428 alias
1249 2363 1450 2428 luvocationis
1472 2362 1617 2430 formulas

250 2466 478 2538 annotavimus,
501 2460 620 2524 abunde
642 2463 799 2526 sutiloiunt.

376 2729 458 2799 Τῶν
484 2719 636 2822 εὐσεβῶς
660 2722 966 2822 βασιλευσάντων.
1018 2727 1148 2798 Eoum
1173 2731 1231 2821 qui
1254 2729 1314 2820 pie
1339 2733 1493 2820 remant.

345 2933 448 3012 Vnum
470 2954 594 3027 posset,
621 2948 673 3026 qui
689 2947 743 3026 pie
764 2955 984 3026 remuneratum
1012 2946 1066 3010 sed
1096 2955 1253 3028 utramque
1283 2949 1530 3031 significationem
1558 2967 1617 3011 ex-

250 3053 362 3133 pressit
392 3048 517 3131 Coptica
545 3049 697 3132 Liturgia,
725 3057 758 3112 ut
787 3051 875 3111 etiam
903 3052 1060 3114 versiones
1087 3049 1249 3115 Arabicae.
1301 3049 1359 3122 Oui
1388 3051 1444 3113 hac
1471 3051 1618 3134 Liturgia,

250 3157 301 3211 aut
323 3148 388 3210 aliis
411 3147 609 3210 Alexandrini
632 3151 707 3211 ritus
729 3147 890 3210 utebantur
913 3147 1088 3228 Christiani,
1119 3169 1158 3212 ex
1180 3156 1300 3212 vetusta
1322 3150 1557 3229 corrsuetudine,
1588 3160 1619 3216 et

251 3267 291 3310 ex
313 3247 395 3310 Pauli
416 3246 557 3328 Apostoli
580 3256 761 3328 praecepto,
784 3249 910 3310 orabant
930 3268 988 3330 pro
1010 3249 1243 3330 imperatoribus
1266 3255 1296 3310 et
1318 3248 1468 3330 Regibus,
1491 3267 1618 3329 quorum

249 3346 347 3409 nullus
371 3354 441 3409 tunc
464 3345 623 3409 Christiani
643 3349 769 3411 nominis
793 3347 888 3410 hostis
911 3366 972 3411 non
994 3357 1068 3412 erat.
1113 3349 1184 3410 htux
1208 3355 1324 3410 oratum
1347 3356 1393 3410 est
1422 3366 1478 3429 pro
1501 3349 1618 3426 iisdem,

249 3453 408 3526 postquam
432 3445 552 3509 Christo
583 3463 691 3509 nornen
722 3445 888 3525 dederunt,
918 3465 979 3508 non
1010 3446 1090 3529 quod
1113 3445 1272 3509 Christiani
1301 3454 1421 3522 essent,
1452 3446 1505 3508 sed
1535 3448 1618 3529 quod
1675 3479 1682 3490 ·

251 3543 461 3625 Imperatores.
502 3545 547 3608 llli
569 3565 644 3608 vero
667 3564 734 3609 cum
756 3565 773 3610 a
797 3545 1111 3628 Constantino-‘usque
1133 3546 1311 3628 religionem
1334 3554 1520 3625 servassent,
1543 3565 1618 3609 vere

247 3646 296 3725 pii
316 3653 347 3706 et
367 3643 517 3706 Chmtam
540 3653 676 3708 amentes
697 3647 883 3724 dicebantur,
906 3646 986 3708 unde
1008 3646 1083 3707 baec
1105 3644 1231 3707 termula
1254 3645 1283 3705 in
1302 3644 1431 3706 Codices
1447 3644 1618 3724 Liturgicos

250 3743 361 3825 ubique
382 3751 507 3825 recepta
530 3753 586 3808 est.
632 3743 758 3807 Videtur
781 3753 879 3809 autern
902 3765 937 3808 ea
960 3745 1025 3807 sola
1048 3746 1164 3807 ratione
1188 3736 1365 3806 conservata
1396 3744 1506 3823 luisse,
1536 3743 1616 3825 quod

251 3843 330 3905 illam
353 3843 498 3904 immutari
521 3843 634 3906 debere
655 3861 745 3907 nemo
769 3844 918 3919 crederet,
941 3862 1007 3906 cum
1029 3845 1057 3908 id
1074 3843 1138 3906 lieri
1153 3861 1213 3905 non
1228 3851 1333 3924 posset
1351 3843 1465 3922 absque
1481 3861 1617 3927 regnan-

253 3943 290 4004 tis
311 3941 455 4023 principis
479 3943 667 4006 contumelia.
711 3943 814 4026 ltaque
836 3945 932 4006 haesit
954 3945 983 4006 in
1011 3943 1093 4006 labris
1117 3941 1303 4016 thimatibus,
1335 3942 1469 4023 quamvis
1499 3945 1530 4005 in
1559 3944 1617 4007 ali-

252 4040 359 4121 quibus
389 4041 495 4104 leviter
522 4043 687 4118 immutata;
710 4060 778 4105 nam
799 4045 828 4106 in
855 4045 968 4120 multis,
996 4042 1171 4125 simpliciter
1200 4042 1295 4104 oratio
1326 4042 1358 4104 lit
1385 4061 1441 4123 pro
1471 4040 1616 4126 Regibus.

251 4139 423 4204 Nestoriani
453 4149 588 4204 veterem
618 4141 772 4204 formulam
803 4143 917 4224 absque
945 4145 1105 4205 mutatione
1134 4141 1337 4217 retinueruut;
1371 4152 1403 4206 ut
1439 4142 1552 4225 legitur
1586 4145 1618 4205 in

253 4239 367 4301 Graeca
390 4241 466 4315 ista,
495 4257 604 4322 nempe
632 4242 699 4305 dum
730 4243 826 4304 obicio
855 4242 1031 4306 satisfacere
1059 4241 1255 4319 videbantur,
1286 4242 1440 4324 Principes
1470 4243 1618 4325 quosdam

252 4357 325 4402 suae
348 4347 451 4401 sectae
474 4338 660 4404 Christianos
683 4343 781 4404 animo
805 4341 1019 4425 designabant,
1048 4349 1081 4404 ut
1110 4341 1252 4403 Turtures
1283 4341 1369 4420 illos,
1400 4329 1525 4423 quor'um
1554 4342 1616 4405 lm-

251 4446 374 4520 perator
397 4457 414 4500 a
437 4438 661 4520 Ginghizchano
684 4442 860 4523 profligatus
883 4449 944 4516 est;
967 4450 997 4503 et
1018 4439 1107 4504 ludos
1130 4440 1275 4522 quosdam
1297 4443 1325 4505 iu
1349 4443 1529 4507 blalabariea
1550 4440 1615 4506 Re-

251 4538 350 4620 gulos.
396 4537 536 4600 Similiter
563 4538 717 4603 Jacobitae
743 4539 889 4624 Aegyptii
918 4541 955 4602 de
977 4539 1111 4623 Regibus
1133 4539 1313 4621 Aethiopiae
1335 4549 1366 4604 et
1388 4542 1504 4604 Nubiae
1526 4543 1616 4626 cogi-

251 4637 364 4715 tabant,
378 4637 429 4717 qui
443 4643 539 4716 erant,
553 4645 585 4700 ut
594 4647 664 4702 sunt
676 4639 846 4718 etiamnum,
858 4639 1082 4703 Alexandrinae
1096 4639 1163 4703 sedi
1172 4639 1309 4722 subJecti.
1331 4639 1378 4704 De
1390 4641 1614 4706 hluhamedanis

254 4736 366 4814 Colitis,
389 4733 530 4814 Sultanis,
553 4745 604 4800 aut
625 4737 701 4816 aliis,
725 4736 818 4800 verba
841 4738 1042 4821 Liturgiarum
1061 4757 1121 4802 non
1140 4747 1268 4822 possunt
1280 4740 1419 4823 intelligi:
1443 4761 1501 4805 nee
1515 4749 1615 4805 tamen

251 4835 321 4898 inde
350 4834 487 4915 sequitur
516 4840 698 4900 vetustiores
727 4855 797 4901 esse
824 4837 975 4920 Liturgias
997 4837 1213 4902 hluhamedano
1237 4839 1382 4922 imperio,
1410 4849 1443 4903 ut
1469 4858 1549 4904 nunc
1580 4861 1614 4905 se

251 4933 373 4996 habent.
419 4929 495 4996 Sunt
516 4951 589 4998 sane
611 4937 764 5001 institutae
786 4938 879 5021 longe
901 4944 970 5000 ante
992 4937 1041 5000 illa
1063 4944 1217 5019 tempora,
1246 4955 1313 5002 oum
1342 4959 1382 5002 ex
1405 4938 1528 5004 Graecis
1557 4961 1616 5004 ex-

251 5051 379 5116 pressae
401 5034 482 5113 sint,
510 5034 565 5098 sed
595 5035 721 5118 aliquam
745 5037 872 5102 diversis
894 5036 969 5100 locis
991 5037 1184 5102 mutationem
1205 5057 1311 5120 passas
1335 5059 1405 5105 esse
1428 5043 1534 5124 negari
1554 5059 1616 5108 uon
