4736 6064
635 741 638 750 ἢ
764 637 844 714 450
1148 641 1306 720 uiuus
1345 643 1740 724 ORDINATIONIS

764 838 868 899 tuam:
896 830 972 922 quis
999 839 1034 902 tu
1059 851 1121 926 per
1145 829 1350 902 voluntatem
1376 841 1464 904 tuam
1492 834 1682 906 misericors
1710 857 1769 924 es,
1803 845 1837 908 et
1871 835 1970 908 decet
2003 843 2040 906 ut
2073 835 2126 909 tihi

763 943 921 1017 reddatur
946 942 987 1016 ab
1015 946 1168 1018 omnibus
1194 944 1301 1020 honor
1326 955 1361 1018 et
1387 947 1550 1036 adoratio,
1576 950 1688 1040 Pater,
1714 951 1778 1022 Fili
1794 963 1828 1024 et
1844 951 1986 1046 Spiritus
2006 962 2125 1026 sancte.

868 1077 1058 1156 Oenomaus
1083 1079 1130 1148 od
1148 1077 1363 1150 Occidentem
1389 1081 1482 1170 dicit,
1510 1082 1583 1154 Pax
1610 1082 1781 1158 omnihus:
1809 1091 1844 1156 et
1867 1087 1981 1178 sipaai
2002 1085 2126 1178 pollice

764 1199 868 1287 capnt
896 1194 1086 1264 ordinandi
1111 1195 1236 1266 dicens.

816 1327 993 1399 Promotus
1039 1337 1091 1399 est
1131 1330 1164 1398 in
1207 1338 1322 1401 sancta
1363 1331 1429 1403 Dei
1512 1331 1787 1435 Προεχειρήσθη
1812 1339 1850 1410 ἐν
1881 1341 1925 1432 τῇ
1953 1334 2042 1437 οίγίᾳ
2067 1339 2128 1408 τοῦ

762 1466 917 1540 Ecclesia
961 1468 1001 1540 N.
1044 1468 1352 1566 Archiepiseopus,
1393 1475 1426 1543 in
1469 1454 1560 1524 θεοῦ
1586 1452 1752 1548 aalma
1777 1459 1816 1527 Δ·
1860 1449 2129 1550 doxtmicnonog

1467 1567 1506 1639 ἐν
1534 1572 1578 1662 τῇ
1616 1567 1702 1668 οίγίᾳ
1737 1574 1804 1642 τοῦ
1846 1573 1936 1644 Θεοῦ
1966 1573 2128 1668 ἐκκλησίᾳ

941 1756 948 1770 ,
1177 1756 1184 1771 ,
1232 1757 1239 1772 ,
1467 1687 1528 1776 τῆς
1544 1681 1813 1783 μεγαλοπόλεως
1826 1682 2077 1785 Ἀλεξανδρίας
2092 1695 2128 1761 Δ.

762 1752 992 1824 Alexandriae
1015 1752 1058 1824 N.
1082 1753 1364 1850 Archrepuscopus
1394 1766 1429 1827 et
1468 1795 1716 1894 ἄχιεπίσκοπος
1733 1800 1793 1874 καὶ
1807 1798 2129 1899 mmmm&

762 1893 969 1983 Patriarcha,
996 1897 1029 1966 ia
1056 1904 1171 1967 saneta
1197 1894 1371 1970 Catholicu
1397 1906 1431 1969 et
1466 1914 1551 2015 ἁγίᾳ
1566 1916 1820 2014 καθοραρχαῑ
1836 1915 2129 2015 ἀποστολαῇωύ

762 2035 960 2132 Apostolica
993 2037 1057 2109 Dei
1093 2036 1247 2109 Ecclesia
1286 2038 1428 2133 praedi·
1470 2039 1560 2109 Θεοῦ
1575 2034 1741 2130 ἐκκλησίᾳ
1756 2039 1818 2129 τῆς
1835 2035 2128 2133 προονομοσθεί-

763 2189 840 2250 ctae
867 2201 1010 2272 magnae
1041 2179 1132 2252 urbis
1160 2178 1429 2252 Orthodoxorum
1467 2147 1896 2250 “dilsti‘adffllddwiffllf
1911 2147 2126 2248 aaronica

1466 2264 1731 2365 Ἀλεξανδρίας,
1764 2267 1809 2350 είς
1842 2264 1885 2339 sd
1916 2265 2035 2362 ὄνομα
2068 2275 2129 2343 τοῦ

1468 2382 1612 2484 πατρός,
1622 2383 1682 2458 καί
1694 2390 1763 2458 τοῦ
1771 2384 1865 2472 υἱοῦ,
1876 2382 1936 2457 καί
1948 2391 2016 2458 τοῦ
2025 2383 2127 2485 ἁγίου

1466 2499 1676 2596 πνεύματος.
1712 2495 1833 2595 Ἀμήν.

764 1618 878 1683 sancta
904 1610 969 1682 Dei
989 1609 1142 1682 Ecclesia
1169 1635 1312 1704 magnae
1338 1613 1430 1686 urbis

764 2319 1013 2409 Alexandriae,
1040 2324 1074 2392 in
1100 2324 1234 2393 nomiae
1259 2320 1369 2394 Patris
1396 2334 1430 2395 et

763 2462 851 2554 Filii,
879 2475 912 2534 et
938 2463 1080 2559 Spiritus
1107 2467 1223 2538 sancti.
1263 2465 1382 2538 Amen.

865 2635 980 2709 lndait
1006 2659 1079 2706 eam
1104 2635 1282 2724 stichario,
1310 2642 1345 2705 et
1370 2639 1522 2706 orarium
1548 2638 1688 2729 imponit
1714 2633 1802 2703 colio
1834 2638 1915 2725 ejus,
1946 2640 1981 2703 et
2002 2634 2126 2726 placio-

708 2787 712 2798 ·
762 2754 852 2820 nium
879 2751 1005 2823 dicens.
1060 2753 1096 2822 ln
1123 2754 1257 2823 nominc
1282 2751 1409 2842 PatriS,
1435 2761 1470 2823 et
1494 2751 1587 2842 Filii,
1614 2761 1649 2822 et
1673 2750 1816 2845 Spiritus
1844 2753 1959 2822 sancti.

865 2867 996 2938 Postea
1021 2868 1208 2939 ascendant
1233 2868 1280 2937 ad
1304 2867 1544 2960 δροίλνοπκπ,
1573 2873 1608 2938 ci
1632 2871 1748 2938 senior
1774 2869 1967 2960 Episcopus
1994 2869 2125 2938 adora-

762 2986 855 3054 tione
874 2988 975 3076 facta
993 3008 1112 3057 uersus
1137 2979 1309 3054 Orientein
1325 2984 1422 3054 sedet
1441 3007 1545 3076 saper
1560 2983 1797 3076 Syntiroaam,
1819 2983 2003 3076 sedentque
2033 2987 2126 3053 circa

761 3098 852 3180 illam
877 3100 1001 3194 reliqui
1026 3101 1202 3195 Episcopi,
1231 3100 1310 3170 irinc
1332 3106 1366 3170 et
1385 3100 1474 3188 inde,
1492 3099 1672 3170 secandum
1694 3099 1846 3170 ordinem
1861 3121 1962 3169 saara
1990 3098 2127 3170 Electus

760 3214 892 3286 sedebit
917 3240 1020 3309 saper
1045 3216 1229 3288 scabellum
1255 3220 1367 3308 infru,
1391 3219 1488 3309 [acie
1514 3216 1560 3285 ad
1587 3215 1759 3286 Orientem
1785 3237 1959 3286 conuersa.

868 3351 948 3420 Tana
974 3350 1103 3422 dedant
1129 3349 1322 3443 Syriaticae
1348 3349 1468 3419 literas
1502 3349 1663 3444 legendas
1694 3353 1753 3418 ani
1786 3348 2036 3435 Diaconornns,
2073 3351 2126 3442 pai

760 3466 875 3557 tepere
898 3466 1009 3560 probe
1035 3469 1134 3555 sciat,
1162 3469 1285 3560 quiqae
1312 3487 1358 3535 ee
1383 3465 1537 3536 Ambone
1564 3488 1625 3538 eas
1649 3465 1828 3536 recitabit:
1854 3471 1982 3557 etpost
2002 3464 2126 3535 lectio-

759 3604 852 3669 nem,
879 3583 1156 3654 Arciidiaconas
1183 3582 1275 3652 dicet
1299 3581 1363 3651 lens
1390 3582 1581 3653 Orationes.

811 3715 934 3788 lterum
969 3720 1092 3788 intente
1124 3716 1302 3788 Dominmn
1337 3737 1424 3812 sup·
1499 3712 1575 3790 ”Eas
1590 3718 1735 3799 ίεπενῶς
1748 3718 1787 3790 ἐν
1800 3711 1919 3813 εἰρήνῃ
1928 3714 2127 3812 τοῦκυρίου

761 3832 921 3928 plicemus
947 3855 1009 3930 pro
1036 3855 1133 3929 pace,
1159 3831 1356 3919 concordia,
1392 3840 1425 3902 et
1463 3829 1655 3928 ὃεηθώμεν
1671 3831 1760 3929 ὑπὲρ
1781 3837 1842 3926 τῆς
1864 3827 2012 3929 εἰρήνης,
2035 3829 2126 3924 ὁμο-

764 3947 943 4021 stabilitate
970 3953 1114 4024 omnium
1140 3958 1326 4024 sanctarum
1353 3946 1428 4018 Eo·
1464 3949 1575 4038 νοίας,
1583 3947 1643 4022 καί
1654 3945 1903 4032 καταστάσεως
1916 3951 2044 4022 πασῶν
2054 3953 2127 4022 τῶν

768 4064 943 4138 clesiamm
983 4066 1048 4138 Dei
1086 4051 1263 4138 Dominu'm
1302 4064 1428 4159 depre-
1464 4064 1580 4167 ἁγίων
1605 4073 1671 4140 τοῦ
1697 4071 1788 4142 Θεοῦ
1816 4068 2033 4161 ἐκκλησιῶν,
2064 4069 2127 4138 τοῦ

762 4204 885 4254 cemus.
1378 4237 1381 4244 -
1463 4183 1592 4283 κυρίου
1608 4180 1808 4279 dalidam.

813 4313 880 4384 Pro
921 4316 1186 4406 congregatione
1223 4319 1358 4402 nostra,
1393 4321 1429 4383 ut
1509 4298 1607 4398 Ὑπὲρ
1620 4295 2050 4396 τῆςουνελεύσεωςὴμών,
2063 4302 2127 4372 τοῦ
2182 4403 2188 4416 θ

1466 4414 1731 4516 ἀπρόσκοπον,
1749 4415 1809 4490 καί
1826 4413 2052 4514 εὐχάριστον,
2065 4411 2124 4488 καί

1462 4538 1627 4629 ἕκλεκτην
1665 4533 1857 4634 γίνεσθαι,
1894 4539 1961 4606 τοῦ
2001 4530 2126 4629 κυρίου

1463 4649 1662 4748 δεηθώμεν.

811 4770 878 4841 Pro
917 4765 1148 4864 praesentibus
1181 4771 1304 4844 sanctis
1337 4767 1423 4864 Epi·
1507 4765 1607 4867 Ὑπὲρ
1632 4772 1706 4842 τῶν
1739 4761 1978 4866 παρεστώτων
2011 4765 2126 4865 ἁγίων

762 4889 895 4982 scopis,
923 4889 1012 4960 omni
1038 4883 1161 4976 Claro,
1198 4896 1232 4956 et
1258 4883 1423 4958 Christum
1464 4880 1689 4974 ἐπισκόπων,
1723 4880 1856 4967 παντὸς
1890 4889 1958 4957 τοῦ
1990 4879 2125 4982 κλήρου

760 5013 893 5074 amante
912 5001 1048 5099 populo,
1070 5025 1220 5074 oremus:
1247 5003 1424 5075 Dominum
1466 4999 1527 5076 καί
1547 5007 1614 5074 τοῦ
1632 4999 1868 5100 φιλοχρίοτου
1885 5005 1983 5088 λαοῦ,
2006 5028 2124 5098 παρα·

761 5118 988 5215 deprecemur.
1461 5123 1680 5212 καλέσωμεν,
1696 5126 1762 5193 τοῦ
1778 5116 1906 5218 κυρίου
1923 5113 2123 5214 dadam.

762 4459 806 4532 sit
836 4455 965 4551 absque
992 4453 1208 4546 offendiculo,
1240 4453 1423 4542 laudabilis,

761 4603 880 4687 electa,
907 4601 1085 4674 Dominum
1112 4601 1339 4698 deprecemur.
