4686 6060
784 466 1321 544 ALEXANDRINO.
1650 462 1726 536 427

357 652 568 730 Abulledam.
623 650 789 727 Christum
816 677 890 726 cum
915 653 1023 728 Maria
1057 677 1098 726 ea
1130 657 1164 724 in
1189 659 1343 747 regione,
1371 677 1444 727 cum
1472 653 1505 724 in
1529 653 1727 748 Aegyptum

358 779 534 860 venerumt,
559 767 741 862 habitasse,
766 768 941 862 mrlgurem
969 767 1230 844 Christianorum
1256 771 1464 844 traditionem
1490 789 1584 860 esse,
1611 767 1728 842 scribit

359 883 561 959 Makririus:
597 889 748 982 quamvis
783 886 871 958 idem
904 886 946 958 de
978 886 1186 958 Ascbmoniu
1227 887 1374 960 scribant
1414 886 1489 976 clii,
1522 887 1607 957 inter
1643 906 1726 980 quos

358 999 531 1078 Abuselab
564 1003 742 1075 Armenm.
795 1002 849 1074 De
883 1023 924 1074 ea
951 1000 1050 1072 multu
1084 1001 1239 1094 legrmtur
1269 1024 1355 1097 quae
1387 1025 1454 1075 non
1489 1011 1566 1074 sunt
1591 1003 1727 1074 instituti

359 1121 475 1192 nostri.
527 1117 603 1190 Fuit
628 1118 708 1193 urbs
734 1117 958 1214 Episcopalis,
985 1121 1052 1190 imo
1079 1119 1343 1214 etllletropolis;
1369 1117 1635 1215 quandoquidem
1662 1139 1727 1189 ce-

359 1232 461 1306 lebris
488 1245 540 1306 est
566 1238 651 1306 inter
677 1233 829 1332 Coptitus
857 1243 891 1306 et
914 1232 1100 1330 Aethiopes
1131 1239 1290 1308 memoria
1321 1234 1357 1306 S.
1385 1233 1521 1330 Cyriaci
1546 1235 1728 1329 Metropo-

359 1350 438 1421 litae
472 1349 643 1440 Bebnsae,
679 1353 774 1442 cujus
807 1351 940 1423 nomine
974 1359 1068 1422 extat
1106 1349 1256 1443 Liturgiu
1287 1349 1487 1447 Aethiopica
1527 1354 1561 1422 in
1601 1347 1727 1422 Codice

360 1465 491 1538 Romae
516 1465 615 1538 edito.
690 1461 692 1466 ⁴

464 1583 539 1674 ldis,
565 1584 660 1672 cujus
686 1584 852 1654 territorio
867 1585 1074 1654 eontinentur
1088 1583 1167 1677 pagi
1194 1584 1328 1675 triginta
1354 1591 1494 1679 septem,
1521 1604 1606 1676 quae
1629 1581 1728 1651 etiam

360 1697 440 1770 urbs
465 1696 678 1794 llpiscopalls
704 1697 783 1788 luit,
814 1701 926 1770 vicina
953 1707 1026 1769 erut
1051 1696 1225 1770 Bebnesae
1252 1699 1433 1774 secundum
1458 1696 1668 1788 lilalrrizium,
1695 1704 1729 1770 ct

362 1813 537 1908 aliquando
565 1813 625 1886 sub
653 1813 770 1887 iisdem
796 1814 952 1887 limitibus
978 1811 1236 1910 comprehensa,
1270 1825 1368 1909 atque
1403 1814 1489 1887 adeo
1520 1817 1553 1886 in
1585 1812 1727 1887 Sabide:

360 1931 446 2000 inter
471 1931 594 2024 primas
621 1929 723 2002 urbes
751 1933 893 2024 quasin
920 1953 961 2002 ea
987 1931 1161 2026 provincia
1185 1931 1319 2006 Arabes
1346 1939 1604 2028 occupaverunt.

469 2045 565 2116 Tala
591 2044 727 2117 totidem
753 2068 862 2142 pagos
877 2046 1172 2144 complectebatur,
1198 2047 1377 2143 habuitque
1405 2051 1504 2122 etium
1520 2046 1728 2144 Episcopos:

359 2163 435 2236 huic
461 2163 627 2233 territorio
655 2160 843 2254 adjungitur
869 2165 1013 2235 vicinum
1040 2163 1104 2234 Gis
1133 2161 1319 2236 Cbenoodo
1345 2163 1478 2256 dictum,
1505 2167 1539 2237 iu
1566 2187 1631 2260 quo
1648 2166 1728 2259 pagi

362 2289 455 2352 octo:
484 2301 503 2350 a
529 2276 686 2350 Senudae
711 2275 916 2350 Monusterio
942 2281 976 2350 in
1009 2301 1051 2351 eo
1078 2278 1173 2371 loco,
1213 2285 1307 2373 cujus
1341 2285 1474 2355 nomine
1504 2283 1615 2352 notior
1641 2279 1730 2376 apud

361 2393 565 2467 Christianos
591 2391 671 2482 luit,
698 2415 796 2489 quam
822 2417 844 2467 a
870 2394 952 2467 lliso
979 2395 1147 2468 llarethae
1172 2395 1254 2487 filio,
1290 2419 1336 2470 en
1370 2399 1485 2492 primis
1518 2395 1582 2468 illis
1608 2395 1727 2469 zelotis

361 2507 622 2600 Mubamedanis,
649 2513 704 2604 qui
730 2533 804 2582 eam
830 2513 864 2582 in
889 2513 1064 2603 regionem
1090 2533 1183 2586 arma
1209 2512 1324 2586 intulit
1350 2514 1428 2586 Alia
1454 2523 1507 2586 est
1532 2512 1612 2583 urbs
1631 2509 1727 2605 bujus

361 2627 502 2697 nominis
527 2647 634 2721 prope
660 2626 791 2699 Forma.

464 2741 673 2816 Ascbmoniu
707 2753 805 2839 caput
838 2744 1008 2836 regionis,
1048 2767 1135 2840 quae
1167 2755 1298 2818 centum
1335 2746 1466 2837 triginta
1506 2754 1575 2820 tres
1617 2766 1727 2841 pagos

361 2861 522 2931 eontinet:
550 2868 602 2930 est
628 2867 737 2932 autem
762 2857 843 2932 urbs
870 2862 956 2932 inter
976 2859 1148 2934 Subidicas
1167 2865 1358 2956 antiquitate
1385 2870 1420 2932 et
1444 2861 1552 2934 mrrltis
1578 2861 1729 2934 Arabum
1812 2935 1814 2942 ,

362 2976 403 3047 de
430 2998 472 3047 eu
498 2973 743 3048 narrationibus
770 2975 922 3048 celebris.
974 2975 1211 3073 Episcopulem
1245 3001 1265 3050 a
1299 2976 1408 3051 mrrltis
1441 2977 1583 3052 saeculis
1616 2975 1728 3051 bono-

361 3113 433 3164 rem
458 3093 544 3162 inter
568 3090 741 3163 Jacobitas
767 3089 894 3178 babuit,
929 3103 962 3164 et
987 3095 1074 3164 iuter
1099 3091 1287 3189 Episcopus
1320 3114 1350 3176 a,
1366 3092 1516 3166 doctrina
1552 3115 1729 3166 commen-

362 3208 457 3280 datus
491 3217 543 3279 est
572 3210 753 3301 praecipue
785 3203 839 3294 is,
866 3211 961 3300 cujus
994 3212 1189 3282 testimoniis
1224 3208 1490 3305 frequentissime
1524 3214 1576 3284 usi
1603 3233 1728 3300 sumus,

361 3324 512 3397 Sevems
538 3322 622 3394 iilius
649 3320 802 3413 lllociab,
837 3325 892 3422 qui
925 3322 1065 3396 aliorum
1091 3334 1241 3398 autorum
1268 3325 1432 3398 Historias
1458 3329 1617 3400 inunum
1643 3349 1728 3400 eor-

361 3463 423 3536 pus
450 3438 596 3532 collegit,
624 3461 690 3534 quo
716 3438 981 3511 Patriarcbarum
1011 3440 1181 3514 Historiae
1213 3443 1319 3537 prima
1354 3463 1434 3536 pars
1468 3445 1668 3515 continetur:
1696 3453 1729 3515 et

362 3558 415 3652 qui
441 3554 542 3628 multa
570 3555 634 3626 ulia
661 3576 765 3650 opera
791 3553 996 3648 Theologioa
1024 3559 1157 3653 scripsit
1180 3557 1277 3630 adeo
1308 3567 1344 3628 ut
1369 3557 1531 3630 habeatur
1556 3581 1640 3654 prae
1665 3581 1728 3631 re-

361 3672 457 3769 liquis
484 3673 624 3764 insignis
650 3669 852 3764 Theologus.
883 3671 1105 3746 Meminerunt
1130 3675 1221 3748 urbis
1247 3674 1452 3748 Ascbmoniu
1477 3685 1634 3772 tanquam
1661 3699 1727 3748 an-

360 3792 565 3884 tiquissimae
591 3795 625 3863 in
650 3791 759 3864 media
786 3791 970 3882 Thebaide,
996 3790 1164 3867 Abulledu
1191 3803 1225 3863 et
1251 3789 1306 3862 ulii
1330 3790 1538 3889 Geograpbi:
1566 3796 1728 3888 situmque
1799 3811 1822 3849 ⁰·
1876 3831 1883 3845 ·

361 3905 466 3978 luisse
493 3917 653 3979 testantur
679 3906 721 3978 ad
749 3906 997 3980 Occidentulem
1022 3908 1090 3981 Nili
1115 3912 1232 4004 ripam.

467 4023 589 4093 Ancon
614 4027 771 4118 sequitur,
798 4023 878 4098 urbs
905 4026 1004 4095 etiam
1028 4023 1260 4120 Episcopalis,
1296 4045 1383 4118 quae
1417 4021 1555 4120 duplicis
1581 4027 1730 4117 regionis

363 4149 462 4235 caput
487 4139 566 4229 luit;
595 4143 789 4235 superioris,
816 4143 850 4210 in
876 4161 941 4235 qua
966 4144 1046 4235 pagi
1074 4139 1265 4214 duodecim:
1292 4136 1477 4228 iruerioris,
1510 4143 1543 4212 in
1570 4162 1635 4235 quc
1661 4165 1730 4214 un-

364 4254 470 4328 decim
497 4256 727 4331 censebantur.
779 4255 865 4328 Eum
898 4277 975 4329 esse
1007 4255 1305 4350 Antinooupolim,
1340 4253 1546 4350 Coptitarum
1580 4265 1732 4330 veterum

365 4374 476 4468 opinio
504 4381 567 4464 est,
595 4376 649 4468 qui
675 4395 796 4446 vocem
821 4373 944 4445 Auens
968 4372 1109 4445 reddunt
1133 4394 1194 4470 per
1219 4379 1391 4446 Αντινου.
1443 4370 1505 4444 Est
1532 4381 1641 4444 autem
1668 4395 1731 4446 se-

363 4487 506 4562 eundum
530 4487 751 4577 Abulfedum,
785 4493 820 4561 in
854 4487 977 4562 Sabide
1003 4489 1131 4580 media,
1163 4487 1205 4560 ad
1239 4486 1440 4560 Orientulem
1466 4485 1533 4558 Nili
1558 4489 1683 4582 n'pam,
1711 4511 1731 4559 e

364 4609 505 4700 regione
545 4605 757 4681 Ascbmoniu.
810 4605 848 4677 ln
888 4627 929 4677 ea
971 4627 1102 4701 quoque
1142 4622 1323 4702 superesse
1362 4602 1473 4676 dicrum
1509 4605 1732 4698 antiquissima

365 4727 469 4796 omnis
495 4725 632 4816 generis
658 4731 885 4795 monumenta:
912 4719 973 4794 sed
1000 4744 1046 4793 ex
1061 4721 1211 4795 Arabum
1237 4721 1400 4816 imperitia
1425 4719 1472 4810 fit,
1500 4730 1536 4791 ut
1553 4721 1730 4809 nesciatur,

365 4861 408 4912 an
433 4840 560 4912 veteris
586 4837 642 4910 illa
668 4842 734 4912 sint
756 4837 992 4934 Aegyptiacae
1018 4839 1271 4935 superstitionis,
1297 4859 1339 4910 on
1364 4857 1451 4912 vero
1478 4835 1520 4908 ad
1547 4835 1732 4911 Christiana

364 4965 514 5052 tempora
540 4957 734 5051 pertineant
785 4953 908 5050 Aeque
940 4955 1028 5025 enim
1059 4953 1147 5028 idola
1179 4965 1304 5028 vocant
1337 4975 1452 5030 sacras
1486 4956 1666 5048 imagines,
1697 4962 1732 5025 et

389 5093 502 5140 rcumc
1473 5072 1522 5147 70
