4670 6046
588 569 665 643 aao
750 617 759 638 .
1067 505 1483 642 counaurmuos

588 771 656 817 cum
684 753 838 816 excusatio
867 771 925 833 qua
954 749 1074 813 Gabriel
1102 749 1179 812 lilius
1207 746 1333 820 Tarich,
1369 763 1466 828 eaque
1494 746 1582 809 unica
1608 763 1682 808 usus
1711 753 1776 823 cst,
1804 759 1865 808 non
1892 745 1949 808 alia

586 853 686 931 luerit,
710 852 766 914 nisi
789 851 868 933 quod
891 851 927 912 ab
950 850 1109 931 Episcopis
1131 849 1182 929 qui
1205 865 1272 908 eum
1288 845 1513 925 ordinaverant,
1528 846 1727 927 praescripta,
1744 844 1948 927 verbatimquc

586 960 734 1036 suggesta
755 950 850 1014 leret:
879 969 944 1013 eam
965 950 1050 1031 prius
1072 949 1102 1010 in
1125 947 1263 1010 Ecclesia
1284 944 1489 1008 Alexandrina
1512 946 1646 1028 viguisse
1667 943 1776 1026 probat
1798 943 1875 1006 haec
1896 959 1949 1006 re-

586 1052 720 1132 sponsio.
764 1050 851 1123 Quod
874 1067 940 1112 eam
962 1048 1123 1111 blacariani
1145 1045 1283 1110 llonachi
1305 1046 1521 1128 ignoraverint,
1546 1044 1633 1106 lacile
1656 1043 1842 1125 explicatur:
1865 1052 1949 1105 crant

586 1152 664 1212 enim
691 1150 866 1232 disciplinae
896 1153 1010 1213 veteris
1040 1146 1313 1211 observantissimi:
1350 1163 1476 1226 cumque
1505 1143 1684 1206 additionem
1711 1145 1850 1224 primam3
1876 1143 1950 1222 fecit

585 1251 660 1311 iliad
680 1269 771 1311 anum
793 1269 859 1310 cum
882 1251 1039 1311 divinitate
1061 1257 1135 1322 arra,
1158 1245 1305 1327 negarent
1326 1243 1440 1306 hahere
1462 1261 1496 1306 se
1520 1245 1550 1305 in
1573 1244 1635 1306 suis
1658 1243 1823 1316 codicibus,
1854 1241 1949 1306 doce-

585 1366 652 1412 mur
675 1347 743 1410 inde
767 1346 995 1410 obscuriuscule
1017 1346 1174 1423 fortassis,
1198 1343 1252 1407 sed
1275 1361 1335 1405 non
1357 1342 1606 1420 inverisimiliter,
1637 1360 1780 1406 servasse
1802 1341 1870 1404 illos
1893 1360 1948 1404 co-

586 1446 669 1510 dices
691 1447 862 1529 Liturgicos
884 1455 1021 1525 veteres,
1049 1446 1079 1507 in
1102 1443 1209 1527 quibus
1231 1443 1306 1504 haec
1335 1441 1446 1504 additio
1475 1449 1600 1522 recepta
1628 1459 1699 1504 esse
1729 1459 1790 1503 non
1821 1449 1947 1522 poterat,

586 1565 653 1609 cum
681 1547 872 1609 schismatum
902 1547 992 1608 initiis
1025 1543 1104 1607 foret
1139 1543 1300 1606 recentior.
1351 1541 1392 1604 m
1419 1541 1488 1604 alibi
1518 1543 1548 1603 in
1575 1541 1722 1604 Eccleshs
1755 1559 1842 1604 usum
1870 1542 1947 1604 illius

585 1645 697 1708 nullum
719 1644 823 1724 luisse,
846 1662 907 1708 oon
929 1645 998 1707 inde
1021 1643 1173 1724 probatur.

673 1744 821 1825 Quidquid
843 1743 963 1807 tandem
985 1743 1041 1822 sit,
1070 1761 1138 1804 cum
1167 1757 1270 1805 omnes
1292 1738 1517 1803 Alexandrinae
1540 1740 1694 1822 Litargiae
1717 1739 1795 1802 iham
1818 1739 1948 1803 Conlec—

586 1847 701 1908 sionem
725 1846 906 1922 contineant,
931 1861 1030 1924 neque
1061 1839 1289 1906 controversiae
1315 1839 1422 1920 quibits
1451 1841 1640 1902 occasionem
1667 1839 1764 1918 dedit,
1795 1837 1832 1901 ad
1861 1839 1949 1902 iidem

585 1944 808 2020 Eucharistiae,
836 1943 890 2005 sed
918 1943 955 2004 ad
977 1941 1192 2004 incarnationis
1219 1942 1394 2022 mysterium
1423 1941 1610 2021 pertineant:
1642 1955 1832 2020 mecumque
1861 1939 1947 2002 modo

587 2062 621 2107 se
646 2043 766 2118 habeat,
791 2042 948 2122 aequalem
970 2041 1117 2103 adversus
1147 2041 1349 2104 Protestantes
1376 2042 1489 2103 retinet
1517 2042 1715 2106 autoritatem.
1767 2041 1842 2102 Nam
1874 2040 1949 2102 duae

586 2142 741 2224 Liturgiae
764 2140 901 2204 Graecae
923 2140 1023 2203 basilii
1046 2148 1075 2202 et
1098 2140 1237 2221 Gregorii
1260 2140 1339 2203 illam
1360 2148 1607 2222 repraesentant,
1637 2149 1669 2202 ut
1691 2140 1802 2222 legitur
1830 2142 1859 2202 in
1887 2138 1949 2202 Go-

586 2243 673 2325 pticis
696 2242 807 2317 tribus,
836 2250 865 2304 et
887 2241 1081 2321 Aethiopica,
1105 2258 1182 2321 quae
1204 2240 1240 2302 ab
1269 2240 1327 2302 illis
1355 2257 1504 2320 expressa
1526 2247 1588 2302 est:
1619 2247 1680 2300 tum
1708 2240 1801 2302 hlarci
1833 2238 1948 2320 Graeca

586 2342 721 2404 eamdem
743 2341 894 2425 designat.
939 2341 1026 2414 Quod
1055 2341 1081 2402 si
1112 2348 1193 2402 tanta
1216 2341 1365 2424 religione
1387 2347 1533 2402 caverunt
1560 2339 1721 2420 Episcopi,
1753 2348 1784 2402 et
1812 2338 1949 2402 Monachi

587 2441 758 2519 macariani,
782 2457 821 2502 ne
843 2440 914 2520 quid
936 2441 966 2502 in
989 2439 1094 2502 eadem
1116 2438 1347 2520 relinqueretur,
1371 2439 1451 2519 quod
1475 2437 1512 2500 ad
1535 2447 1706 2519 suspectam
1736 2438 1816 2500 eirca
1845 2438 1949 2500 incar-

586 2541 716 2602 nationis
738 2542 912 2621 mysterium
934 2540 1099 2602 doctrinam
1122 2538 1229 2601 relerri
1252 2546 1371 2620 posset3
1400 2538 1466 2619 quis
1489 2537 1681 2620 negligentes
1703 2536 1772 2601 illos
1794 2541 1835 2601 ita
1858 2537 1950 2600 luisse

587 2639 799 2719 suspicabitur,
823 2640 903 2701 circa
927 2639 1009 2716 illud,
1032 2639 1070 2701 de
1093 2656 1152 2719 quo
1165 2638 1351 2718 potissimum
1366 2637 1522 2718 agebatur,
1544 2637 1750 2701 Eucharistiae
1766 2640 1949 2720 mysterium,

586 2745 619 2799 ut
642 2756 678 2800 ea
700 2737 793 2800 verba
817 2755 895 2818 quae
918 2756 1024 2799 veram
1047 2737 1332 2817 substantialemque
1355 2737 1628 2800 transmutationem
1659 2739 1821 2818 perspicue
1851 2739 1951 2821 signi-

587 2837 728 2915 ficabant,
753 2837 933 2918 inexplicata
955 2838 1165 2917 praeterirent.
1193 2835 1260 2898 Non
1282 2836 1428 2900 iecissent
1449 2853 1533 2915 sane,
1557 2837 1673 2916 siquid
1697 2837 1776 2899 aliud
1800 2839 1829 2899 in
1852 2847 1951 2902 mente

586 2936 775 2998 habuissent:
807 2942 837 2997 at
860 2943 964 2998 contra
986 2953 1131 3016 prorsus3
1161 2954 1230 2999 nam
1251 2937 1347 3000 verba
1369 2938 1504 3020 ritusque
1527 2937 1569 2998 ita
1591 2936 1821 3018 disposuerunt,
1849 2945 1882 2998 ut
1910 2957 1951 3000 ex

589 3035 647 3096 illis
671 3034 893 3117 intelligeretur
913 3037 1084 3118 praesentia
1106 3037 1197 3098 realis
1220 3037 1358 3118 corporis
1381 3044 1411 3098 et
1435 3037 1588 3119 sanguinis
1612 3035 1733 3115 Christi,
1757 3037 1836 3117 quod
1858 3055 1953 3120 prae-

589 3136 722 3214 scriptae
746 3136 782 3198 ad
806 3136 1041 3198 communionem
1066 3136 1297 3200 distribuendam
1328 3138 1536 3200 caeremoniae
1567 3137 1596 3198 in
1622 3137 1727 3218 majori
1756 3137 1824 3199 luce
1851 3136 1952 3199 collo-

589 3235 705 3296 cabant.

929 3496 1103 3568 Sacerdos
1131 3498 1249 3590 dipnos
1273 3502 1334 3591 sac
1359 3497 1517 3588 Domine,
1544 3503 1607 3568 etc.

678 3706 751 3784 Nou
780 3737 839 3782 uua
867 3727 914 3782 est
946 3718 1063 3780 illarum
1092 3719 1257 3781 orationum
1285 3717 1396 3797 forma,
1427 3720 1561 3800 quamvis
1591 3722 1752 3784 communis
1783 3719 1950 3800 eademque

589 3824 715 3884 omnium
737 3823 884 3888 sententia
906 3824 961 3885 sit:
986 3821 1058 3884 alias
1081 3821 1175 3884 relert
1198 3819 1318 3886 Gabriel
1337 3822 1518 3900 Patriarcha,
1542 3839 1666 3902 quarum
1688 3823 1764 3885 haec
1786 3824 1870 3904 prior
1892 3832 1949 3892 est.

588 3923 650 3984 Fac
670 3940 728 3985 nos
755 3941 857 3984 antaee
885 3923 992 4002 dignas
1019 3922 1162 3998 Dareine,
1192 3930 1226 3983 at
1248 3923 1452 4002 percipiamus
1479 3941 1520 3983 cm
1547 3939 1675 4001 corpore
1707 3931 1758 3984 tna
1786 3933 1892 3986 sancto
1922 3933 1952 3986 et

588 4025 733 4100 sangnine
755 4029 805 4082 tao
823 4024 958 4102 pretiosa
984 4023 1172 4083 sanctitatem
1199 4023 1386 4096 amireorum,
1417 4039 1577 4100 coeperam
1598 4029 1628 4082 et
1645 4022 1804 4101 mimeram
1827 4031 1950 4085 norbo-

588 4139 669 4196 rnm,
692 4121 954 4200 remissionemque
974 4128 1168 4198 peecatorum
1190 4129 1220 4182 et
1239 4122 1415 4183 dalintonam
1436 4127 1617 4196 nechoram,
1639 4128 1673 4181 at
1685 4119 1854 4201 efficiamur
1876 4141 1949 4186 cor-

585 4228 645 4300 p'as
667 4239 774 4296 marn,
804 4227 834 4280 et
854 4219 979 4298 spiritns
999 4239 1076 4280 anns
1098 4227 1212 4280 tecam!
1242 4222 1313 4301 paria
1341 4227 1372 4281 ta
1404 4239 1437 4281 es
1467 4219 1653 4296 benedictas,
1688 4229 1717 4283 et
1744 4222 1799 4284 tibi
1826 4223 1949 4284 debetur

587 4320 703 4399 gloria,
727 4337 793 4380 enm
814 4316 907 4378 Patre
929 4324 980 4380 mo
1001 4318 1079 4380 bono
1101 4327 1130 4380 et
1149 4318 1265 4398 Spirim
1286 4327 1392 4381 sancto
1414 4321 1621 4382 inueternum.
1658 4319 1763 4387 Amat
1794 4322 1949 4385 Posterior

589 4436 676 4498 quam
700 4418 771 4480 dicit
793 4417 830 4480 ab
859 4416 1006 4498 aliquibus
1035 4417 1093 4480 hoc
1114 4418 1183 4480 loco
1217 4418 1337 4480 recitari
1368 4418 1502 4497 solitam,
1529 4419 1595 4482 talis
1624 4429 1678 4482 est.
1722 4421 1850 4484 Domine
1874 4420 1949 4484 desa

549 4513 561 4542 '
590 4515 707 4579 Christe
727 4517 782 4596 fac
802 4536 860 4578 nos
882 4518 1004 4597 dignas,
1026 4524 1060 4578 at
1077 4518 1279 4597 percipiamus
1308 4537 1419 4598 corpas
1446 4527 1527 4580 haam
1554 4526 1690 4582 sanctam
1717 4529 1746 4582 et
1773 4523 1949 4601 sangmmm

588 4623 669 4677 taam
689 4617 871 4695 meliorum:
892 4625 986 4696 nepam
1005 4617 1061 4696 fiat
1080 4615 1168 4678 nabis
1189 4617 1231 4678 ad
1244 4618 1407 4696 indiciam,
1430 4619 1485 4680 sed
1507 4618 1585 4680 sicca
1598 4619 1705 4692 dimisti
1715 4620 1873 4700 desmpulis
1889 4622 1949 4681 tuis

588 4715 718 4775 sanctis:
746 4712 883 4794 Accipite
909 4735 950 4775 aa
978 4733 1107 4795 corpore
1133 4721 1163 4775 et
1190 4716 1334 4795 sanpuine
1360 4735 1426 4779 meo
1455 4718 1499 4778 ad
1525 4719 1731 4781 remissionem
1754 4727 1949 4799 peccatoram

588 4819 772 4888 cosham,
795 4812 943 4875 minabis
964 4816 1096 4875 societas
1117 4832 1184 4875 cam
1206 4814 1362 4894 discipulis
1384 4819 1444 4878 hiis
1465 4818 1595 4892 soractis,
1618 4825 1651 4879 at
1664 4837 1705 4878 ec
1714 4819 1949 4899 participatione

588 4917 694 4971 naama
705 4914 916 4993 mysteriorum
934 4919 1052 4973 taornm
1072 4913 1295 4990 aiatiicantiarn,
1314 4916 1519 4994 percipiamus
1540 4918 1745 4978 rescissionem
1754 4923 1950 4995 peccatoram
1973 4944 1975 4948 ·

588 5016 775 5086 narbasani,
797 5009 989 5072 abolitorem
1010 5010 1185 5072 delictmam
1206 5019 1393 5091 normanum,
1412 5015 1630 5097 praitatanpae
1657 5017 1844 5090 animarem»,
1873 5033 1949 5078 cor-
