<?xml version="1.0" encoding="UTF-8"?>
<!DOCTYPE html PUBLIC "-//W3C//DTD XHTML 1.0 Transitional//EN"
    "http://www.w3.org/TR/xhtml1/DTD/xhtml1-transitional.dtd">
<html xmlns="http://www.w3.org/1999/xhtml" xml:lang="en" lang="en">
 <head>
  <title>
</title>
<meta http-equiv="Content-Type" content="text/html;charset=utf-8" />
  <meta name='ocr-system' content='tesseract 3.04.00' />
  <meta name='ocr-capabilities' content='ocr_page ocr_carea ocr_par ocr_line ocrx_word'/>
</head>
<body>
  <div class='ocr_page' id='page_1' title='image "./liturgiarumorie03renagoog_0339.png"; bbox 0 0 4680 6044; ppageno 0'>
   <div class='ocr_carea' id='block_1_1' title="bbox 699 662 1590 744">
    <p class='ocr_par' dir='ltr' id='par_1_1' title="bbox 699 662 1590 744">
     <span class='ocr_line' id='line_1_1' title="bbox 699 662 1590 744; baseline 0.007 -6"><span class='ocrx_word' id='word_1_1' title='bbox 699 665 774 739; x_wconf 88' lang='lat'><strong>180</strong></span> <span class='ocrx_word' id='word_1_2' title='bbox 1182 662 1590 744; x_wconf 79' lang='lat' dir='ltr'><strong>COMMENTARIUS</strong></span> 
     </span>
    </p>
   </div>
   <div class='ocr_carea' id='block_1_2' title="bbox 697 848 2073 1031">
    <p class='ocr_par' dir='ltr' id='par_1_2' title="bbox 697 848 2073 1031">
     <span class='ocr_line' id='line_1_2' title="bbox 698 848 2069 931; baseline 0.001 -19"><span class='ocrx_word' id='word_1_3' title='bbox 698 848 852 912; x_wconf 88' lang='lat' dir='ltr'><strong>elfieacem</strong></span> <span class='ocrx_word' id='word_1_4' title='bbox 876 849 1005 930; x_wconf 79' lang='lat' dir='ltr'><strong>Spiritus</strong></span> <span class='ocrx_word' id='word_1_5' title='bbox 1028 848 1123 910; x_wconf 89' lang='lat' dir='ltr'><strong>sancti</strong></span> <span class='ocrx_word' id='word_1_6' title='bbox 1146 848 1177 911; x_wconf 92' lang='lat' dir='ltr'><strong>in</strong></span> <span class='ocrx_word' id='word_1_7' title='bbox 1200 848 1280 912; x_wconf 91' lang='lat' dir='ltr'><strong>dona</strong></span> <span class='ocrx_word' id='word_1_8' title='bbox 1303 851 1484 931; x_wconf 90' lang='lat' dir='ltr'><strong>proposita,</strong></span> <span class='ocrx_word' id='word_1_9' title='bbox 1506 859 1539 914; x_wconf 91' lang='lat' dir='ltr'><strong>ut</strong></span> <span class='ocrx_word' id='word_1_10' title='bbox 1561 859 1712 913; x_wconf 88' lang='lat' dir='ltr'><strong>mutentur</strong></span> <span class='ocrx_word' id='word_1_11' title='bbox 1735 857 1765 912; x_wconf 93' lang='lat' dir='ltr'><strong>et</strong></span> <span class='ocrx_word' id='word_1_12' title='bbox 1796 851 2018 914; x_wconf 81' lang='lat' dir='ltr'><strong>transferantur</strong></span> <span class='ocrx_word' id='word_1_13' title='bbox 2040 853 2069 914; x_wconf 92' lang='lat' dir='ltr'><strong>in</strong></span> 
     </span>
     <span class='ocr_line' id='line_1_3' title="bbox 697 947 2073 1031; baseline 0.001 -21"><span class='ocrx_word' id='word_1_14' title='bbox 697 965 810 1029; x_wconf 92' lang='lat' dir='ltr'><strong>corpus</strong></span> <span class='ocrx_word' id='word_1_15' title='bbox 838 955 869 1010; x_wconf 91' lang='lat' dir='ltr'><strong>et</strong></span> <span class='ocrx_word' id='word_1_16' title='bbox 891 949 1069 1031; x_wconf 88' lang='lat' dir='ltr'><strong>sangninem</strong></span> <span class='ocrx_word' id='word_1_17' title='bbox 1099 947 1227 1011; x_wconf 86' lang='lat' dir='ltr'><strong>Christi:</strong></span> <span class='ocrx_word' id='word_1_18' title='bbox 1257 947 1339 1030; x_wconf 93' lang='lat' dir='ltr'><strong>quod</strong></span> <span class='ocrx_word' id='word_1_19' title='bbox 1368 949 1406 1011; x_wconf 90' lang='lat' dir='ltr'><strong>de</strong></span> <span class='ocrx_word' id='word_1_20' title='bbox 1436 967 1532 1030; x_wconf 87' lang='lat' dir='ltr'><strong>aqua,</strong></span> <span class='ocrx_word' id='word_1_21' title='bbox 1562 948 1740 1028; x_wconf 90' lang='lat' dir='ltr'><strong>chrismate,</strong></span> <span class='ocrx_word' id='word_1_22' title='bbox 1775 950 1906 1031; x_wconf 84' lang='lat' dir='ltr'><strong>oleoque</strong></span> <span class='ocrx_word' id='word_1_23' title='bbox 1935 951 1967 1011; x_wconf 93' lang='lat' dir='ltr'><strong>in</strong></span> <span class='ocrx_word' id='word_1_24' title='bbox 1997 952 2073 1014; x_wconf 88' lang='lat' dir='ltr'><strong>aliis.</strong></span> 
     </span>
    </p>
   </div>
   <div class='ocr_carea' id='block_1_3' title="bbox 700 1046 2174 1132">
    <p class='ocr_par' dir='ltr' id='par_1_3' title="bbox 700 1046 2174 1132">
     <span class='ocr_line' id='line_1_4' title="bbox 700 1046 2174 1132; baseline 0.003 -23"><span class='ocrx_word' id='word_1_25' title='bbox 700 1046 902 1110; x_wconf 78' lang='lat' dir='ltr'><strong>sacramentis</strong></span> <span class='ocrx_word' id='word_1_26' title='bbox 924 1064 1075 1127; x_wconf 81' lang='lat' dir='ltr'><strong>nutuqunm</strong></span> <span class='ocrx_word' id='word_1_27' title='bbox 1097 1047 1269 1127; x_wconf 81' lang='lat' dir='ltr'><strong>postulasse</strong></span> <span class='ocrx_word' id='word_1_28' title='bbox 1291 1046 1462 1110; x_wconf 87' lang='lat' dir='ltr'><strong>Orientalcs</strong></span> <span class='ocrx_word' id='word_1_29' title='bbox 1485 1048 1687 1128; x_wconf 88' lang='lat' dir='ltr'><strong>reperiuntur.</strong></span> <span class='ocrx_word' id='word_1_30' title='bbox 1726 1047 1822 1132; x_wconf 81' lang='lat' dir='ltr'><strong>Igitur</strong></span> <span class='ocrx_word' id='word_1_31' title='bbox 1844 1068 1884 1111; x_wconf 87' lang='lat' dir='ltr'><strong>ex</strong></span> <span class='ocrx_word' id='word_1_32' title='bbox 1905 1049 1979 1112; x_wconf 90' lang='lat' dir='ltr'><strong>solis</strong></span> <span class='ocrx_word' id='word_1_33' title='bbox 2002 1050 2073 1113; x_wconf 93' lang='lat' dir='ltr'><strong>illo-</strong></span> <span class='ocrx_word' id='word_1_34' title='bbox 2163 1069 2174 1090; x_wconf 90' lang='lat'><strong>·</strong></span> 
     </span>
    </p>
   </div>
   <div class='ocr_carea' id='block_1_4' title="bbox 697 1144 2072 1328">
    <p class='ocr_par' dir='ltr' id='par_1_4' title="bbox 697 1144 2072 1328">
     <span class='ocr_line' id='line_1_5' title="bbox 698 1144 2072 1230; baseline 0.001 -21"><span class='ocrx_word' id='word_1_35' title='bbox 698 1165 764 1209; x_wconf 88' lang='lat' dir='ltr'><strong>mm</strong></span> <span class='ocrx_word' id='word_1_36' title='bbox 786 1144 929 1227; x_wconf 89' lang='lat' dir='ltr'><strong>precibus</strong></span> <span class='ocrx_word' id='word_1_37' title='bbox 953 1153 1071 1208; x_wconf 87' lang='lat' dir='ltr'><strong>constat</strong></span> <span class='ocrx_word' id='word_1_38' title='bbox 1094 1145 1262 1208; x_wconf 90' lang='lat' dir='ltr'><strong>certissime</strong></span> <span class='ocrx_word' id='word_1_39' title='bbox 1285 1146 1563 1209; x_wconf 77' lang='lat' dir='ltr'><strong>transmutationem</strong></span> <span class='ocrx_word' id='word_1_40' title='bbox 1586 1147 1623 1209; x_wconf 93' lang='lat' dir='ltr'><strong>ab</strong></span> <span class='ocrx_word' id='word_1_41' title='bbox 1646 1148 1721 1228; x_wconf 88' lang='lat' dir='ltr'><strong>ipsis</strong></span> <span class='ocrx_word' id='word_1_42' title='bbox 1736 1149 1873 1230; x_wconf 82' lang='lat' dir='ltr'><strong>agnosci,</strong></span> <span class='ocrx_word' id='word_1_43' title='bbox 1895 1166 2072 1229; x_wconf 89' lang='lat' dir='ltr'><strong>namprae-</strong></span> 
     </span>
     <span class='ocr_line' id='line_1_6' title="bbox 697 1243 2072 1328; baseline -0.001 -18"><span class='ocrx_word' id='word_1_44' title='bbox 697 1249 786 1327; x_wconf 80' lang='lat' dir='ltr'><strong>cipue</strong></span> <span class='ocrx_word' id='word_1_45' title='bbox 811 1251 875 1324; x_wconf 91' lang='lat' dir='ltr'><strong>est,</strong></span> <span class='ocrx_word' id='word_1_46' title='bbox 905 1250 938 1306; x_wconf 92' lang='lat' dir='ltr'><strong>ut</strong></span> <span class='ocrx_word' id='word_1_47' title='bbox 965 1262 1005 1305; x_wconf 78' lang='lat' dir='ltr'><strong>ex</strong></span> <span class='ocrx_word' id='word_1_48' title='bbox 1026 1243 1198 1326; x_wconf 81' lang='lat' dir='ltr'><strong>Augustino</strong></span> <span class='ocrx_word' id='word_1_49' title='bbox 1222 1251 1339 1307; x_wconf 89' lang='lat' dir='ltr'><strong>constat</strong></span> <span class='ocrx_word' id='word_1_50' title='bbox 1363 1243 1399 1306; x_wconf 89' lang='lat' dir='ltr'><strong>ad</strong></span> <span class='ocrx_word' id='word_1_51' title='bbox 1423 1244 1667 1327; x_wconf 82' lang='lat' dir='ltr'><strong>cognoscendam</strong></span> <span class='ocrx_word' id='word_1_52' title='bbox 1689 1246 1845 1310; x_wconf 85' lang='lat' dir='ltr'><strong>Ecclesiae</strong></span> <span class='ocrx_word' id='word_1_53' title='bbox 1877 1245 1983 1325; x_wconf 85' lang='lat' dir='ltr'><strong>fidem,</strong></span> <span class='ocrx_word' id='word_1_54' title='bbox 2012 1265 2072 1328; x_wconf 92' lang='lat' dir='ltr'><strong>pu-</strong></span> 
     </span>
    </p>
   </div>
   <div class='ocr_carea' id='block_1_5' title="bbox 666 1341 2070 1425">
    <p class='ocr_par' dir='ltr' id='par_1_5' title="bbox 666 1341 2070 1425">
     <span class='ocr_line' id='line_1_7' title="bbox 666 1341 2070 1425; baseline 0 -17"><span class='ocrx_word' id='word_1_55' title='bbox 666 1363 669 1374; x_wconf 73' lang='grc'><em>’</em></span> <span class='ocrx_word' id='word_1_56' title='bbox 697 1347 843 1408; x_wconf 88' lang='lat' dir='ltr'><strong>bliearum</strong></span> <span class='ocrx_word' id='word_1_57' title='bbox 864 1343 1034 1405; x_wconf 90' lang='lat' dir='ltr'><strong>orationum</strong></span> <span class='ocrx_word' id='word_1_58' title='bbox 1057 1344 1211 1407; x_wconf 91' lang='lat' dir='ltr'><strong>autoritas.</strong></span> <span class='ocrx_word' id='word_1_59' title='bbox 1257 1341 1346 1415; x_wconf 87' lang='lat' dir='ltr'><strong>Ouod</strong></span> <span class='ocrx_word' id='word_1_60' title='bbox 1368 1361 1443 1406; x_wconf 88' lang='lat' dir='ltr'><strong>vero</strong></span> <span class='ocrx_word' id='word_1_61' title='bbox 1465 1343 1542 1406; x_wconf 90' lang='lat' dir='ltr'><strong>haec</strong></span> <span class='ocrx_word' id='word_1_62' title='bbox 1566 1361 1653 1424; x_wconf 88' lang='lat' dir='ltr'><strong>quarn</strong></span> <span class='ocrx_word' id='word_1_63' title='bbox 1677 1343 1726 1406; x_wconf 91' lang='lat' dir='ltr'><strong>bie</strong></span> <span class='ocrx_word' id='word_1_64' title='bbox 1749 1344 1887 1425; x_wconf 89' lang='lat' dir='ltr'><strong>Coptitae</strong></span> <span class='ocrx_word' id='word_1_65' title='bbox 1916 1346 2070 1424; x_wconf 89' lang='lat' dir='ltr'><strong>postulant</strong></span> 
     </span>
    </p>
   </div>
   <div class='ocr_carea' id='block_1_6' title="bbox 371 2134 683 2275">
    <p class='ocr_par' dir='ltr' id='par_1_6' title="bbox 371 2134 683 2275">
     <span class='ocr_line' id='line_1_8' title="bbox 431 2134 681 2189; baseline 0 -1"><span class='ocrx_word' id='word_1_66' title='bbox 431 2134 597 2188; x_wconf 84' lang='lat' dir='ltr'><strong>Orationibus</strong></span> <span class='ocrx_word' id='word_1_67' title='bbox 629 2153 681 2189; x_wconf 89' lang='lat' dir='ltr'><strong>non</strong></span> 
     </span>
     <span class='ocr_line' id='line_1_9' title="bbox 371 2225 683 2275; baseline 0.003 -1"><span class='ocrx_word' id='word_1_68' title='bbox 371 2237 473 2274; x_wconf 85' lang='lat' dir='ltr'><strong>omnem</strong></span> <span class='ocrx_word' id='word_1_69' title='bbox 505 2225 683 2275; x_wconf 87' lang='lat' dir='ltr'><strong>consecratio·</strong></span> 
     </span>
    </p>
   </div>
   <div class='ocr_carea' id='block_1_7' title="bbox 370 2306 683 2443">
    <p class='ocr_par' dir='ltr' id='par_1_7' title="bbox 370 2306 683 2443">
     <span class='ocr_line' id='line_1_10' title="bbox 370 2306 683 2382; baseline 0.006 -22"><span class='ocrx_word' id='word_1_70' title='bbox 370 2324 429 2360; x_wconf 87' lang='lat' dir='ltr'><strong>nem</strong></span> <span class='ocrx_word' id='word_1_71' title='bbox 447 2309 563 2382; x_wconf 74' lang='lat' dir='ltr'><strong>tribuunt</strong></span> <span class='ocrx_word' id='word_1_72' title='bbox 587 2306 683 2362; x_wconf 85' lang='lat' dir='ltr'><strong>Orien·</strong></span> 
     </span>
     <span class='ocr_line' id='line_1_11' title="bbox 371 2389 444 2443; baseline -0.027 -1"><span class='ocrx_word' id='word_1_73' title='bbox 371 2389 444 2443; x_wconf 83' lang='lat' dir='ltr'><strong>tales.</strong></span> 
     </span>
    </p>
   </div>
   <div class='ocr_carea' id='block_1_8' title="bbox 694 1441 2143 5101">
    <p class='ocr_par' dir='ltr' id='par_1_8' title="bbox 696 1441 2072 2119">
     <span class='ocr_line' id='line_1_12' title="bbox 696 1441 2070 1525; baseline 0.001 -19"><span class='ocrx_word' id='word_1_74' title='bbox 696 1443 924 1520; x_wconf 84' lang='lat' dir='ltr'><strong>transmutatio,</strong></span> <span class='ocrx_word' id='word_1_75' title='bbox 953 1441 1109 1521; x_wconf 79' lang='lat' dir='ltr'><strong>adipsum</strong></span> <span class='ocrx_word' id='word_1_76' title='bbox 1132 1442 1348 1504; x_wconf 88' lang='lat' dir='ltr'><strong>elementorum</strong></span> <span class='ocrx_word' id='word_1_77' title='bbox 1371 1441 1567 1504; x_wconf 88' lang='lat' dir='ltr'><strong>substantiam</strong></span> <span class='ocrx_word' id='word_1_78' title='bbox 1590 1450 1788 1524; x_wconf 81' lang='lat' dir='ltr'><strong>naturamque</strong></span> <span class='ocrx_word' id='word_1_79' title='bbox 1810 1444 1978 1525; x_wconf 88' lang='lat' dir='ltr'><strong>pertineat,</strong></span> <span class='ocrx_word' id='word_1_80' title='bbox 2001 1445 2070 1507; x_wconf 88' lang='lat' dir='ltr'><strong>alibi</strong></span> 
     </span>
     <span class='ocr_line' id='line_1_13' title="bbox 696 1539 2070 1624; baseline 0.001 -20"><span class='ocrx_word' id='word_1_81' title='bbox 696 1542 856 1624; x_wconf 91' lang='lat' dir='ltr'><strong>probatum</strong></span> <span class='ocrx_word' id='word_1_82' title='bbox 884 1549 949 1618; x_wconf 91' lang='lat' dir='ltr'><strong>est,</strong></span> <span class='ocrx_word' id='word_1_83' title='bbox 978 1549 1009 1602; x_wconf 90' lang='lat' dir='ltr'><strong>et</strong></span> <span class='ocrx_word' id='word_1_84' title='bbox 1040 1539 1134 1604; x_wconf 87' lang='lat' dir='ltr'><strong>lusius</strong></span> <span class='ocrx_word' id='word_1_85' title='bbox 1168 1539 1422 1603; x_wconf 87' lang='lat' dir='ltr'><strong>demonstrabitur</strong></span> <span class='ocrx_word' id='word_1_86' title='bbox 1452 1540 1483 1602; x_wconf 93' lang='lat' dir='ltr'><strong>in</strong></span> <span class='ocrx_word' id='word_1_87' title='bbox 1513 1540 1590 1603; x_wconf 86' lang='lat' dir='ltr'><strong>notis</strong></span> <span class='ocrx_word' id='word_1_88' title='bbox 1619 1541 1656 1604; x_wconf 93' lang='lat' dir='ltr'><strong>ad</strong></span> <span class='ocrx_word' id='word_1_89' title='bbox 1684 1541 1910 1605; x_wconf 87' lang='lat' dir='ltr'><strong>luvocationem</strong></span> <span class='ocrx_word' id='word_1_90' title='bbox 1941 1541 2070 1622; x_wconf 87' lang='lat' dir='ltr'><strong>Spiritus</strong></span> 
     </span>
     <span class='ocr_line' id='line_1_14' title="bbox 697 1638 2072 1708; baseline -0.001 -3"><span class='ocrx_word' id='word_1_91' title='bbox 697 1643 795 1705; x_wconf 90' lang='lat' dir='ltr'><strong>sancti</strong></span> <span class='ocrx_word' id='word_1_92' title='bbox 818 1638 909 1703; x_wconf 89' lang='lat' dir='ltr'><strong>etad</strong></span> <span class='ocrx_word' id='word_1_93' title='bbox 932 1639 1171 1708; x_wconf 82' lang='lat' dir='ltr'><strong>contessionem.</strong></span> <span class='ocrx_word' id='word_1_94' title='bbox 1216 1639 1283 1703; x_wconf 90' lang='lat' dir='ltr'><strong>Duo</strong></span> <span class='ocrx_word' id='word_1_95' title='bbox 1308 1647 1420 1700; x_wconf 86' lang='lat' dir='ltr'><strong>tantum</strong></span> <span class='ocrx_word' id='word_1_96' title='bbox 1442 1638 1499 1702; x_wconf 93' lang='lat' dir='ltr'><strong>boe</strong></span> <span class='ocrx_word' id='word_1_97' title='bbox 1527 1640 1597 1702; x_wconf 91' lang='lat' dir='ltr'><strong>loco</strong></span> <span class='ocrx_word' id='word_1_98' title='bbox 1625 1641 1822 1704; x_wconf 89' lang='lat' dir='ltr'><strong>monebimus.</strong></span> <span class='ocrx_word' id='word_1_99' title='bbox 1868 1643 1997 1704; x_wconf 90' lang='lat' dir='ltr'><strong>Primum</strong></span> <span class='ocrx_word' id='word_1_100' title='bbox 2025 1650 2072 1705; x_wconf 92' lang='lat' dir='ltr'><strong>est</strong></span> 
     </span>
     <span class='ocr_line' id='line_1_15' title="bbox 698 1737 2071 1821; baseline 0 -18"><span class='ocrx_word' id='word_1_101' title='bbox 698 1759 824 1818; x_wconf 88' lang='lat' dir='ltr'><strong>vocem,</strong></span> <span class='ocrx_word' id='word_1_102' title='bbox 847 1739 983 1817; x_wconf 72' lang='lat' dir='ltr'><strong>transfer</strong></span> <span class='ocrx_word' id='word_1_103' title='bbox 1004 1757 1042 1801; x_wconf 89' lang='lat' dir='ltr'><strong>eo</strong></span> <span class='ocrx_word' id='word_1_104' title='bbox 1064 1740 1095 1800; x_wconf 93' lang='lat' dir='ltr'><strong>in</strong></span> <span class='ocrx_word' id='word_1_105' title='bbox 1118 1739 1254 1801; x_wconf 89' lang='lat' dir='ltr'><strong>omnibus</strong></span> <span class='ocrx_word' id='word_1_106' title='bbox 1277 1737 1407 1821; x_wconf 88' lang='lat' dir='ltr'><strong>linguis,</strong></span> <span class='ocrx_word' id='word_1_107' title='bbox 1431 1755 1491 1800; x_wconf 88' lang='lat' dir='ltr'><strong>nou</strong></span> <span class='ocrx_word' id='word_1_108' title='bbox 1512 1740 1609 1800; x_wconf 88' lang='lat' dir='ltr'><strong>minus</strong></span> <span class='ocrx_word' id='word_1_109' title='bbox 1633 1757 1721 1820; x_wconf 91' lang='lat' dir='ltr'><strong>quam</strong></span> <span class='ocrx_word' id='word_1_110' title='bbox 1737 1739 1767 1801; x_wconf 90' lang='lat' dir='ltr'><strong>in</strong></span> <span class='ocrx_word' id='word_1_111' title='bbox 1780 1739 1887 1802; x_wconf 83' lang='lat' dir='ltr'><strong>Latina</strong></span> <span class='ocrx_word' id='word_1_112' title='bbox 1900 1747 1931 1802; x_wconf 87' lang='lat' dir='ltr'><strong>et</strong></span> <span class='ocrx_word' id='word_1_113' title='bbox 1944 1738 2071 1820; x_wconf 89' lang='lat' dir='ltr'><strong>Graeca,</strong></span> 
     </span>
     <span class='ocr_line' id='line_1_16' title="bbox 698 1837 2072 1922; baseline -0.003 -20"><span class='ocrx_word' id='word_1_114' title='bbox 698 1841 847 1922; x_wconf 90' lang='lat' dir='ltr'><strong>integram</strong></span> <span class='ocrx_word' id='word_1_115' title='bbox 870 1837 1096 1920; x_wconf 78' lang='lat' dir='ltr'><strong>perfectamque</strong></span> <span class='ocrx_word' id='word_1_116' title='bbox 1120 1839 1312 1900; x_wconf 84' lang='lat' dir='ltr'><strong>mutationem</strong></span> <span class='ocrx_word' id='word_1_117' title='bbox 1335 1837 1516 1920; x_wconf 80' lang='lat' dir='ltr'><strong>significare</strong></span> <span class='ocrx_word' id='word_1_118' title='bbox 1564 1838 1608 1900; x_wconf 89' lang='lat' dir='ltr'><strong>Oe</strong></span> <span class='ocrx_word' id='word_1_119' title='bbox 1638 1837 1839 1920; x_wconf 83' lang='lat' dir='ltr'><strong>Aegyptiacis</strong></span> <span class='ocrx_word' id='word_1_120' title='bbox 1874 1839 1994 1919; x_wconf 88' lang='lat' dir='ltr'><strong>quidem</strong></span> <span class='ocrx_word' id='word_1_121' title='bbox 2024 1837 2072 1898; x_wconf 86' lang='lat' dir='ltr'><strong>la-</strong></span> 
     </span>
     <span class='ocr_line' id='line_1_17' title="bbox 698 1934 2071 2018; baseline -0.003 -16"><span class='ocrx_word' id='word_1_122' title='bbox 698 1939 756 2002; x_wconf 91' lang='lat' dir='ltr'><strong>cile</strong></span> <span class='ocrx_word' id='word_1_123' title='bbox 779 1937 809 2000; x_wconf 91' lang='lat' dir='ltr'><strong>id</strong></span> <span class='ocrx_word' id='word_1_124' title='bbox 832 1936 1056 1999; x_wconf 88' lang='lat' dir='ltr'><strong>demonstratur</strong></span> <span class='ocrx_word' id='word_1_125' title='bbox 1077 1955 1118 1999; x_wconf 87' lang='lat' dir='ltr'><strong>ex</strong></span> <span class='ocrx_word' id='word_1_126' title='bbox 1140 1934 1302 1999; x_wconf 89' lang='lat' dir='ltr'><strong>c&#39;ollatione</strong></span> <span class='ocrx_word' id='word_1_127' title='bbox 1326 1936 1477 1998; x_wconf 90' lang='lat' dir='ltr'><strong>variorum</strong></span> <span class='ocrx_word' id='word_1_128' title='bbox 1507 1937 1681 2018; x_wconf 81' lang='lat' dir='ltr'><strong>Scripturas</strong></span> <span class='ocrx_word' id='word_1_129' title='bbox 1712 1955 1819 2002; x_wconf 87' lang='lat' dir='ltr'><strong>sacrae</strong></span> <span class='ocrx_word' id='word_1_130' title='bbox 1850 1937 2003 2001; x_wconf 89' lang='lat' dir='ltr'><strong>locorum:</strong></span> <span class='ocrx_word' id='word_1_131' title='bbox 2034 1936 2071 1999; x_wconf 89' lang='lat' dir='ltr'><strong>de</strong></span> 
     </span>
     <span class='ocr_line' id='line_1_18' title="bbox 696 2035 1613 2119; baseline -0.002 -19"><span class='ocrx_word' id='word_1_132' title='bbox 696 2036 831 2100; x_wconf 88' lang='lat' dir='ltr'><strong>Arabica</strong></span> <span class='ocrx_word' id='word_1_133' title='bbox 854 2044 885 2098; x_wconf 91' lang='lat' dir='ltr'><strong>ct</strong></span> <span class='ocrx_word' id='word_1_134' title='bbox 908 2035 973 2098; x_wconf 93' lang='lat' dir='ltr'><strong>aliis</strong></span> <span class='ocrx_word' id='word_1_135' title='bbox 996 2035 1108 2119; x_wconf 86' lang='lat' dir='ltr'><strong>linguis</strong></span> <span class='ocrx_word' id='word_1_136' title='bbox 1132 2052 1230 2115; x_wconf 91' lang='lat' dir='ltr'><strong>aeque</strong></span> <span class='ocrx_word' id='word_1_137' title='bbox 1254 2042 1396 2096; x_wconf 88' lang='lat' dir='ltr'><strong>constare</strong></span> <span class='ocrx_word' id='word_1_138' title='bbox 1418 2043 1534 2097; x_wconf 91' lang='lat' dir='ltr'><strong>certum</strong></span> <span class='ocrx_word' id='word_1_139' title='bbox 1557 2045 1613 2098; x_wconf 90' lang='lat' dir='ltr'><strong>est.</strong></span> 
     </span>
    </p>

    <p class='ocr_par' dir='ltr' id='par_1_9' title="bbox 694 2133 2143 5101">
     <span class='ocr_line' id='line_1_19' title="bbox 784 2133 2073 2217; baseline -0.004 -15"><span class='ocrx_word' id='word_1_140' title='bbox 784 2134 955 2202; x_wconf 89' lang='lat' dir='ltr'><strong>Secundum</strong></span> <span class='ocrx_word' id='word_1_141' title='bbox 977 2135 1202 2198; x_wconf 88' lang='lat' dir='ltr'><strong>observationis</strong></span> <span class='ocrx_word' id='word_1_142' title='bbox 1228 2142 1352 2198; x_wconf 91' lang='lat' dir='ltr'><strong>nostrae</strong></span> <span class='ocrx_word' id='word_1_143' title='bbox 1376 2142 1482 2214; x_wconf 89' lang='lat' dir='ltr'><strong>eaput,</strong></span> <span class='ocrx_word' id='word_1_144' title='bbox 1505 2133 1667 2198; x_wconf 88' lang='lat' dir='ltr'><strong>Orationes</strong></span> <span class='ocrx_word' id='word_1_145' title='bbox 1690 2135 1773 2216; x_wconf 90' lang='lat' dir='ltr'><strong>ipsas</strong></span> <span class='ocrx_word' id='word_1_146' title='bbox 1795 2142 1957 2217; x_wconf 87' lang='lat' dir='ltr'><strong>spectatet</strong></span> <span class='ocrx_word' id='word_1_147' title='bbox 1971 2153 2073 2197; x_wconf 89' lang='lat' dir='ltr'><strong>carum</strong></span> 
     </span>
     <span class='ocr_line' id='line_1_20' title="bbox 698 2233 2073 2316; baseline -0.004 -17"><span class='ocrx_word' id='word_1_148' title='bbox 698 2236 885 2315; x_wconf 84' lang='lat' dir='ltr'><strong>efficaciam,</strong></span> <span class='ocrx_word' id='word_1_149' title='bbox 909 2235 946 2298; x_wconf 91' lang='lat' dir='ltr'><strong>de</strong></span> <span class='ocrx_word' id='word_1_150' title='bbox 970 2252 1028 2316; x_wconf 88' lang='lat' dir='ltr'><strong>qua</strong></span> <span class='ocrx_word' id='word_1_151' title='bbox 1052 2234 1180 2316; x_wconf 90' lang='lat' dir='ltr'><strong>amplior</strong></span> <span class='ocrx_word' id='word_1_152' title='bbox 1202 2234 1261 2297; x_wconf 90' lang='lat' dir='ltr'><strong>erit</strong></span> <span class='ocrx_word' id='word_1_153' title='bbox 1283 2241 1391 2314; x_wconf 85' lang='lat' dir='ltr'><strong>postea</strong></span> <span class='ocrx_word' id='word_1_154' title='bbox 1414 2233 1585 2296; x_wconf 91' lang='lat' dir='ltr'><strong>disserendi</strong></span> <span class='ocrx_word' id='word_1_155' title='bbox 1606 2234 1702 2298; x_wconf 91' lang='lat' dir='ltr'><strong>loeus.</strong></span> <span class='ocrx_word' id='word_1_156' title='bbox 1736 2235 1798 2298; x_wconf 91' lang='lat' dir='ltr'><strong>lllis</strong></span> <span class='ocrx_word' id='word_1_157' title='bbox 1821 2235 1858 2298; x_wconf 85' lang='lat' dir='ltr'><strong>ad</strong></span> <span class='ocrx_word' id='word_1_158' title='bbox 1881 2236 2073 2300; x_wconf 84' lang='lat' dir='ltr'><strong>Sacramenta</strong></span> 
     </span>
     <span class='ocr_line' id='line_1_21' title="bbox 698 2332 2073 2417; baseline -0.004 -16"><span class='ocrx_word' id='word_1_159' title='bbox 698 2337 856 2402; x_wconf 86' lang='lat' dir='ltr'><strong>efficienda</strong></span> <span class='ocrx_word' id='word_1_160' title='bbox 886 2335 1045 2417; x_wconf 88' lang='lat' dir='ltr'><strong>plurimum</strong></span> <span class='ocrx_word' id='word_1_161' title='bbox 1077 2334 1211 2396; x_wconf 91' lang='lat' dir='ltr'><strong>tribuunt</strong></span> <span class='ocrx_word' id='word_1_162' title='bbox 1241 2332 1411 2396; x_wconf 90' lang='lat' dir='ltr'><strong>Orientalcs</strong></span> <span class='ocrx_word' id='word_1_163' title='bbox 1443 2332 1608 2416; x_wconf 85' lang='lat' dir='ltr'><strong>Theologi‚</strong></span> <span class='ocrx_word' id='word_1_164' title='bbox 1638 2334 1694 2397; x_wconf 90' lang='lat' dir='ltr'><strong>sed</strong></span> <span class='ocrx_word' id='word_1_165' title='bbox 1725 2335 1806 2415; x_wconf 92' lang='lat' dir='ltr'><strong>quod</strong></span> <span class='ocrx_word' id='word_1_166' title='bbox 1841 2335 1873 2396; x_wconf 88' lang='lat' dir='ltr'><strong>in</strong></span> <span class='ocrx_word' id='word_1_167' title='bbox 1909 2334 1968 2396; x_wconf 91' lang='lat' dir='ltr'><strong>illis</strong></span> <span class='ocrx_word' id='word_1_168' title='bbox 2000 2333 2073 2396; x_wconf 87' lang='lat' dir='ltr'><strong>solis</strong></span> 
     </span>
     <span class='ocr_line' id='line_1_22' title="bbox 696 2432 2072 2512; baseline -0.007 -9"><span class='ocrx_word' id='word_1_169' title='bbox 696 2437 905 2503; x_wconf 82' lang='lat' dir='ltr'><strong>Eucharistiae</strong></span> <span class='ocrx_word' id='word_1_170' title='bbox 929 2434 1189 2498; x_wconf 89' lang='lat' dir='ltr'><strong>consecrationem</strong></span> <span class='ocrx_word' id='word_1_171' title='bbox 1211 2451 1273 2495; x_wconf 90' lang='lat' dir='ltr'><strong>non</strong></span> <span class='ocrx_word' id='word_1_172' title='bbox 1297 2434 1503 2512; x_wconf 87' lang='lat' dir='ltr'><strong>constituant,</strong></span> <span class='ocrx_word' id='word_1_173' title='bbox 1534 2434 1609 2496; x_wconf 89' lang='lat' dir='ltr'><strong>satis</strong></span> <span class='ocrx_word' id='word_1_174' title='bbox 1631 2433 1709 2496; x_wconf 89' lang='lat' dir='ltr'><strong>haee</strong></span> <span class='ocrx_word' id='word_1_175' title='bbox 1730 2451 1789 2496; x_wconf 91' lang='lat' dir='ltr'><strong>una</strong></span> <span class='ocrx_word' id='word_1_176' title='bbox 1812 2433 1954 2496; x_wconf 91' lang='lat' dir='ltr'><strong>ostendit.</strong></span> <span class='ocrx_word' id='word_1_177' title='bbox 1999 2432 2072 2494; x_wconf 90' lang='lat' dir='ltr'><strong>Nam</strong></span> 
     </span>
     <span class='ocr_line' id='line_1_23' title="bbox 698 2531 2072 2620; baseline -0.006 -19"><span class='ocrx_word' id='word_1_178' title='bbox 698 2537 833 2620; x_wconf 89' lang='lat' dir='ltr'><strong>quamvis</strong></span> <span class='ocrx_word' id='word_1_179' title='bbox 856 2541 963 2597; x_wconf 90' lang='lat' dir='ltr'><strong>oretur</strong></span> <span class='ocrx_word' id='word_1_180' title='bbox 983 2534 1078 2612; x_wconf 88' lang='lat' dir='ltr'><strong>Deus,</strong></span> <span class='ocrx_word' id='word_1_181' title='bbox 1101 2540 1133 2595; x_wconf 93' lang='lat' dir='ltr'><strong>ut</strong></span> <span class='ocrx_word' id='word_1_182' title='bbox 1155 2534 1251 2595; x_wconf 91' lang='lat' dir='ltr'><strong>mittat</strong></span> <span class='ocrx_word' id='word_1_183' title='bbox 1264 2531 1406 2612; x_wconf 89' lang='lat' dir='ltr'><strong>Spiritum</strong></span> <span class='ocrx_word' id='word_1_184' title='bbox 1428 2549 1515 2596; x_wconf 90' lang='lat' dir='ltr'><strong>suum</strong></span> <span class='ocrx_word' id='word_1_185' title='bbox 1537 2541 1673 2596; x_wconf 90' lang='lat' dir='ltr'><strong>sanctum</strong></span> <span class='ocrx_word' id='word_1_186' title='bbox 1695 2552 1788 2614; x_wconf 89' lang='lat' dir='ltr'><strong>super</strong></span> <span class='ocrx_word' id='word_1_187' title='bbox 1810 2533 1889 2596; x_wconf 89' lang='lat' dir='ltr'><strong>dona</strong></span> <span class='ocrx_word' id='word_1_188' title='bbox 1907 2533 2072 2615; x_wconf 87' lang='lat' dir='ltr'><strong>proposita,</strong></span> 
     </span>
     <span class='ocr_line' id='line_1_24' title="bbox 696 2630 2072 2713; baseline -0.004 -14"><span class='ocrx_word' id='word_1_189' title='bbox 696 2643 727 2699; x_wconf 91' lang='lat' dir='ltr'><strong>et</strong></span> <span class='ocrx_word' id='word_1_190' title='bbox 757 2653 793 2698; x_wconf 89' lang='lat' dir='ltr'><strong>ea</strong></span> <span class='ocrx_word' id='word_1_191' title='bbox 822 2640 1000 2699; x_wconf 88' lang='lat' dir='ltr'><strong>transmutet</strong></span> <span class='ocrx_word' id='word_1_192' title='bbox 1027 2633 1058 2694; x_wconf 94' lang='lat' dir='ltr'><strong>in</strong></span> <span class='ocrx_word' id='word_1_193' title='bbox 1087 2649 1198 2712; x_wconf 92' lang='lat' dir='ltr'><strong>corpus</strong></span> <span class='ocrx_word' id='word_1_194' title='bbox 1228 2639 1258 2694; x_wconf 90' lang='lat' dir='ltr'><strong>et</strong></span> <span class='ocrx_word' id='word_1_195' title='bbox 1285 2631 1464 2713; x_wconf 85' lang='lat' dir='ltr'><strong>sanguinem</strong></span> <span class='ocrx_word' id='word_1_196' title='bbox 1492 2630 1621 2709; x_wconf 90' lang='lat' dir='ltr'><strong>Christi,</strong></span> <span class='ocrx_word' id='word_1_197' title='bbox 1654 2633 1765 2696; x_wconf 91' lang='lat' dir='ltr'><strong>nemini</strong></span> <span class='ocrx_word' id='word_1_198' title='bbox 1787 2633 1866 2696; x_wconf 89' lang='lat' dir='ltr'><strong>inter</strong></span> <span class='ocrx_word' id='word_1_199' title='bbox 1890 2649 1946 2694; x_wconf 89' lang='lat' dir='ltr'><strong>eos</strong></span> <span class='ocrx_word' id='word_1_200' title='bbox 1969 2632 2072 2694; x_wconf 86' lang='lat' dir='ltr'><strong>Theo-</strong></span> 
     </span>
     <span class='ocr_line' id='line_1_25' title="bbox 695 2729 2073 2817; baseline -0.002 -21"><span class='ocrx_word' id='word_1_201' title='bbox 695 2734 769 2817; x_wconf 88' lang='lat' dir='ltr'><strong>logo</strong></span> <span class='ocrx_word' id='word_1_202' title='bbox 791 2735 874 2797; x_wconf 87' lang='lat' dir='ltr'><strong>venit</strong></span> <span class='ocrx_word' id='word_1_203' title='bbox 896 2735 928 2796; x_wconf 94' lang='lat' dir='ltr'><strong>in</strong></span> <span class='ocrx_word' id='word_1_204' title='bbox 949 2738 1105 2809; x_wconf 89' lang='lat' dir='ltr'><strong>mentem,</strong></span> <span class='ocrx_word' id='word_1_205' title='bbox 1129 2751 1169 2794; x_wconf 89' lang='lat' dir='ltr'><strong>ex</strong></span> <span class='ocrx_word' id='word_1_206' title='bbox 1192 2729 1242 2792; x_wconf 89' lang='lat' dir='ltr'><strong>illa</strong></span> <span class='ocrx_word' id='word_1_207' title='bbox 1265 2730 1401 2793; x_wconf 88' lang='lat' dir='ltr'><strong>oratione</strong></span> <span class='ocrx_word' id='word_1_208' title='bbox 1423 2731 1510 2812; x_wconf 89' lang='lat' dir='ltr'><strong>sequi</strong></span> <span class='ocrx_word' id='word_1_209' title='bbox 1533 2734 1794 2795; x_wconf 89' lang='lat' dir='ltr'><strong>consecrationem</strong></span> <span class='ocrx_word' id='word_1_210' title='bbox 1816 2731 1923 2794; x_wconf 87' lang='lat' dir='ltr'><strong>saltem</strong></span> <span class='ocrx_word' id='word_1_211' title='bbox 1945 2731 2073 2794; x_wconf 89' lang='lat' dir='ltr'><strong>inchoa-</strong></span> 
     </span>
     <span class='ocr_line' id='line_1_26' title="bbox 695 2828 2073 2915; baseline -0.003 -19"><span class='ocrx_word' id='word_1_212' title='bbox 695 2842 771 2912; x_wconf 91' lang='lat' dir='ltr'><strong>tam,</strong></span> <span class='ocrx_word' id='word_1_213' title='bbox 803 2833 940 2915; x_wconf 87' lang='lat' dir='ltr'><strong>quamvis</strong></span> <span class='ocrx_word' id='word_1_214' title='bbox 969 2830 1135 2896; x_wconf 89' lang='lat' dir='ltr'><strong>secundum</strong></span> <span class='ocrx_word' id='word_1_215' title='bbox 1170 2830 1360 2912; x_wconf 89' lang='lat' dir='ltr'><strong>antiquorum</strong></span> <span class='ocrx_word' id='word_1_216' title='bbox 1388 2831 1508 2892; x_wconf 89' lang='lat' dir='ltr'><strong>Patrurn</strong></span> <span class='ocrx_word' id='word_1_217' title='bbox 1536 2831 1721 2915; x_wconf 77' lang='lat' dir='ltr'><strong>doctrinam,</strong></span> <span class='ocrx_word' id='word_1_218' title='bbox 1752 2830 1879 2912; x_wconf 81' lang='lat' dir='ltr'><strong>credant</strong></span> <span class='ocrx_word' id='word_1_219' title='bbox 1905 2828 2073 2893; x_wconf 85' lang='lat' dir='ltr'><strong>Ecclesiam</strong></span> 
     </span>
     <span class='ocr_line' id='line_1_27' title="bbox 695 2927 2072 3012; baseline -0.004 -16"><span class='ocrx_word' id='word_1_220' title='bbox 695 2951 757 2997; x_wconf 91' lang='lat' dir='ltr'><strong>non</strong></span> <span class='ocrx_word' id='word_1_221' title='bbox 780 2933 892 2996; x_wconf 90' lang='lat' dir='ltr'><strong>lrustra</strong></span> <span class='ocrx_word' id='word_1_222' title='bbox 915 2950 1025 3009; x_wconf 88' lang='lat' dir='ltr'><strong>orare,</strong></span> <span class='ocrx_word' id='word_1_223' title='bbox 1048 2948 1230 3012; x_wconf 90' lang='lat' dir='ltr'><strong>semperque</strong></span> <span class='ocrx_word' id='word_1_224' title='bbox 1254 2927 1401 2992; x_wconf 86' lang='lat' dir='ltr'><strong>exaudiri.</strong></span> <span class='ocrx_word' id='word_1_225' title='bbox 1447 2929 1543 3012; x_wconf 86' lang='lat' dir='ltr'><strong>lgitur</strong></span> <span class='ocrx_word' id='word_1_226' title='bbox 1565 2937 1596 2992; x_wconf 91' lang='lat' dir='ltr'><strong>et</strong></span> <span class='ocrx_word' id='word_1_227' title='bbox 1619 2931 1786 2993; x_wconf 90' lang='lat' dir='ltr'><strong>orationem</strong></span> <span class='ocrx_word' id='word_1_228' title='bbox 1809 2930 1930 3006; x_wconf 91' lang='lat' dir='ltr'><strong>dieunt,</strong></span> <span class='ocrx_word' id='word_1_229' title='bbox 1953 2937 1984 2992; x_wconf 91' lang='lat' dir='ltr'><strong>et</strong></span> <span class='ocrx_word' id='word_1_230' title='bbox 2007 2947 2072 2992; x_wconf 88' lang='lat' dir='ltr'><strong>eam</strong></span> 
     </span>
     <span class='ocr_line' id='line_1_28' title="bbox 694 3028 2073 3113; baseline -0.005 -17"><span class='ocrx_word' id='word_1_231' title='bbox 694 3051 757 3097; x_wconf 92' lang='lat' dir='ltr'><strong>non</strong></span> <span class='ocrx_word' id='word_1_232' title='bbox 780 3032 893 3096; x_wconf 82' lang='lat' dir='ltr'><strong>trustra</strong></span> <span class='ocrx_word' id='word_1_233' title='bbox 916 3032 976 3094; x_wconf 91' lang='lat' dir='ltr'><strong>diei</strong></span> <span class='ocrx_word' id='word_1_234' title='bbox 998 3031 1189 3111; x_wconf 86' lang='lat' dir='ltr'><strong>existimant,</strong></span> <span class='ocrx_word' id='word_1_235' title='bbox 1212 3029 1314 3093; x_wconf 89' lang='lat' dir='ltr'><strong>securi</strong></span> <span class='ocrx_word' id='word_1_236' title='bbox 1337 3029 1375 3092; x_wconf 90' lang='lat' dir='ltr'><strong>de</strong></span> <span class='ocrx_word' id='word_1_237' title='bbox 1397 3028 1477 3092; x_wconf 92' lang='lat' dir='ltr'><strong>illius</strong></span> <span class='ocrx_word' id='word_1_238' title='bbox 1500 3029 1632 3110; x_wconf 90' lang='lat' dir='ltr'><strong>ellectu,</strong></span> <span class='ocrx_word' id='word_1_239' title='bbox 1663 3029 1783 3113; x_wconf 90' lang='lat' dir='ltr'><strong>quaudo</strong></span> <span class='ocrx_word' id='word_1_240' title='bbox 1805 3031 1902 3094; x_wconf 87' lang='lat' dir='ltr'><strong>verba</strong></span> <span class='ocrx_word' id='word_1_241' title='bbox 1924 3029 2073 3092; x_wconf 89' lang='lat' dir='ltr'><strong>dominica</strong></span> 
     </span>
     <span class='ocr_line' id='line_1_29' title="bbox 698 3131 2073 3214; baseline -0.003 -16"><span class='ocrx_word' id='word_1_242' title='bbox 698 3143 729 3198; x_wconf 92' lang='lat' dir='ltr'><strong>et</strong></span> <span class='ocrx_word' id='word_1_243' title='bbox 753 3135 851 3198; x_wconf 89' lang='lat' dir='ltr'><strong>omnia</strong></span> <span class='ocrx_word' id='word_1_244' title='bbox 873 3133 932 3196; x_wconf 90' lang='lat' dir='ltr'><strong>rite</strong></span> <span class='ocrx_word' id='word_1_245' title='bbox 956 3132 1094 3196; x_wconf 88' lang='lat' dir='ltr'><strong>facienda</strong></span> <span class='ocrx_word' id='word_1_246' title='bbox 1117 3140 1223 3196; x_wconf 88' lang='lat' dir='ltr'><strong>secuta</strong></span> <span class='ocrx_word' id='word_1_247' title='bbox 1245 3131 1369 3194; x_wconf 85' lang='lat' dir='ltr'><strong>luerint.</strong></span> <span class='ocrx_word' id='word_1_248' title='bbox 1414 3131 1482 3195; x_wconf 89' lang='lat' dir='ltr'><strong>Pari</strong></span> <span class='ocrx_word' id='word_1_249' title='bbox 1505 3150 1627 3214; x_wconf 90' lang='lat' dir='ltr'><strong>quoque</strong></span> <span class='ocrx_word' id='word_1_250' title='bbox 1649 3134 1767 3196; x_wconf 87' lang='lat' dir='ltr'><strong>ratione</strong></span> <span class='ocrx_word' id='word_1_251' title='bbox 1784 3151 1851 3196; x_wconf 86' lang='lat' dir='ltr'><strong>curn</strong></span> <span class='ocrx_word' id='word_1_252' title='bbox 1869 3131 2006 3195; x_wconf 88' lang='lat' dir='ltr'><strong>videmus</strong></span> <span class='ocrx_word' id='word_1_253' title='bbox 2020 3148 2073 3194; x_wconf 90' lang='lat' dir='ltr'><strong>eos</strong></span> 
     </span>
     <span class='ocr_line' id='line_1_30' title="bbox 697 3230 2073 3315; baseline -0.004 -19"><span class='ocrx_word' id='word_1_254' title='bbox 697 3241 770 3315; x_wconf 92' lang='lat' dir='ltr'><strong>post</strong></span> <span class='ocrx_word' id='word_1_255' title='bbox 793 3232 899 3296; x_wconf 88' lang='lat' dir='ltr'><strong>eadem</strong></span> <span class='ocrx_word' id='word_1_256' title='bbox 920 3233 1015 3295; x_wconf 86' lang='lat' dir='ltr'><strong>verba</strong></span> <span class='ocrx_word' id='word_1_257' title='bbox 1039 3234 1256 3314; x_wconf 88' lang='lat' dir='ltr'><strong>pronunciata,</strong></span> <span class='ocrx_word' id='word_1_258' title='bbox 1280 3233 1423 3295; x_wconf 85' lang='lat' dir='ltr'><strong>invocare</strong></span> <span class='ocrx_word' id='word_1_259' title='bbox 1447 3232 1589 3314; x_wconf 91' lang='lat' dir='ltr'><strong>Spiritum</strong></span> <span class='ocrx_word' id='word_1_260' title='bbox 1612 3242 1764 3314; x_wconf 89' lang='lat' dir='ltr'><strong>sanctum,</strong></span> <span class='ocrx_word' id='word_1_261' title='bbox 1794 3242 1828 3296; x_wconf 91' lang='lat' dir='ltr'><strong>ut</strong></span> <span class='ocrx_word' id='word_1_262' title='bbox 1858 3232 1964 3296; x_wconf 90' lang='lat' dir='ltr'><strong>eadem</strong></span> <span class='ocrx_word' id='word_1_263' title='bbox 1995 3230 2073 3292; x_wconf 88' lang='lat' dir='ltr'><strong>dona</strong></span> 
     </span>
     <span class='ocr_line' id='line_1_31' title="bbox 696 3331 2073 3414; baseline -0.002 -20"><span class='ocrx_word' id='word_1_264' title='bbox 696 3339 859 3397; x_wconf 90' lang='lat' dir='ltr'><strong>commutet</strong></span> <span class='ocrx_word' id='word_1_265' title='bbox 881 3350 937 3412; x_wconf 93' lang='lat' dir='ltr'><strong>per</strong></span> <span class='ocrx_word' id='word_1_266' title='bbox 959 3331 1114 3394; x_wconf 85' lang='lat' dir='ltr'><strong>efficacem</strong></span> <span class='ocrx_word' id='word_1_267' title='bbox 1138 3332 1347 3410; x_wconf 90' lang='lat' dir='ltr'><strong>operationem</strong></span> <span class='ocrx_word' id='word_1_268' title='bbox 1370 3349 1471 3412; x_wconf 91' lang='lat' dir='ltr'><strong>suam,</strong></span> <span class='ocrx_word' id='word_1_269' title='bbox 1494 3350 1556 3395; x_wconf 91' lang='lat' dir='ltr'><strong>non</strong></span> <span class='ocrx_word' id='word_1_270' title='bbox 1579 3334 1678 3396; x_wconf 89' lang='lat' dir='ltr'><strong>statim</strong></span> <span class='ocrx_word' id='word_1_271' title='bbox 1691 3333 1885 3414; x_wconf 85' lang='lat' dir='ltr'><strong>judicandum</strong></span> <span class='ocrx_word' id='word_1_272' title='bbox 1909 3338 1972 3408; x_wconf 88' lang='lat' dir='ltr'><strong>cst,</strong></span> <span class='ocrx_word' id='word_1_273' title='bbox 1996 3347 2073 3392; x_wconf 89' lang='lat' dir='ltr'><strong>con-</strong></span> 
     </span>
     <span class='ocr_line' id='line_1_32' title="bbox 700 3425 2074 3512; baseline -0.006 -17"><span class='ocrx_word' id='word_1_274' title='bbox 700 3441 786 3496; x_wconf 90' lang='lat' dir='ltr'><strong>stare</strong></span> <span class='ocrx_word' id='word_1_275' title='bbox 810 3451 852 3494; x_wconf 85' lang='lat' dir='ltr'><strong>ex</strong></span> <span class='ocrx_word' id='word_1_276' title='bbox 874 3431 924 3492; x_wconf 90' lang='lat' dir='ltr'><strong>illa</strong></span> <span class='ocrx_word' id='word_1_277' title='bbox 947 3431 1140 3494; x_wconf 88' lang='lat' dir='ltr'><strong>invocatione</strong></span> <span class='ocrx_word' id='word_1_278' title='bbox 1163 3429 1244 3510; x_wconf 90' lang='lat' dir='ltr'><strong>quod</strong></span> <span class='ocrx_word' id='word_1_279' title='bbox 1266 3448 1324 3510; x_wconf 89' lang='lat' dir='ltr'><strong>per</strong></span> <span class='ocrx_word' id='word_1_280' title='bbox 1351 3430 1568 3512; x_wconf 89' lang='lat' dir='ltr'><strong>praecedentia</strong></span> <span class='ocrx_word' id='word_1_281' title='bbox 1594 3433 1689 3495; x_wconf 87' lang='lat' dir='ltr'><strong>verba</strong></span> <span class='ocrx_word' id='word_1_282' title='bbox 1719 3431 1830 3496; x_wconf 89' lang='lat' dir='ltr'><strong>Christi</strong></span> <span class='ocrx_word' id='word_1_283' title='bbox 1856 3431 1975 3494; x_wconf 90' lang='lat' dir='ltr'><strong>Domini</strong></span> <span class='ocrx_word' id='word_1_284' title='bbox 2003 3425 2074 3489; x_wconf 94' lang='lat' dir='ltr'><strong>nihil</strong></span> 
     </span>
     <span class='ocr_line' id='line_1_33' title="bbox 697 3528 2072 3614; baseline -0.006 -18"><span class='ocrx_word' id='word_1_285' title='bbox 697 3532 840 3596; x_wconf 88' lang='lat' dir='ltr'><strong>ellectum</strong></span> <span class='ocrx_word' id='word_1_286' title='bbox 862 3529 956 3593; x_wconf 86' lang='lat' dir='ltr'><strong>luisse</strong></span> <span class='ocrx_word' id='word_1_287' title='bbox 980 3531 1171 3608; x_wconf 87' lang='lat' dir='ltr'><strong>existiment,</strong></span> <span class='ocrx_word' id='word_1_288' title='bbox 1194 3528 1303 3591; x_wconf 90' lang='lat' dir='ltr'><strong>absunt</strong></span> <span class='ocrx_word' id='word_1_289' title='bbox 1326 3531 1405 3592; x_wconf 89' lang='lat' dir='ltr'><strong>enim</strong></span> <span class='ocrx_word' id='word_1_290' title='bbox 1427 3530 1604 3614; x_wconf 86' lang='lat' dir='ltr'><strong>longissime</strong></span> <span class='ocrx_word' id='word_1_291' title='bbox 1627 3531 1665 3593; x_wconf 92' lang='lat' dir='ltr'><strong>ab</strong></span> <span class='ocrx_word' id='word_1_292' title='bbox 1687 3533 1746 3594; x_wconf 90' lang='lat' dir='ltr'><strong>ista</strong></span> <span class='ocrx_word' id='word_1_293' title='bbox 1767 3533 1927 3594; x_wconf 89' lang='lat' dir='ltr'><strong>sententia.</strong></span> <span class='ocrx_word' id='word_1_294' title='bbox 1960 3529 2072 3592; x_wconf 82' lang='lat' dir='ltr'><strong>Verum</strong></span> 
     </span>
     <span class='ocr_line' id='line_1_34' title="bbox 695 3623 2143 3712; baseline -0.006 -17"><span class='ocrx_word' id='word_1_295' title='bbox 695 3641 729 3696; x_wconf 92' lang='lat' dir='ltr'><strong>ut</strong></span> <span class='ocrx_word' id='word_1_296' title='bbox 752 3631 1033 3704; x_wconf 87' lang='lat' dir='ltr'><strong>consecrationem,</strong></span> <span class='ocrx_word' id='word_1_297' title='bbox 1056 3636 1215 3710; x_wconf 90' lang='lat' dir='ltr'><strong>antequam</strong></span> <span class='ocrx_word' id='word_1_298' title='bbox 1238 3627 1318 3691; x_wconf 90' lang='lat' dir='ltr'><strong>lacta</strong></span> <span class='ocrx_word' id='word_1_299' title='bbox 1342 3631 1461 3694; x_wconf 89' lang='lat' dir='ltr'><strong>censeri</strong></span> <span class='ocrx_word' id='word_1_300' title='bbox 1484 3637 1591 3712; x_wconf 88' lang='lat' dir='ltr'><strong>queat,</strong></span> <span class='ocrx_word' id='word_1_301' title='bbox 1614 3629 1769 3711; x_wconf 89' lang='lat' dir='ltr'><strong>postulant</strong></span> <span class='ocrx_word' id='word_1_302' title='bbox 1791 3630 1898 3693; x_wconf 88' lang='lat' dir='ltr'><strong>iisdem</strong></span> <span class='ocrx_word' id='word_1_303' title='bbox 1922 3627 2072 3692; x_wconf 88' lang='lat' dir='ltr'><strong>orationi·</strong></span> <span class='ocrx_word' id='word_1_304' title='bbox 2140 3623 2143 3628; x_wconf 85' lang='grc'><strong>’</strong></span> 
     </span>
     <span class='ocr_line' id='line_1_35' title="bbox 695 3727 2072 3812; baseline -0.005 -17"><span class='ocrx_word' id='word_1_305' title='bbox 695 3730 769 3810; x_wconf 87' lang='lat' dir='ltr'><strong>bus,</strong></span> <span class='ocrx_word' id='word_1_306' title='bbox 793 3729 902 3812; x_wconf 91' lang='lat' dir='ltr'><strong>quibus</strong></span> <span class='ocrx_word' id='word_1_307' title='bbox 926 3746 992 3792; x_wconf 90' lang='lat' dir='ltr'><strong>eam</strong></span> <span class='ocrx_word' id='word_1_308' title='bbox 1015 3727 1145 3790; x_wconf 90' lang='lat' dir='ltr'><strong>obtineri</strong></span> <span class='ocrx_word' id='word_1_309' title='bbox 1168 3735 1254 3790; x_wconf 89' lang='lat' dir='ltr'><strong>certo</strong></span> <span class='ocrx_word' id='word_1_310' title='bbox 1278 3728 1424 3808; x_wconf 90' lang='lat' dir='ltr'><strong>eredunt,</strong></span> <span class='ocrx_word' id='word_1_311' title='bbox 1447 3730 1497 3792; x_wconf 88' lang='lat' dir='ltr'><strong>ubi</strong></span> <span class='ocrx_word' id='word_1_312' title='bbox 1520 3738 1645 3812; x_wconf 87' lang='lat' dir='ltr'><strong>peracta</strong></span> <span class='ocrx_word' id='word_1_313' title='bbox 1669 3738 1738 3792; x_wconf 90' lang='lat' dir='ltr'><strong>sunt</strong></span> <span class='ocrx_word' id='word_1_314' title='bbox 1768 3748 1847 3810; x_wconf 88' lang='lat' dir='ltr'><strong>quae</strong></span> <span class='ocrx_word' id='word_1_315' title='bbox 1876 3729 1935 3792; x_wconf 90' lang='lat' dir='ltr'><strong>rite</strong></span> <span class='ocrx_word' id='word_1_316' title='bbox 1965 3727 2072 3811; x_wconf 87' lang='lat' dir='ltr'><strong>peragi</strong></span> 
     </span>
     <span class='ocr_line' id='line_1_36' title="bbox 696 3826 2073 3910; baseline -0.004 -16"><span class='ocrx_word' id='word_1_317' title='bbox 696 3831 822 3894; x_wconf 90' lang='lat' dir='ltr'><strong>debent:</strong></span> <span class='ocrx_word' id='word_1_318' title='bbox 846 3830 886 3890; x_wconf 93' lang='lat' dir='ltr'><strong>ita</strong></span> <span class='ocrx_word' id='word_1_319' title='bbox 914 3845 1024 3909; x_wconf 88' lang='lat' dir='ltr'><strong>preces</strong></span> <span class='ocrx_word' id='word_1_320' title='bbox 1047 3827 1138 3909; x_wconf 87' lang='lat' dir='ltr'><strong>plane</strong></span> <span class='ocrx_word' id='word_1_321' title='bbox 1160 3826 1273 3889; x_wconf 90' lang='lat' dir='ltr'><strong>similes</strong></span> <span class='ocrx_word' id='word_1_322' title='bbox 1304 3826 1459 3907; x_wconf 90' lang='lat' dir='ltr'><strong>adhibent,</strong></span> <span class='ocrx_word' id='word_1_323' title='bbox 1489 3830 1578 3891; x_wconf 90' lang='lat' dir='ltr'><strong>etiam</strong></span> <span class='ocrx_word' id='word_1_324' title='bbox 1608 3829 1727 3910; x_wconf 88' lang='lat' dir='ltr'><strong>quando</strong></span> <span class='ocrx_word' id='word_1_325' title='bbox 1757 3827 1808 3891; x_wconf 91' lang='lat' dir='ltr'><strong>illa</strong></span> <span class='ocrx_word' id='word_1_326' title='bbox 1838 3827 1917 3892; x_wconf 86' lang='lat' dir='ltr'><strong>lacta</strong></span> <span class='ocrx_word' id='word_1_327' title='bbox 1943 3827 2073 3909; x_wconf 90' lang='lat' dir='ltr'><strong>judicari</strong></span> 
     </span>
     <span class='ocr_line' id='line_1_37' title="bbox 698 3925 2073 4010; baseline -0.002 -18"><span class='ocrx_word' id='word_1_328' title='bbox 698 3928 804 4006; x_wconf 88' lang='lat' dir='ltr'><strong>debet,</strong></span> <span class='ocrx_word' id='word_1_329' title='bbox 826 3945 928 4009; x_wconf 89' lang='lat' dir='ltr'><strong>neque</strong></span> <span class='ocrx_word' id='word_1_330' title='bbox 952 3934 1051 3990; x_wconf 83' lang='lat' dir='ltr'><strong>temen</strong></span> <span class='ocrx_word' id='word_1_331' title='bbox 1074 3926 1189 3989; x_wconf 93' lang='lat' dir='ltr'><strong>idcirco</strong></span> <span class='ocrx_word' id='word_1_332' title='bbox 1213 3943 1280 3988; x_wconf 87' lang='lat' dir='ltr'><strong>eam</strong></span> <span class='ocrx_word' id='word_1_333' title='bbox 1303 3925 1412 3990; x_wconf 84' lang='lat' dir='ltr'><strong>lactem</strong></span> <span class='ocrx_word' id='word_1_334' title='bbox 1434 3935 1565 4010; x_wconf 88' lang='lat' dir='ltr'><strong>negant,</strong></span> <span class='ocrx_word' id='word_1_335' title='bbox 1595 3937 1646 3991; x_wconf 89' lang='lat' dir='ltr'><strong>aut</strong></span> <span class='ocrx_word' id='word_1_336' title='bbox 1669 3927 1799 3991; x_wconf 89' lang='lat' dir='ltr'><strong>eredunt</strong></span> <span class='ocrx_word' id='word_1_337' title='bbox 1820 3945 1854 3990; x_wconf 91' lang='lat' dir='ltr'><strong>se</strong></span> <span class='ocrx_word' id='word_1_338' title='bbox 1888 3945 1979 3990; x_wconf 85' lang='lat' dir='ltr'><strong>orare</strong></span> <span class='ocrx_word' id='word_1_339' title='bbox 2005 3928 2073 3989; x_wconf 90' lang='lat' dir='ltr'><strong>ina-</strong></span> 
     </span>
     <span class='ocr_line' id='line_1_38' title="bbox 697 4016 2070 4109; baseline -0.004 -18"><span class='ocrx_word' id='word_1_340' title='bbox 697 4029 795 4106; x_wconf 90' lang='lat' dir='ltr'><strong>niter,</strong></span> <span class='ocrx_word' id='word_1_341' title='bbox 830 4028 899 4109; x_wconf 90' lang='lat' dir='ltr'><strong>quia</strong></span> <span class='ocrx_word' id='word_1_342' title='bbox 934 4027 973 4089; x_wconf 92' lang='lat' dir='ltr'><strong>de</strong></span> <span class='ocrx_word' id='word_1_343' title='bbox 1005 4034 1159 4089; x_wconf 90' lang='lat' dir='ltr'><strong>momento</strong></span> <span class='ocrx_word' id='word_1_344' title='bbox 1190 4033 1414 4090; x_wconf 87' lang='lat' dir='ltr'><strong>consummatae</strong></span> <span class='ocrx_word' id='word_1_345' title='bbox 1447 4026 1675 4098; x_wconf 62' lang='lat' dir='ltr'><strong>elementorum¹</strong></span> <span class='ocrx_word' id='word_1_346' title='bbox 1689 4016 1952 4106; x_wconf 84' lang='lat' dir='ltr'><strong>consecrationis,</strong></span> <span class='ocrx_word' id='word_1_347' title='bbox 1989 4025 2070 4089; x_wconf 86' lang='lat' dir='ltr'><strong>nulla</strong></span> 
     </span>
     <span class='ocr_line' id='line_1_39' title="bbox 697 4125 2072 4210; baseline -0.004 -20"><span class='ocrx_word' id='word_1_348' title='bbox 697 4128 836 4210; x_wconf 90' lang='lat' dir='ltr'><strong>quaestio</strong></span> <span class='ocrx_word' id='word_1_349' title='bbox 859 4144 990 4208; x_wconf 92' lang='lat' dir='ltr'><strong>unquam</strong></span> <span class='ocrx_word' id='word_1_350' title='bbox 1012 4127 1167 4188; x_wconf 88' lang='lat' dir='ltr'><strong>intereos</strong></span> <span class='ocrx_word' id='word_1_351' title='bbox 1189 4125 1255 4190; x_wconf 85' lang='lat' dir='ltr'><strong>luit.</strong></span> <span class='ocrx_word' id='word_1_352' title='bbox 1279 4125 1311 4187; x_wconf 93' lang='lat' dir='ltr'><strong>ln</strong></span> <span class='ocrx_word' id='word_1_353' title='bbox 1334 4125 1422 4208; x_wconf 85' lang='lat' dir='ltr'><strong>hujus</strong></span> <span class='ocrx_word' id='word_1_354' title='bbox 1445 4135 1545 4190; x_wconf 85' lang='lat' dir='ltr'><strong>autern</strong></span> <span class='ocrx_word' id='word_1_355' title='bbox 1567 4129 1713 4190; x_wconf 89' lang='lat' dir='ltr'><strong>orationis</strong></span> <span class='ocrx_word' id='word_1_356' title='bbox 1736 4128 1900 4203; x_wconf 86' lang='lat' dir='ltr'><strong>versione,</strong></span> <span class='ocrx_word' id='word_1_357' title='bbox 1922 4125 2072 4188; x_wconf 86' lang='lat' dir='ltr'><strong>llaronita</strong></span> 
     </span>
     <span class='ocr_line' id='line_1_40' title="bbox 696 4224 2071 4309; baseline -0.003 -19"><span class='ocrx_word' id='word_1_358' title='bbox 696 4245 805 4290; x_wconf 82' lang='lat' dir='ltr'><strong>vocem</strong></span> <span class='ocrx_word' id='word_1_359' title='bbox 818 4224 987 4288; x_wconf 76' lang='lat' dir='ltr'><strong>oblationis</strong></span> <span class='ocrx_word' id='word_1_360' title='bbox 1009 4225 1135 4288; x_wconf 90' lang='lat' dir='ltr'><strong>inscruit</strong></span> <span class='ocrx_word' id='word_1_361' title='bbox 1158 4242 1245 4304; x_wconf 92' lang='lat' dir='ltr'><strong>quarn</strong></span> <span class='ocrx_word' id='word_1_362' title='bbox 1268 4231 1429 4288; x_wconf 81' lang='lat' dir='ltr'><strong>contextus</strong></span> <span class='ocrx_word' id='word_1_363' title='bbox 1437 4224 1649 4309; x_wconf 83' lang='lat' dir='ltr'><strong>Aegyptiacus</strong></span> <span class='ocrx_word' id='word_1_364' title='bbox 1672 4233 1703 4288; x_wconf 90' lang='lat' dir='ltr'><strong>et</strong></span> <span class='ocrx_word' id='word_1_365' title='bbox 1713 4224 1864 4288; x_wconf 88' lang='lat' dir='ltr'><strong>Arabicus</strong></span> <span class='ocrx_word' id='word_1_366' title='bbox 1888 4241 1949 4286; x_wconf 90' lang='lat' dir='ltr'><strong>non</strong></span> <span class='ocrx_word' id='word_1_367' title='bbox 1972 4242 2071 4308; x_wconf 88' lang='lat' dir='ltr'><strong>agno-</strong></span> 
     </span>
     <span class='ocr_line' id='line_1_41' title="bbox 696 4314 2071 4406; baseline -0.004 -17"><span class='ocrx_word' id='word_1_368' title='bbox 696 4335 795 4390; x_wconf 88' lang='lat' dir='ltr'><strong>scunt.</strong></span> <span class='ocrx_word' id='word_1_369' title='bbox 817 4314 985 4388; x_wconf 80' lang='lat' dir='ltr'><strong>Notandum</strong></span> <span class='ocrx_word' id='word_1_370' title='bbox 1008 4341 1130 4406; x_wconf 90' lang='lat' dir='ltr'><strong>quoque</strong></span> <span class='ocrx_word' id='word_1_371' title='bbox 1153 4324 1211 4386; x_wconf 91' lang='lat' dir='ltr'><strong>boc</strong></span> <span class='ocrx_word' id='word_1_372' title='bbox 1234 4324 1320 4403; x_wconf 92' lang='lat' dir='ltr'><strong>loco,</strong></span> <span class='ocrx_word' id='word_1_373' title='bbox 1344 4333 1377 4388; x_wconf 93' lang='lat' dir='ltr'><strong>ut</strong></span> <span class='ocrx_word' id='word_1_374' title='bbox 1399 4325 1430 4387; x_wconf 93' lang='lat' dir='ltr'><strong>in</strong></span> <span class='ocrx_word' id='word_1_375' title='bbox 1453 4324 1550 4388; x_wconf 89' lang='lat' dir='ltr'><strong>multis</strong></span> <span class='ocrx_word' id='word_1_376' title='bbox 1573 4324 1639 4387; x_wconf 88' lang='lat' dir='ltr'><strong>aliis</strong></span> <span class='ocrx_word' id='word_1_377' title='bbox 1661 4324 1789 4387; x_wconf 89' lang='lat' dir='ltr'><strong>istomm</strong></span> <span class='ocrx_word' id='word_1_378' title='bbox 1805 4323 1979 4387; x_wconf 84' lang='lat' dir='ltr'><strong>Officiorum</strong></span> <span class='ocrx_word' id='word_1_379' title='bbox 1995 4323 2071 4386; x_wconf 90' lang='lat' dir='ltr'><strong>loeis</strong></span> 
     </span>
     <span class='ocr_line' id='line_1_42' title="bbox 696 4423 2071 4506; baseline -0.003 -18"><span class='ocrx_word' id='word_1_380' title='bbox 696 4443 862 4488; x_wconf 89' lang='lat' dir='ltr'><strong>occurrere</strong></span> <span class='ocrx_word' id='word_1_381' title='bbox 885 4441 992 4488; x_wconf 90' lang='lat' dir='ltr'><strong>vocem</strong></span> <span class='ocrx_word' id='word_1_382' title='bbox 1012 4425 1194 4505; x_wconf 74' lang='lat' dir='ltr'><strong>purificare,</strong></span> <span class='ocrx_word' id='word_1_383' title='bbox 1218 4431 1250 4487; x_wconf 91' lang='lat' dir='ltr'><strong>et</strong></span> <span class='ocrx_word' id='word_1_384' title='bbox 1272 4443 1339 4488; x_wconf 90' lang='lat' dir='ltr'><strong>oum</strong></span> <span class='ocrx_word' id='word_1_385' title='bbox 1361 4423 1419 4488; x_wconf 91' lang='lat' dir='ltr'><strong>alia</strong></span> <span class='ocrx_word' id='word_1_386' title='bbox 1442 4442 1511 4488; x_wconf 91' lang='lat' dir='ltr'><strong>esso</strong></span> <span class='ocrx_word' id='word_1_387' title='bbox 1534 4425 1724 4506; x_wconf 87' lang='lat' dir='ltr'><strong>conjunctam</strong></span> <span class='ocrx_word' id='word_1_388' title='bbox 1754 4429 1908 4505; x_wconf 79' lang='lat' dir='ltr'><strong>quaeest</strong></span> <span class='ocrx_word' id='word_1_389' title='bbox 1934 4423 2071 4502; x_wconf 74' lang='lat' dir='ltr'><strong>runedfi-</strong></span> 
     </span>
     <span class='ocr_line' id='line_1_43' title="bbox 697 4522 2071 4608; baseline -0.004 -21"><span class='ocrx_word' id='word_1_390' title='bbox 697 4543 789 4599; x_wconf 87' lang='lat' dir='ltr'><strong>cerc,·</strong></span> <span class='ocrx_word' id='word_1_391' title='bbox 811 4542 938 4606; x_wconf 90' lang='lat' dir='ltr'><strong>quarum</strong></span> <span class='ocrx_word' id='word_1_392' title='bbox 961 4523 1141 4608; x_wconf 84' lang='lat' dir='ltr'><strong>significatio</strong></span> <span class='ocrx_word' id='word_1_393' title='bbox 1163 4522 1254 4586; x_wconf 87' lang='lat' dir='ltr'><strong>valde</strong></span> <span class='ocrx_word' id='word_1_394' title='bbox 1276 4525 1413 4605; x_wconf 89' lang='lat' dir='ltr'><strong>proxima</strong></span> <span class='ocrx_word' id='word_1_395' title='bbox 1436 4531 1500 4601; x_wconf 91' lang='lat' dir='ltr'><strong>est,</strong></span> <span class='ocrx_word' id='word_1_396' title='bbox 1530 4525 1556 4586; x_wconf 93' lang='lat' dir='ltr'><strong>si</strong></span> <span class='ocrx_word' id='word_1_397' title='bbox 1583 4541 1645 4586; x_wconf 88' lang='lat' dir='ltr'><strong>non</strong></span> <span class='ocrx_word' id='word_1_398' title='bbox 1672 4523 1763 4605; x_wconf 88' lang='lat' dir='ltr'><strong>plane</strong></span> <span class='ocrx_word' id='word_1_399' title='bbox 1785 4522 1908 4600; x_wconf 89' lang='lat' dir='ltr'><strong>eadem,</strong></span> <span class='ocrx_word' id='word_1_400' title='bbox 1937 4530 1970 4584; x_wconf 93' lang='lat' dir='ltr'><strong>ut</strong></span> <span class='ocrx_word' id='word_1_401' title='bbox 1998 4539 2071 4585; x_wconf 88' lang='lat' dir='ltr'><strong>sana</strong></span> 
     </span>
     <span class='ocr_line' id='line_1_44' title="bbox 695 4619 2075 4706; baseline -0.004 -19"><span class='ocrx_word' id='word_1_402' title='bbox 695 4641 823 4706; x_wconf 87' lang='lat' dir='ltr'><strong>prorsus</strong></span> <span class='ocrx_word' id='word_1_403' title='bbox 846 4625 952 4687; x_wconf 88' lang='lat' dir='ltr'><strong>eadem</strong></span> <span class='ocrx_word' id='word_1_404' title='bbox 975 4631 1022 4687; x_wconf 90' lang='lat' dir='ltr'><strong>est</strong></span> <span class='ocrx_word' id='word_1_405' title='bbox 1044 4623 1166 4686; x_wconf 84' lang='lat' dir='ltr'><strong>infinitis</strong></span> <span class='ocrx_word' id='word_1_406' title='bbox 1188 4623 1282 4686; x_wconf 90' lang='lat' dir='ltr'><strong>loeis:</strong></span> <span class='ocrx_word' id='word_1_407' title='bbox 1306 4631 1339 4685; x_wconf 90' lang='lat' dir='ltr'><strong>ut</strong></span> <span class='ocrx_word' id='word_1_408' title='bbox 1361 4643 1427 4686; x_wconf 90' lang='lat' dir='ltr'><strong>cum</strong></span> <span class='ocrx_word' id='word_1_409' title='bbox 1451 4623 1559 4685; x_wconf 90' lang='lat' dir='ltr'><strong>dicitur</strong></span> <span class='ocrx_word' id='word_1_410' title='bbox 1579 4641 1662 4702; x_wconf 85' lang='lat' dir='ltr'><strong>pura</strong></span> <span class='ocrx_word' id='word_1_411' title='bbox 1683 4632 1713 4684; x_wconf 84' lang='lat' dir='ltr'><strong>et</strong></span> <span class='ocrx_word' id='word_1_412' title='bbox 1733 4630 1842 4685; x_wconf 82' lang='lat' dir='ltr'><strong>saneta</strong></span> <span class='ocrx_word' id='word_1_413' title='bbox 1862 4621 1984 4683; x_wconf 77' lang='lat' dir='ltr'><strong>ldma&#39;u:</strong></span> <span class='ocrx_word' id='word_1_414' title='bbox 2004 4619 2075 4702; x_wconf 78' lang='lat' dir='ltr'><strong>piari</strong></span> 
     </span>
     <span class='ocr_line' id='line_1_45' title="bbox 697 4721 2073 4805; baseline -0.003 -20"><span class='ocrx_word' id='word_1_415' title='bbox 697 4731 728 4785; x_wconf 86' lang='lat' dir='ltr'><strong>ct</strong></span> <span class='ocrx_word' id='word_1_416' title='bbox 747 4725 849 4786; x_wconf 73' lang='lat' dir='ltr'><strong>cuncti</strong></span> <span class='ocrx_word' id='word_1_417' title='bbox 868 4721 1015 4803; x_wconf 78' lang='lat' dir='ltr'><strong>Apostoli.</strong></span> <span class='ocrx_word' id='word_1_418' title='bbox 1060 4723 1105 4785; x_wconf 94' lang='lat' dir='ltr'><strong>lta</strong></span> <span class='ocrx_word' id='word_1_419' title='bbox 1127 4724 1240 4804; x_wconf 88' lang='lat' dir='ltr'><strong>quippe</strong></span> <span class='ocrx_word' id='word_1_420' title='bbox 1262 4723 1447 4805; x_wconf 90' lang='lat' dir='ltr'><strong>interpretes</strong></span> <span class='ocrx_word' id='word_1_421' title='bbox 1469 4730 1591 4785; x_wconf 89' lang='lat' dir='ltr'><strong>vertunt</strong></span> <span class='ocrx_word' id='word_1_422' title='bbox 1612 4721 1838 4802; x_wconf 88' lang='lat' dir='ltr'><strong>utplurimum,</strong></span> <span class='ocrx_word' id='word_1_423' title='bbox 1862 4721 1998 4804; x_wconf 83' lang='lat' dir='ltr'><strong>origines</strong></span> <span class='ocrx_word' id='word_1_424' title='bbox 2014 4736 2073 4800; x_wconf 93' lang='lat' dir='ltr'><strong>po-</strong></span> 
     </span>
     <span class='ocr_line' id='line_1_46' title="bbox 696 4820 2074 4902; baseline -0.002 -20"><span class='ocrx_word' id='word_1_425' title='bbox 696 4823 756 4883; x_wconf 89' lang='lat' dir='ltr'><strong>tius</strong></span> <span class='ocrx_word' id='word_1_426' title='bbox 779 4823 946 4898; x_wconf 88' lang='lat' dir='ltr'><strong>nominum,</strong></span> <span class='ocrx_word' id='word_1_427' title='bbox 970 4840 1057 4902; x_wconf 89' lang='lat' dir='ltr'><strong>quam</strong></span> <span class='ocrx_word' id='word_1_428' title='bbox 1080 4821 1215 4902; x_wconf 90' lang='lat' dir='ltr'><strong>ipsorum</strong></span> <span class='ocrx_word' id='word_1_429' title='bbox 1237 4822 1297 4883; x_wconf 91' lang='lat' dir='ltr'><strong>vim</strong></span> <span class='ocrx_word' id='word_1_430' title='bbox 1320 4831 1351 4885; x_wconf 94' lang='lat' dir='ltr'><strong>et</strong></span> <span class='ocrx_word' id='word_1_431' title='bbox 1378 4841 1464 4884; x_wconf 90' lang='lat' dir='ltr'><strong>nsum</strong></span> <span class='ocrx_word' id='word_1_432' title='bbox 1494 4820 1695 4885; x_wconf 90' lang='lat' dir='ltr'><strong>attendentes.</strong></span> <span class='ocrx_word' id='word_1_433' title='bbox 1746 4820 1822 4882; x_wconf 87' lang='lat' dir='ltr'><strong>Nam</strong></span> <span class='ocrx_word' id='word_1_434' title='bbox 1851 4827 1885 4882; x_wconf 89' lang='lat' dir='ltr'><strong>ut</strong></span> <span class='ocrx_word' id='word_1_435' title='bbox 1918 4820 2074 4900; x_wconf 90' lang='lat' dir='ltr'><strong>proprium</strong></span> 
     </span>
     <span class='ocr_line' id='line_1_47' title="bbox 695 4905 2073 5013; baseline -0.004 -27"><span class='ocrx_word' id='word_1_436' title='bbox 695 4929 782 5013; x_wconf 64' lang='lat' dir='ltr'><strong>tt&#39;q&#39;n</strong></span> <span class='ocrx_word' id='word_1_437' title='bbox 806 4929 837 4983; x_wconf 91' lang='lat' dir='ltr'><strong>et</strong></span> <span class='ocrx_word' id='word_1_438' title='bbox 862 4919 900 4982; x_wconf 91' lang='lat' dir='ltr'><strong>ab</strong></span> <span class='ocrx_word' id='word_1_439' title='bbox 928 4937 965 4982; x_wconf 91' lang='lat' dir='ltr'><strong>eo</strong></span> <span class='ocrx_word' id='word_1_440' title='bbox 995 4919 1130 4982; x_wconf 90' lang='lat' dir='ltr'><strong>derivata</strong></span> <span class='ocrx_word' id='word_1_441' title='bbox 1153 4939 1194 4982; x_wconf 87' lang='lat' dir='ltr'><strong>ex</strong></span> <span class='ocrx_word' id='word_1_442' title='bbox 1216 4918 1356 4984; x_wconf 88' lang='lat' dir='ltr'><strong>llebraea</strong></span> <span class='ocrx_word' id='word_1_443' title='bbox 1379 4921 1482 5005; x_wconf 88' lang='lat' dir='ltr'><strong>lingua</strong></span> <span class='ocrx_word' id='word_1_444' title='bbox 1510 4921 1635 5003; x_wconf 90' lang='lat' dir='ltr'><strong>proprie</strong></span> <span class='ocrx_word' id='word_1_445' title='bbox 1648 4905 1796 5002; x_wconf 73' lang='grc' dir='ltr'><strong>ἁγιάζων</strong></span> <span class='ocrx_word' id='word_1_446' title='bbox 1808 4917 1990 5003; x_wconf 86' lang='lat' dir='ltr'><strong>significant,</strong></span> <span class='ocrx_word' id='word_1_447' title='bbox 2015 4926 2073 4980; x_wconf 87' lang='lat' dir='ltr'><strong>tam</strong></span> 
     </span>
     <span class='ocr_line' id='line_1_48' title="bbox 695 5018 2074 5101; baseline 0 -22"><span class='ocrx_word' id='word_1_448' title='bbox 695 5018 727 5080; x_wconf 90' lang='lat' dir='ltr'><strong>in</strong></span> <span class='ocrx_word' id='word_1_449' title='bbox 749 5019 882 5084; x_wconf 89' lang='lat' dir='ltr'><strong>Arabica</strong></span> <span class='ocrx_word' id='word_1_450' title='bbox 905 5037 994 5100; x_wconf 92' lang='lat' dir='ltr'><strong>qnam</strong></span> <span class='ocrx_word' id='word_1_451' title='bbox 1016 5019 1048 5081; x_wconf 93' lang='lat' dir='ltr'><strong>in</strong></span> <span class='ocrx_word' id='word_1_452' title='bbox 1070 5019 1196 5101; x_wconf 83' lang='lat' dir='ltr'><strong>Syriaca</strong></span> <span class='ocrx_word' id='word_1_453' title='bbox 1217 5025 1248 5081; x_wconf 91' lang='lat' dir='ltr'><strong>et</strong></span> <span class='ocrx_word' id='word_1_454' title='bbox 1277 5019 1359 5100; x_wconf 90' lang='lat' dir='ltr'><strong>aliis,</strong></span> <span class='ocrx_word' id='word_1_455' title='bbox 1382 5021 1422 5084; x_wconf 86' lang='lat' dir='ltr'><strong>ita</strong></span> <span class='ocrx_word' id='word_1_456' title='bbox 1445 5018 1494 5084; x_wconf 87' lang='lat' dir='ltr'><strong>illa</strong></span> <span class='ocrx_word' id='word_1_457' title='bbox 1523 5027 1599 5090; x_wconf 54' lang='lat' dir='ltr'><strong>mtto</strong></span> <span class='ocrx_word' id='word_1_458' title='bbox 1635 5037 1713 5100; x_wconf 90' lang='lat' dir='ltr'><strong>quae</strong></span> <span class='ocrx_word' id='word_1_459' title='bbox 1742 5018 1867 5100; x_wconf 89' lang='lat' dir='ltr'><strong>proprie</strong></span> <span class='ocrx_word' id='word_1_460' title='bbox 1895 5019 2074 5097; x_wconf 74' lang='lat' dir='ltr'><strong>purificare,</strong></span> 
     </span>
    </p>
   </div>
   <div class='ocr_carea' id='block_1_9' title="bbox 651 5114 2073 5202">
    <p class='ocr_par' dir='ltr' id='par_1_10' title="bbox 651 5114 2073 5202">
     <span class='ocr_line' id='line_1_49' title="bbox 651 5114 2073 5202; baseline -0.001 -24"><span class='ocrx_word' id='word_1_461' title='bbox 651 5147 657 5157; x_wconf 44' lang='grc' dir='ltr'>ι</span> <span class='ocrx_word' id='word_1_462' title='bbox 695 5119 901 5199; x_wconf 87' lang='lat' dir='ltr'><strong>mundareque</strong></span> <span class='ocrx_word' id='word_1_463' title='bbox 924 5117 1093 5201; x_wconf 83' lang='lat' dir='ltr'><strong>significat,</strong></span> <span class='ocrx_word' id='word_1_464' title='bbox 1117 5117 1225 5182; x_wconf 89' lang='lat' dir='ltr'><strong>eodem</strong></span> <span class='ocrx_word' id='word_1_465' title='bbox 1248 5137 1340 5183; x_wconf 87' lang='lat' dir='ltr'><strong>sensu</strong></span> <span class='ocrx_word' id='word_1_466' title='bbox 1361 5137 1490 5202; x_wconf 88' lang='lat' dir='ltr'><strong>prorsus</strong></span> <span class='ocrx_word' id='word_1_467' title='bbox 1513 5119 1661 5200; x_wconf 87' lang='lat' dir='ltr'><strong>accipitur</strong></span> <span class='ocrx_word' id='word_1_468' title='bbox 1676 5120 1706 5180; x_wconf 90' lang='lat' dir='ltr'><strong>iu</strong></span> <span class='ocrx_word' id='word_1_469' title='bbox 1723 5119 1862 5181; x_wconf 90' lang='lat' dir='ltr'><strong>omnibus</strong></span> <span class='ocrx_word' id='word_1_470' title='bbox 1880 5114 1965 5178; x_wconf 89' lang='lat' dir='ltr'><strong>libris</strong></span> <span class='ocrx_word' id='word_1_471' title='bbox 1981 5115 2073 5201; x_wconf 83' lang='lat' dir='ltr'><strong>Chri-</strong></span> 
     </span>
    </p>
   </div>
   <div class='ocr_carea' id='block_1_10' title="bbox 0 0 2344 6036">
    <p class='ocr_par' dir='ltr' id='par_1_11' title="bbox 0 0 2344 6036">
     <span class='ocr_line' id='line_1_50' title="bbox 0 0 2344 6036; baseline 0 0"><span class='ocrx_word' id='word_1_472' title='bbox 0 0 2344 6036; x_wconf 95' lang='lat' dir='ltr'><strong> </strong></span> 
     </span>
    </p>
   </div>
  </div>
 </body>
</html>
