4670 6046
650 595 727 668 254
1124 591 1555 686 COMMENTARIUS

651 778 823 853 divinitate,
856 795 913 858 qua
943 777 1061 839 ratione
1091 777 1271 840 confitentur
1293 773 1432 856 Coptitae
1461 793 1521 840 non
1552 778 1640 841 modo
1671 796 1781 858 corpus
1813 776 1940 854 Christi,
1968 777 2028 840 sed

651 879 777 938 animam
800 894 866 937 cum
889 873 1044 936 divinitate
1065 874 1296 937 inEucharistia
1318 891 1399 946 esse,
1423 892 1501 955 quae
1524 875 1661 938 doctrina
1684 875 1790 938 eadem
1812 885 1859 938 est
1882 894 1918 938 ao
1941 874 2027 938 Con-

333 963 710 1034 ·cm.titd.8m.13.0qp
735 974 912 1036 Tridentini.
963 971 1112 1045 Quantum
1138 991 1232 1054 porro
1267 971 1535 1034 incommodaverit
1568 972 1799 1036 Protestantium
1833 973 2026 1054 opinionibus

651 1081 709 1135 tam
733 1072 860 1153 insignis
888 1088 1100 1152 expressaque
1131 1070 1309 1148 Confessio,
1339 1087 1398 1132 non
1426 1071 1537 1150 potiori
1569 1080 1747 1156 argumento
1776 1071 1896 1134 ostendi
1924 1079 2026 1153 potest

651 1187 739 1250 quam
762 1168 907 1246 salmasii,
930 1168 1141 1250 Albertinique
1164 1177 1194 1231 et
1218 1169 1343 1231 aliorum
1366 1168 1495 1232 silentio.

349 1266 476 1320 albertini
490 1276 516 1320 et
530 1268 636 1320 aliorum
738 1268 828 1330 Extat
850 1267 925 1328 haec
947 1268 1012 1347 ipsa
1035 1275 1103 1329 ante
1128 1284 1221 1328 annos
1245 1275 1364 1329 centum
1388 1274 1417 1328 et
1440 1269 1599 1349 sexaginta
1623 1288 1662 1330 ex
1685 1268 1867 1348 Aethiopico
1890 1267 1970 1329 edita
1994 1268 2026 1328 in

328 1354 354 1448 ¹¹3
381 1353 432 1449 ‚¹¹⁸⁰
467 1353 775 1432 0⁰¹¹i⁰³³i⁰¹¹⁰cm0ne
798 1364 940 1428 Generali
963 1363 1162 1445 Aethiopum,
1186 1373 1217 1427 et
1239 1366 1269 1426 in
1294 1365 1442 1427 Versione
1466 1366 1554 1428 trium
1585 1364 1776 1446 Copticarum
1806 1364 2024 1447 liturgiarum:

327 1437 525 1504 ⁶¹⁵⁸¹¹¹¹¹¹¹⁸¹¹d⁸'
571 1441 636 1492 ”¹³¹⁰
650 1465 730 1528 nulla
754 1464 792 1526 de
815 1465 880 1544 ejus
904 1481 997 1526 sensu
1021 1465 1230 1527 controversia
1253 1462 1325 1541 luit,
1355 1480 1422 1523 nam
1445 1462 1538 1525 verba
1560 1464 1780 1545 simplicissima
1810 1471 1896 1542 sunt,
1926 1463 2025 1526 nullus

327 1520 400 1573 Μ’
433 1581 439 1590 ’
649 1574 750 1629 tamen
773 1578 877 1624 eorum
900 1559 938 1640 dc
953 1580 998 1626 ‚ea
1020 1561 1139 1623 locutus
1154 1561 1315 1642 reperitur,
1340 1577 1400 1623 nou
1415 1560 1590 1639 Salmasius,
1613 1563 1664 1642 qui
1687 1563 1768 1642 ipsas
1792 1560 1935 1642 Copticas
1958 1561 2023 1624 icr-

650 1662 745 1724 mulas
769 1648 827 1721 lam
849 1658 980 1742 maligne
1002 1659 1164 1722 vellicavit.
1197 1658 1324 1738 Nempe,
1348 1676 1446 1740 neque
1470 1658 1500 1721 id
1524 1667 1638 1722 temere
1661 1680 1678 1722 a
1703 1660 1789 1722 nobis
1813 1658 1931 1739 dicitur,
1955 1661 2026 1740 quia

649 1761 855 1823 Protestantes
886 1758 1108 1820 commentariis
1137 1756 1216 1817 illam
1239 1756 1302 1819 suis
1324 1757 1459 1838 torqueri
1480 1757 1516 1819 ad
1530 1759 1708 1820 sententiam
1732 1775 1815 1819 suam
1838 1776 1942 1840 posse,
1966 1758 2026 1822 de-

651 1864 860 1939 speraverunt.
906 1855 983 1929 Quid
1007 1858 1085 1919 enim
1099 1855 1182 1938 fingi,
1207 1856 1277 1936 quid
1292 1857 1460 1937 excogitari
1474 1865 1565 1936 queat
1586 1859 1682 1938 magis
1706 1856 1834 1919 alienum
1857 1858 1895 1920 ab
1918 1876 2023 1920 eorum

650 1955 845 2032 novitatibus,
869 1956 1048 2035 praesertim
1072 1954 1219 2035 adjunctis
1241 1953 1348 2015 ritibus
1372 1955 1423 2034 qui
1445 1955 1504 2014 vim
1528 1955 1593 2036 ejus
1616 1955 1838 2018 determinant?
1861 1956 1894 2017 lu
1917 1955 2024 2018 latina

650 2054 789 2116 Ecclesia
811 2052 883 2115 nihil
906 2053 983 2130 tale,
1014 2053 1072 2114 etsi
1100 2052 1190 2114 realis
1218 2053 1410 2132 praesentiae
1444 2051 1519 2128 sides
1547 2053 1715 2116 certissime
1745 2061 1894 2119 teneatur.
1948 2053 2024 2116 Nam

653 2170 721 2214 cum
744 2152 895 2216 Sacerdos
919 2152 1000 2228 dicit,
1024 2151 1187 2213 ostendens
1216 2149 1450 2224 Eucharistiam,
1480 2150 1562 2212 Ecce
1583 2150 1687 2231 Aquas
1708 2150 1782 2226 bei,
1810 2160 1864 2214 etc.
1897 2161 1927 2214 et
1958 2171 2025 2216 eam

650 2247 874 2312 distribuendo:
910 2249 1027 2329 Corpus
1048 2251 1172 2311 Domini
1192 2251 1289 2310 ausui
1309 2247 1384 2309 desa
1408 2247 1522 2310 Cbristi
1543 2250 1695 2311 mutodiot
1723 2251 1856 2311 animam
1884 2259 1967 2312 mam
1992 2254 2026 2312 in

650 2351 744 2409 vitam
767 2357 932 2410 aetenam.
956 2347 1065 2410 Amor:
1087 2346 1159 2411 nihil
1183 2356 1241 2409 tarn
1265 2364 1412 2427 expresse
1435 2345 1600 2429 significat,
1629 2347 1709 2428 quod
1738 2347 1945 2428 metaphorice
1975 2351 2025 2410 in-

652 2445 812 2526 terpretari
836 2447 1042 2510 Protestantes
1065 2465 1126 2509 uon
1149 2445 1276 2510 soleant.
1301 2437 1343 2507 lta
1366 2463 1423 2527 per
1445 2445 1565 2528 insigne
1587 2445 1705 2508 divinae
1729 2445 1940 2527 providentiae
1966 2450 2026 2510 mi-

652 2544 805 2621 raculum,
828 2544 886 2606 illis
910 2547 938 2606 in
962 2544 1109 2608 Ecclesiis
1133 2564 1210 2625 quae
1240 2545 1400 2606 schismate
1428 2552 1459 2605 et
1488 2543 1606 2606 haeresi
1638 2544 1834 2609 acatholica
1864 2556 2024 2628 separatae

651 2650 735 2720 sunt,
759 2661 814 2719 nc,
838 2651 871 2704 ut
892 2643 949 2705 bac
972 2651 1071 2705 aetate
1096 2643 1205 2705 lactum
1229 2650 1292 2721 est,
1317 2641 1446 2704 dubitari
1469 2650 1575 2722 posset
1598 2643 1636 2705 de
1659 2642 1774 2704 illarum
1798 2643 1880 2706 circa
1902 2645 2026 2707 Eucha-

651 2741 764 2803 ristiam
788 2741 864 2819 lide,
898 2741 986 2822 plura
1010 2743 1178 2803 testimonia
1211 2740 1289 2804 illius
1319 2747 1550 2819 remanserunt,
1581 2760 1669 2822 quam
1703 2741 1734 2802 in
1764 2741 1829 2820 ipsa
1861 2740 2024 2806 Catholici.

651 2839 730 2901 Nihil
753 2841 865 2921 quippe
889 2841 919 2900 in
943 2839 1067 2902 Canone
1090 2841 1240 2918 Romano,
1264 2839 1335 2902 nihil
1359 2841 1388 2902 iu
1411 2840 1555 2920 precibus
1577 2839 1698 2921 publica
1721 2841 1880 2902 autoritate
1909 2848 1940 2902 et
1967 2860 2025 2904 an-

651 2938 733 3018 tiqua
756 2937 960 3016 Ecclesiamm
985 2939 1141 3020 disciplina
1165 2939 1356 3016 confirmatis,
1380 2939 1460 3019 apud
1482 2956 1539 3001 nos
1563 2938 1670 3001 estad
1693 2939 1920 3003 contestandam
1935 2941 2024 3003 tidem

651 3034 689 3097 de
712 3037 899 3099 Eucharistia
922 3023 1067 3117 nostram,
1089 3039 1169 3119 quod
1193 3041 1223 3101 in
1246 3039 1374 3101 alienum
1398 3057 1521 3100 sensum
1546 3057 1562 3098 a
1586 3037 1826 3101 Protestantibus
1850 3036 2024 3119 detorqueri

652 3152 712 3196 non
735 3136 842 3200 soleat.
867 3136 979 3199 Contra
1002 3138 1031 3198 in
1055 3137 1258 3200 Orientalibus
1280 3138 1427 3228 Ecclesiis
1447 3136 1526 3224 tales
1549 3144 1712 3217 supersunt
1729 3135 1882 3197 orationes
1901 3145 1930 3198 et
1949 3157 2024 3200 cae-

652 3233 822 3313 remoniae,
846 3253 923 3316 quae
946 3253 1050 3299 omnes
1074 3236 1191 3299 illorum
1214 3238 1348 3299 rationes
1371 3238 1411 3297 ita
1427 3235 1622 3313 conturbant,
1648 3244 1679 3297 ut
1696 3251 1815 3297 sensum
1834 3233 1922 3297 albim
1937 3254 2025 3316 quam

652 3330 744 3394 realis
767 3334 956 3413 praesentiae
979 3335 1069 3415 plane
1091 3334 1258 3418 refugiant3
1283 3341 1313 3396 et
1334 3335 1414 3396 inter
1437 3351 1541 3396 omnes
1564 3335 1730 3415 praecipue
1752 3331 1828 3394 haec
1853 3331 2025 3411 Confessio,

652 3448 730 3511 quae
753 3430 846 3515 longe
868 3433 955 3513 plura
978 3435 1112 3496 continet
1135 3453 1224 3515 quam
1246 3433 1454 3514 praescriptae
1477 3431 1663 3514 Berengario
1687 3441 1717 3494 et
1740 3422 1827 3511 aliis,
1845 3432 1883 3494 de
1899 3451 2024 3514 quorum

651 3527 710 3592 lide
733 3530 932 3596 dubitabatur.

354 3621 420 3682 Quid
434 3623 557 3676 adversus
571 3623 638 3676 ittam
745 3629 914 3710 Superesse
944 3649 1031 3694 unam
1063 3628 1228 3712 eilugiendi
1257 3628 1403 3690 rationem
1431 3627 1584 3708 videmus,
1616 3647 1674 3710 qua
1704 3637 1761 3691 tarn
1789 3629 1876 3692 facile
1906 3639 2026 3713 tamque

225 3766 231 3776 ·
329 3705 522 3804 ⁰⁰¹¹f⁰⁸⁸¹⁰¹¹⁰¹¹¹
562 3709 639 3775 objici
652 3728 847 3791 immoderate
871 3730 952 3792 abuti
974 3729 1091 3806 solent,
1115 3737 1147 3791 ut
1168 3735 1315 3791 revocent
1338 3729 1366 3788 in
1390 3726 1509 3788 dubium
1533 3731 1721 3790 autoritatem
1745 3728 1823 3790 illius
1847 3729 2025 3792 Confessio-

328 3800 415 3858 ΡΜ·
652 3828 717 3906 nis,
750 3827 896 3889 adversus
928 3845 1015 3909 quam
1049 3835 1148 3889 tamen
1175 3846 1215 3889 nc
1245 3826 1385 3907 speciosa
1416 3824 1534 3905 quidem
1566 3826 1695 3906 objectio
1727 3826 1791 3889 fieri
1821 3828 1882 3890 ulla
1912 3835 2022 3908 potest.

651 3925 725 3988 Nam
749 3925 873 3988 meridie
897 3926 1001 3988 lucere
1022 3933 1164 4010 negaret,
1189 3927 1239 4007 qui
1261 3924 1416 4008 liturgiae
1439 3925 1524 3987 istius
1552 3933 1723 4006 suspectam
1753 3924 1880 3989 haberet
1908 3927 2024 3988 verita-

652 4032 729 4101 tem,
763 4042 862 4105 neque
898 4027 976 4087 enim
1009 4024 1047 4086 de
1079 4025 1254 4105 antiquitate
1281 4025 1346 4105 ejus
1377 4025 1516 4104 quaestio
1546 4031 1608 4100 est,
1646 4024 1701 4086 scd
1731 4032 1842 4088 tantum
1877 4044 1915 4087 an
1945 4024 2024 4106 apud

650 4123 821 4205 Aegyptios
845 4124 876 4185 in
898 4141 954 4185 usu
978 4124 1036 4200 sit,
1061 4130 1111 4185 aut
1133 4121 1202 4184 olim
1227 4121 1332 4199 luerit,
1356 4121 1437 4202 quod
1460 4139 1518 4183 noa
1543 4123 1639 4204 magis
1662 4123 1769 4204 negari
1792 4131 1910 4204 potest,
1935 4143 2023 4206 quam

652 4229 759 4284 extare
782 4222 886 4284 urbem
909 4221 1142 4298 Alexandriam,
1167 4229 1216 4284 aut
1240 4219 1351 4302 aliquid
1373 4220 1484 4299 simile,
1508 4220 1662 4282 moraliter
1685 4223 1893 4286 certissimum.
1931 4223 2025 4306 igitur

650 4320 796 4384 adversus
824 4321 973 4384 insolitam
1005 4321 1070 4402 ejus
1099 4321 1223 4384 tonnam
1253 4319 1425 4382 declamare
1454 4327 1611 4400 poterunt,
1648 4329 1679 4382 et
1709 4321 1789 4402 quod
1824 4323 1853 4382 in
1884 4320 2023 4385 obscuris

650 4419 877 4499 quaestionibus
899 4419 1029 4482 libenter
1052 4419 1200 4496 iactitant,
1226 4418 1378 4505 designari
1402 4417 1458 4480 sibi
1481 4413 1675 4498 postulabunt
1702 4419 1784 4482 initia
1811 4419 1890 4481 illius
1920 4429 1951 4483 et
1974 4421 2023 4482 in-

648 4527 813 4592 crementa,
837 4518 917 4598 quod
941 4518 1011 4581 licet
1035 4519 1115 4582 nullo
1135 4519 1205 4599 jure
1227 4517 1390 4600 postulent,
1415 4534 1519 4578 eorum
1544 4517 1621 4578 enim
1644 4524 1747 4597 partes
1770 4526 1889 4592 essent,
1913 4516 2023 4579 allerre

648 4617 678 4678 in
702 4617 830 4680 medium
855 4626 1031 4700 argumenta
1055 4617 1163 4700 quibus
1186 4617 1355 4699 impugnari
1380 4633 1446 4679 cum
1470 4615 1569 4697 aliquo
1593 4615 1698 4679 colore
1723 4619 1834 4695 possit,
1865 4616 1894 4678 id
1923 4624 2022 4678 tamen

648 4735 689 4776 cx
712 4720 804 4780 certis
827 4718 1027 4780 monumentis
1050 4725 1210 4797 praestare
1233 4715 1322 4778 iacile
1347 4723 1401 4778 est.
1447 4713 1523 4776 Nam
1552 4715 1633 4794 quod
1661 4715 1786 4797 primam
1816 4715 2021 4778 Coniessionis

646 4824 764 4896 partem
788 4818 894 4879 attinet
917 4836 994 4898 quae
1019 4817 1136 4878 Graece
1159 4814 1286 4892 dieitur,
1310 4815 1374 4896 eJus
1394 4814 1554 4894 antiquitas
1575 4821 1606 4874 ct
1628 4814 1772 4876 autoritas
1794 4815 1897 4875 vocari
1920 4814 2022 4893 nequit

648 4917 680 4976 in
694 4915 926 5004 ‘suspicionem3
951 4934 1018 4978 cum
1041 4931 1107 4976 eam
1132 4912 1268 4976 Graecae
1290 4912 1516 4976 Alexandrinae
1539 4911 1692 4993 Liturgiae
1716 4917 1963 4995 repraesentent:
1992 4915 2021 4969 et

631 5014 715 5093 'ipsa
737 5013 941 5096 peregrinitas
964 5013 1100 5076 Graecae
1124 5013 1245 5094 linguae
1274 5012 1304 5073 in
1334 5028 1392 5091 qua
1421 5013 1651 5093 pronunciatur,
1683 5029 1750 5073 eam
1781 5011 1928 5073 scissione
1959 5007 2022 5069 llo-
