4778 6034
584 501 633 576 lV
1085 501 1463 580 DlSSllRTh'llO

588 691 863 785 interpretatione
888 691 1019 784 possint
1051 691 1137 758 inter
1164 709 1203 760 se
1229 688 1411 759 conciliari.
1438 687 1639 786 Lutherana‚
1666 687 1856 778 Helvetico,
1884 687 1962 762 Ce-

584 808 765 893 novensis,
793 804 1003 896 Anglicana‚
1031 802 1184 892 Sentice,
1212 812 1247 872 ut
1280 801 1363 873 alias
1396 813 1661 897 praetereamus,
1695 807 1759 877 etsi
1793 804 1960 878 multoties

584 919 733 1008 echome,
761 923 894 991 omnino
922 917 1092 1006 differunt,
1119 939 1187 990 non
1213 916 1313 988 modo
1340 921 1374 989 in
1401 916 1626 1006 orationibus,
1654 929 1710 990 aut
1737 925 1960 996 caeremoniis

494 1022 507 1030 ⁵
585 1059 672 1130 quae
698 1039 829 1126 integra
856 1033 920 1104 fide
943 1043 977 1104 et
1004 1031 1176 1128 disciplina
1204 1033 1299 1103 aliter
1326 1055 1364 1106 se
1390 1032 1515 1104 hahere
1542 1043 1694 1130 possunt,
1710 1034 1772 1105 sed
1798 1038 1832 1106 iu
1854 1058 1960 1131 prae-

586 1153 692 1246 cipuis
726 1148 886 1245 partibus.
940 1147 1050 1220 Notae
1086 1157 1162 1220 sunt
1188 1151 1440 1220 controversiae
1468 1170 1553 1242 quae
1589 1147 1654 1220 hoc
1687 1152 1719 1219 in
1764 1161 1960 1241 argumento

585 1266 661 1337 illos
696 1274 930 1337 exercuerunt.
984 1264 1171 1356 Anglicana
1207 1261 1266 1334 suh
1301 1261 1458 1334 Eduardo
1491 1261 1548 1333 Vl.
1576 1264 1721 1334 instituta
1750 1274 1783 1336 et
1809 1287 1877 1337 non
1903 1265 1961 1338 le-

585 1383 674 1453 viter
699 1389 835 1468 mutata,
863 1382 1004 1474 ineptias
1032 1378 1174 1456 Calvino
1201 1379 1389 1467 continere,
1418 1377 1478 1449 sed
1504 1375 1696 1450 tolerabiles
1719 1379 1866 1470 judicata
1894 1391 1961 1454 est:
2092 1415 2097 1420 ·

587 1495 649 1568 suh
677 1493 872 1566 Elisabetha
900 1503 934 1565 et
959 1491 1089 1565 Jacoho
1116 1493 1140 1564 l.
1168 1493 1363 1580 emendata,
1396 1493 1507 1564 Scotis
1535 1493 1700 1588 Papistica
1727 1498 1801 1566 visa
1838 1505 1901 1585 est,
1928 1507 1963 1568 et

587 1609 749 1682 seditioso
775 1611 921 1701 rejecta3
950 1619 1015 1680 tum
1052 1632 1072 1679 a
1105 1605 1278 1702 parricidis
1312 1607 1583 1680 Parlamentariis
1618 1631 1810 1705 suppressa,
1837 1634 1961 1683 novam

585 1727 737 1797 restituto
766 1723 891 1797 Carolo
919 1724 958 1796 Π.
985 1723 1127 1796 formam
1153 1725 1290 1817 accepit.
1316 1721 1361 1794 Et
1388 1745 1470 1796 sane
1497 1728 1681 1797 communis
1704 1725 1877 1817 Liturgiae
1903 1726 1963 1799 lex

587 1843 675 1912 inter
711 1863 771 1914 eos
806 1863 884 1912 esse
916 1839 1005 1911 nulla
1040 1847 1163 1934 potest,
1201 1841 1257 1932 qui
1292 1838 1333 1909 de
1369 1842 1527 1927 materia,
1562 1839 1603 1910 de
1630 1839 1749 1930 forma,
1777 1840 1819 1912 de
1846 1840 1963 1912 ritibus

587 1955 805 2049 Apostolioae
840 1956 1013 2046 Liturgiae
1048 1975 1116 2025 non
1148 1957 1374 2042 consentiunt,
1408 1953 1490 2025 fassi
1524 1958 1654 2026 nescire
1697 1978 1735 2028 se
1776 1978 1842 2049 quo
1875 1979 1963 2051 panc

591 2068 741 2144 Christus
767 2093 848 2144 usus
875 2071 985 2159 luerit,
1014 2092 1079 2163 quo
1107 2072 1212 2149 vino:¹
1235 2067 1354 2161 quihus
1381 2067 1496 2140 verbis
1510 2070 1667 2164 Apostoli
1694 2080 1867 2164 utrumque
1894 2068 1963 2142 he-

587 2186 790 2258 nedixerint:
819 2209 862 2258 an
888 2184 995 2256 verba
1023 2181 1144 2256 Christi
1171 2185 1364 2255 necessaria
1391 2187 1471 2254 sint:
1492 2207 1577 2278 quae
1594 2188 1740 2257 varietas
1770 2170 1962 2260 sacri'ritus

587 2299 728 2373 formam
754 2300 899 2373 funditus
927 2303 1057 2376 evertit.

282 2439 445 2510 rnnrmrgns
462 2439 575 2506 anitquis
691 2416 810 2509 Neque
838 2415 988 2506 objicere
1014 2412 1112 2486 nohis
1138 2423 1279 2510 possunt
1305 2414 1482 2486 discrimen
1510 2414 1588 2486 illud
1614 2417 1703 2510 quod
1729 2419 1815 2488 inter
1836 2415 1963 2489 Oricu-

265 2525 437 2624 ⁰¹i²⁰¹3¹¹b³⁸
455 2532 481 2577 ⁰²
497 2521 575 2577 ⁰⁰⁰¹·
589 2533 688 2603 talem
724 2542 757 2602 et
791 2529 1041 2604 Occidentalem
1075 2533 1190 2618 ritum:
1225 2539 1281 2601 aut
1319 2529 1522 2624 singularem
1569 2529 1750 2625 aliquarum
1786 2535 1963 2623 insignium

261 2610 828 2767 rhhhsshdhhddhhf⁵⁸E⁶⁰¹⁰⁵i³f¹¹¹¹¹r
857 2643 1139 2733 animadvertitur,
1166 2647 1261 2735 quus
1295 2643 1428 2718 diversa
1464 2667 1603 2739 prorsus
1629 2650 1715 2718 ratio
1743 2657 1813 2718 est:
1842 2651 1964 2742 quippe

589 2766 760 2837 orationes
788 2771 823 2832 et
848 2763 1081 2832 caeremoniae
1109 2764 1381 2855 praeparatoriae
1415 2759 1513 2831 aliter
1547 2761 1676 2856 disponi
1697 2771 1849 2856 possunt,
1877 2760 1964 2834 ahs-

588 2902 653 2974 que
679 2876 746 2949 ullo
774 2875 940 2970 periculo:
968 2875 1117 2947 osculum
1151 2885 1228 2947 ante
1261 2874 1501 2970 praefationem
1535 2879 1568 2946 in
1596 2875 1752 2950 Oriente:
1791 2881 1824 2948 in
1853 2875 1962 2947 Occi-

589 2997 688 3066 dente
724 3003 800 3064 ante
839 2988 1112 3063 Communionem
1155 2989 1414 3086 praescribitur:
1449 2995 1493 3060 ita
1526 2989 1691 3084 Spmhoh,
1725 3001 1759 3062 et
1795 2977 1964 3064 Orationis

588 3111 786 3183 Dominicae
819 3109 988 3179 recitatio:
1021 3105 1104 3178 haec
1140 3118 1215 3178 sunt
1256 3104 1481 3177 indillerentia.
1534 3105 1661 3178 Verum
1694 3106 1785 3178 nulla
1821 3129 1964 3202 unquam

588 3237 688 3300 vetus
713 3225 865 3314 Liturgia
900 3224 975 3294 visa
1001 3232 1065 3309 est,
1092 3225 1126 3292 in
1162 3245 1225 3316 qua
1253 3220 1458 3304 adhortatio,
1487 3243 1585 3314 quam
1618 3221 1865 3294 Praefationem
1893 3245 1964 3294 vo-

589 3362 716 3428 camuS,
743 3360 810 3410 uon
839 3345 1047 3426 occurreret3
1074 3345 1139 3407 tum
1167 3359 1287 3431 preces
1315 3335 1534 3408 Sacerdotem
1564 3340 1669 3409 variis
1697 3337 1812 3412 verbis
1846 3363 1963 3436 expo-

590 3461 694 3543 sitae,
731 3453 792 3526 sed
831 3441 917 3547 quae
959 3452 1109 3524 eamdem
1153 3455 1349 3526 sententiam
1394 3451 1575 3522 efficerent.
1630 3449 1809 3526 Continent
1843 3477 1965 3550 nempe

589 3569 705 3643 laudes
741 3570 806 3642 Dei
840 3578 874 3640 et
906 3571 1085 3660 gratiarum
1123 3573 1273 3640 actiones
1309 3589 1366 3661 pro
1403 3565 1573 3638 beneficiis
1610 3569 1682 3658 ejus
1722 3572 1755 3640 in
1789 3569 1964 3641 humanum

590 3709 720 3779 genus.
734 3707 873 3779 quorum
896 3687 1122 3779 praecipuum,
1148 3685 1238 3756 salus
1260 3694 1374 3755 nostra
1393 3683 1465 3772 fuit,
1486 3706 1548 3779 per
1565 3683 1843 3774 lucarnationem‚
1866 3707 1964 3758 mor-

590 3813 724 3896 temque
750 3803 910 3892 unigeniti
937 3799 993 3870 lilii
1021 3803 1092 3890 ejus
1119 3799 1201 3870 lesu
1229 3799 1353 3872 Christi
1366 3800 1499 3870 Domini
1526 3802 1640 3872 nostri.
1693 3801 1850 3894 Sequitur
1866 3822 1964 3872 com-

590 3919 787 3988 memoratio
815 3914 948 3985 ultimae
978 3911 1127 4002 Coenus,
1154 3917 1431 4008 institutionisque
1459 3913 1684 3988 sacramenti:
1718 3915 1965 4010 verborumque

470 4031 475 4048 ‘
591 4031 713 4104 Christi
739 4033 913 4126 repetitio:
941 4033 1109 4102 invocatio
1137 4029 1179 4100 ad
1204 4029 1435 4125 postulandum
1473 4028 1650 4100 adventum
1685 4034 1789 4102 sancti
1822 4031 1965 4126 Spiritus

590 4151 624 4218 in
650 4149 737 4218 dona
764 4148 949 4242 proposita,
977 4148 1051 4216 sive
1079 4153 1167 4232 ante,
1196 4147 1270 4218 sive
1296 4143 1396 4240 paulo
1424 4153 1502 4238 post
1527 4147 1742 4238 pronunciata
1762 4142 1869 4217 verha
1886 4147 1965 4217 Do-

589 4266 728 4336 minioa:
755 4265 924 4334 orationes
952 4259 993 4330 de
1011 4257 1162 4332 omnihus
1190 4270 1224 4332 et
1246 4283 1308 4355 pro
1331 4257 1501 4333 omnihus:
1524 4263 1681 4330 vivorum
1708 4271 1742 4331 et
1763 4269 1965 4334 mortuorum

590 4380 875 4451 commemoratio.
928 4375 1022 4446 Haec
1050 4378 1170 4465 omnia,
1197 4385 1333 4471 praeter
1359 4375 1603 4446 Praelationem
1637 4384 1670 4446 et
1695 4373 1802 4447 verha
1831 4373 1965 4464 Christi,

591 4496 738 4586 quaein
765 4492 1028 4563 hotheranomm
1061 4501 1095 4562 et
1119 4491 1307 4584 Anglorum
1341 4489 1458 4564 officiis
1486 4501 1622 4564 servata
1650 4501 1742 4580 sunt,
1769 4489 1961 4564 reclaman-

591 4604 679 4678 tihus
705 4607 777 4678 aliis
803 4593 1059 4678 Protesta'ntium
1082 4606 1255 4694 sodalitiis,
1281 4617 1434 4701 tanquam
1461 4609 1704 4702 superstitiosa,
1732 4604 1965 4680 sublata'suut.

591 4721 640 4792 At
665 4744 780 4794 omnes
808 4730 945 4794 veteres
972 4721 1144 4813 Liturgiae
1169 4725 1255 4794 inter
1280 4744 1320 4795 se
1347 4726 1567 4812 consentiunt
1596 4745 1682 4816 quoe
1707 4726 1888 4820 praecipua
1915 4734 1968 4796 est

593 4840 793 4932 antiquitatis
821 4847 855 4908 et
882 4838 1081 4908 sinceritatis
1109 4848 1205 4913 nota:
1223 4861 1296 4910 cum
1315 4838 1453 4911 Coenae
1480 4835 1702 4910 celebrandae
1729 4840 1838 4912 forma
1864 4839 1964 4930 nulla,

592 4963 649 5022 aut
675 4974 750 5022 cum
782 4951 855 5022 aliis
891 4954 925 5021 in
950 4951 1201 5058 Reformatione
1226 4958 1324 5044 iratis,
1358 4965 1414 5026 out
1440 4978 1514 5027 com
1549 4957 1784 5048 antiquissimis
1812 4956 1965 5046 Graecia,
