4680 6044
538 535 548 568 “
613 572 719 646 204·
1110 568 1503 650 connuurnnms

307 773 410 826 aucta.
419 770 493 828 dour.
502 794 527 844 p.
537 775 598 828 136.
613 756 844 839 primariamque
867 755 954 818 simul
976 753 1054 818 illius
1077 761 1204 836 partem,
1227 755 1330 835 inqua
1353 755 1466 819 oblatio
1489 757 1522 820 bt
1540 757 1698 837 donorum,
1722 775 1888 840 eorumque
1911 777 1990 822 con-

613 857 745 920 secratio
780 861 811 916 ct
846 853 1031 932 distributio,
1071 873 1150 935 quae
1187 853 1351 936 gratiarum
1385 856 1504 918 actione
1541 855 1741 921 concluditur.
1788 857 1832 919 Ea
1860 867 1989 940 propter

613 942 765 1040 α’ναφορεὶ
787 956 912 1035 proprie
930 953 1111 1034 appellatur,
1135 955 1215 1033 quia,
1240 960 1272 1014 ut
1287 954 1316 1015 in
1335 951 1430 1016 Nissa
1443 953 1651 1035 Chrysostomi
1664 955 1787 1038 legitur,
1811 964 1882 1017 tunc
1906 945 1988 1020 a'ua-

551 1081 555 1094 ·
611 1042 701 1140 <popei
722 1046 954 1138 προςφέρεται,
977 1051 1096 1114 Oblatie
1123 1049 1267 1132 offertum:
1291 1060 1322 1115 et
1344 1059 1376 1113 ut
1398 1053 1428 1115 in
1452 1053 1614 1116 Clementis
1637 1053 1918 1134 Constitutionibus,
1941 1067 1988 1121 est

612 1153 737 1234 proprie
765 1160 883 1233 tempus
914 1151 1073 1214 oblationis
1101 1139 1215 1234 καιρός
1243 1138 1426 1237 εἷναφορᾶς,
1457 1171 1517 1233 quo
1547 1161 1726 1233 appetente,
1756 1163 1861 1234 portas
1889 1155 1988 1220 claudi

607 1251 741 1333 jubetur.
787 1251 833 1313 Eo
856 1269 949 1313 sensu
972 1251 1061 1312 ctiam
1083 1237 1263 1342 flpoepopd
1286 1250 1394 1313 dicitur
1416 1252 1446 1314 in
1469 1250 1658 1316 collectione
1687 1251 1843 1316 canonum
1866 1255 1987 1336 saepius

611 1349 741 1414 laudata.
787 1351 944 1412 Diaconos
966 1347 1074 1429 offeret
1094 1367 1215 1428 aquom,
1238 1349 1439 1432 lavabuntque
1450 1345 1640 1414 Sacerdotes¹
1653 1371 1762 1414 manaa
1777 1371 1861 1428 auor,
1884 1362 1914 1416 et
1934 1351 1987 1417 cii-

612 1457 697 1512 cetnr
717 1435 906 1535 Προςφορά.
951 1449 996 1511 lta
1027 1447 1103 1510 bace
1126 1445 1218 1509 cilicii
1240 1465 1312 1528 pars
1336 1449 1452 1512 Carioni
1474 1458 1578 1513 nostro
1590 1450 1767 1532 respondet,
1792 1452 1872 1530 quod
1893 1453 1987 1517 intel-

610 1549 765 1630 ligendum
787 1557 886 1612 tamen
909 1549 1096 1626 curatione,
1120 1565 1208 1628 quam
1231 1545 1318 1629 hujus
1342 1550 1548 1612 commentarii
1568 1550 1654 1612 initio
1676 1552 1881 1630 exposuimus.
1910 1553 1987 1617 Nam

611 1649 737 1730 proprie
761 1648 925 1730 loquendo,
947 1647 996 1710 bic
1018 1648 1124 1727 incipit
1145 1646 1292 1728 liturgia,
1316 1665 1384 1710 cum
1402 1648 1537 1730 reliquae
1560 1648 1714 1712 orationes
1730 1656 1761 1712 et
1776 1652 1986 1716 caeremoniae
2020 1725 2030 1744 ·

612 1746 752 1809 adhunc
775 1766 872 1828 usque
897 1747 1014 1825 locum,
1041 1744 1412 1831 nponapaoaevaoaarai
1442 1747 1613 1811 censendae
1641 1747 1717 1810 sint:
1749 1755 1839 1828 atque
1866 1768 1902 1812 ea
1931 1748 1987 1814 luit

614 1848 780 1909 communis
803 1847 1016 1928 Expositorum
1038 1844 1150 1907 Nissae
1172 1843 1326 1907 Romanae
1349 1847 1550 1928 antiquiorum
1573 1848 1730 1909 sententia.
1755 1847 1862 1910 Florus
1884 1849 1986 1932 blagi-

613 1954 686 2009 ster.
731 1945 856 2027 Antiqui
876 1954 1000 2009 autores
1021 1948 1066 2007 ito
1088 1947 1235 2020 cendant,
1257 1945 1383 2006 Missam
1411 1965 1431 2006 a
1456 1944 1649 2025 praefatione
1675 1947 1825 2026 decipere,
1852 1969 1986 2029 proece-

613 2046 701 2107 dente
723 2045 849 2106 lectione
870 2044 1083 2124 Apostolorum
1112 2051 1142 2105 et
1168 2043 1419 2124 Eaanqeliornm:
1437 2045 1641 2124 praecedente
1661 2063 1872 2125 normunquom
1894 2048 1986 2109 etiam

612 2146 793 2208 ollomttione
814 2147 1037 2226 moqr'stronan,
1067 2143 1227 2223 arbjancta
1248 2161 1363 2224 quoque
1384 2143 1518 2225 Symboli
1545 2141 1752 2221 consessione,
1779 2151 1810 2205 et
1835 2144 1987 2207 oblatione

607 2245 787 2326 pomulonm
809 2251 840 2305 et
859 2244 980 2305 initiato
994 2243 1221 2305 consecretione
1237 2243 1512 2305 Sacramentorum.
1541 2240 1673 2321 Antiqua
1688 2240 1848 2323 Expositio
1870 2245 1984 2306 autoris

611 2344 762 2424 anonymi.
807 2342 904 2404 Missa
931 2349 1061 2403 aocomr
1088 2341 1128 2402 ab
1156 2360 1193 2403 eo
1220 2343 1304 2416 loco,
1333 2340 1387 2402 ubi
1406 2341 1513 2430 incipit
1532 2339 1686 2402 Sacerdos
1706 2340 1897 2419 Sacrificium
1918 2342 1986 2405 Deo

609 2441 727 2524 offerre,
750 2460 844 2522 aspie
865 2441 908 2502 aa
929 2440 974 2502 lte
995 2439 1092 2502 Missa
1115 2446 1168 2503 eat.
1214 2439 1249 2501 ln
1272 2431 1487 2520 antiquissimis
1510 2437 1664 2501 codicibus
1680 2445 1749 2499 ante
1765 2439 1984 2519 praelationem

525 2555 538 2578 *
610 2541 793 2603 adscribitur
814 2539 918 2601 titulus
941 2539 1159 2600 immolationis
1182 2539 1401 2601 etintotionia:
1425 2539 1463 2600 de
1478 2554 1537 2620 qua
1549 2536 1685 2600 isidorus
1708 2534 1729 2598 l.
1751 2535 1774 2601 l.
1805 2557 1833 2603 c.
1857 2535 1907 2600 15.
1930 2539 1984 2599 in-

605 2639 706 2720 sertur
727 2639 824 2700 illatio
854 2639 886 2700 in
916 2638 1154 2715 sanctificatione
1177 2637 1358 2715 abdemonis,
1387 2635 1420 2698 ln
1450 2635 1564 2699 blissali
1596 2635 1724 2700 Gothico
1755 2643 1786 2698 et
1817 2634 1982 2700 Gadicano.

607 2739 776 2800 Immolotio
799 2735 922 2800 Missae.

696 2833 772 2898 Cum
795 2836 888 2917 igitur
910 2832 1106 2916 significatam
1129 2851 1193 2896 rem
1214 2833 1377 2897 babeamus
1400 2853 1440 2896 ex
1463 2833 1611 2896 communi
1633 2833 1764 2895 omnium
1777 2831 1984 2896 Ecclesiarum

609 2934 807 3004 Orientalium
843 2932 1140 3012 Occidentaliumque
1169 2932 1347 3014 disciplina,
1379 2940 1470 3014 atque
1500 2941 1615 2995 certum
1643 2932 1683 2994 sit
1710 2931 1898 3020 Oblationeru
1924 2933 1984 2996 boo

609 3034 678 3095 loco
700 3035 852 3115 incipere,
877 3031 964 3095 facile
986 3031 1200 3115 intelliguntur
1221 3032 1315 3095 verba
1338 3032 1547 3115 semi-graeca
1568 3049 1646 3112 quae
1675 3029 1734 3092 boc
1762 3029 1830 3094 loco
1854 3031 1982 3095 Codices

608 3131 727 3214 Coptici
756 3138 1002 3214 repraesentant,
1031 3149 1170 3212 quaeque
1200 3131 1320 3196 Arabes
1349 3133 1532 3212 interpretes
1563 3129 1745 3194 fefellerunt.
1797 3131 1840 3193 lta
1869 3129 1983 3213 legitur

607 3224 805 3316 προςφέρειν
826 3225 911 3294 κατά
933 3217 1054 3316 τρόπον
1076 3221 1176 3314 ἡμῶν.
1220 3218 1374 3314 Στεῖθηεε
1400 3222 1449 3303 εἷς
1471 3215 1630 3300 ἀνατολὰς
1661 3223 1815 3308 utinen:
1846 3235 1876 3292 at
1909 3247 1983 3291 tter-

607 3331 701 3393 sionis
724 3330 874 3393 Arabicoe
897 3328 964 3392 talis
988 3335 1035 3390 est
1057 3346 1178 3393 sensus.
1227 3329 1370 3392 Accedite
1400 3349 1419 3391 o
1447 3329 1596 3407 borninea,
1627 3335 1721 3402 etate,
1752 3325 1982 3403 adorientem,

607 3431 735 3510 aspicite
757 3435 787 3491 et
807 3429 994 3509 respondete.
1037 3427 1195 3491 Maronita.
1241 3427 1398 3502 Accedite,
1422 3429 1517 3490 sistite
1539 3445 1612 3502 aas,
1640 3434 1671 3489 et
1696 3425 1849 3489 Orientem
1874 3445 1983 3488 vernis

607 3530 744 3608 aspicite.
789 3527 906 3607 Nempe
927 3528 959 3588 in
990 3523 1102 3588 Codice
1132 3526 1327 3610 Scaligerano
1354 3525 1421 3588 talis
1452 3525 1508 3589 fuit
1537 3525 1695 3607 Scriptura
1724 3515 1984 3612 προςφερήμετα

607 3613 758 3709 στάθητε
780 3619 827 3700 εἰς
849 3613 1012 3699 αἐατολεὶς
1033 3617 1193 3709 βλέψετε.
1228 3624 1288 3690 Sed
1310 3625 1387 3688 baec
1408 3632 1478 3687 sunt
1499 3623 1589 3705 plane
1611 3623 1703 3688 nibili.
1756 3625 1861 3705 ltaque
1884 3627 1980 3706 primo

605 3724 768 3807 legendum
790 3719 1006 3811 προςφέρεινε
1030 3742 1108 3807 quae
1130 3741 1193 3785 vox
1214 3724 1319 3787 titrdus
1338 3731 1385 3787 est
1396 3725 1553 3804 sequentis
1577 3723 1666 3788 olilcii
1689 3723 1772 3804 quod
1793 3711 1983 3810 npoeqopoiu

605 3831 636 3886 et
658 3810 824 3911 εἷναφορᾶν
844 3825 949 3886 vocari
971 3823 1082 3886 dictum
1112 3829 1172 3886 est:
1201 3822 1272 3885 inde
1300 3821 1445 3901 formata,
1479 3827 1548 3902 quia
1576 3821 1667 3903 paulo
1695 3829 1764 3885 ante
1794 3823 1825 3884 in
1855 3822 1980 3886 Graccis

604 3923 748 4006 Liturgiis
776 3923 910 4006 legitur,
943 3908 1139 4008 πρόσχωμεν
1167 3910 1227 4010 equ
1255 3910 1350 4002 ἁγίαν
1378 3908 1549 4006 εἷναφορᾶε
1575 3914 1610 3982 ἐν
1637 3907 1747 4006 εἰρήνῃ
1776 3913 1980 4007 προςφὲρειν,

604 4023 795 4084 annonam
816 4023 859 4084 od
880 4028 1018 4083 sanctam
1039 4021 1220 4083 oblationem
1241 4022 1272 4082 in
1291 4039 1370 4100 pace
1391 4019 1591 4098 offerentiam.
1615 4018 1700 4082 Hanc
1719 4020 1850 4082 ulbmam
1872 4039 1981 4083 vocem

604 4121 703 4202 ignari
724 4120 844 4202 linguae
869 4118 1004 4182 Graecae
1025 4119 1113 4182 facile
1143 4135 1200 4200 pro
1234 4115 1408 4204 npoeqropqi
1436 4125 1643 4198 acceperunt3
1673 4117 1764 4198 idque
1792 4136 1830 4181 eo
1867 4120 1980 4182 certius

605 4221 786 4297 asserimus,
823 4218 904 4300 quod
937 4218 1056 4281 Arabes
1095 4237 1161 4280 earu
1193 4217 1325 4280 scribunt
1358 4217 1551 4298 Dbroasorin.
1602 4217 1650 4281 Ex
1678 4235 1757 4280 uoce
1784 4211 1981 4304 προςφὲρειε

605 4317 725 4380 Arabes
747 4325 920 4395 verterunt,
945 4317 1032 4399 quasi
1059 4297 1174 4379 initirlm
1204 4319 1348 4380 orationis
1379 4315 1457 4380 ieret
1490 4325 1613 4404 inupti,
1643 4335 1721 4397 quae
1750 4323 1797 4379 est
1827 4317 1981 4399 ambigua:

604 4416 815 4499 significatque
837 4417 991 4492 accedite,
1020 4416 1070 4478 vel
1096 4417 1198 4497 potins
1227 4415 1351 4498 offerte:
1379 4415 1462 4479 nullo
1494 4416 1583 4479 etiam
1610 4416 1700 4498 plane
1727 4433 1831 4479 sensu.
1875 4414 1982 4496 Neque

605 4517 685 4578 eninr
708 4517 861 4579 Diaconos
884 4515 1032 4597 populum
1055 4513 1234 4595 alloquitur,
1259 4512 1408 4595 adquam
1432 4515 1599 4578 adhortatio
1628 4515 1793 4578 accedendi
1822 4514 1873 4578 vel
1900 4513 1982 4578 olie-

603 4615 708 4692 rendi,
732 4615 813 4678 nulla
835 4617 954 4677 ratione
976 4613 1125 4695 pertinet,
1149 4615 1218 4695 quia
1241 4633 1299 4676 nec
1322 4613 1469 4677 accedunt
1492 4613 1529 4677 ad
1553 4614 1647 4677 altare
1669 4613 1769 4692 Laici,
1803 4621 1837 4675 ut
1866 4612 1982 4676 oblatas

604 4713 750 4776 oderant:
773 4731 875 4794 neque
897 4713 955 4793 ipsi
979 4711 1111 4774 olierunt
1134 4732 1186 4776 eas
1211 4712 1277 4776 Deo
1299 4731 1357 4794 per
1379 4712 1583 4792 Sacrificium,
1605 4730 1663 4776 nce
1685 4711 1817 4776 inierunt
1833 4711 1870 4774 ad
1886 4711 1982 4773 altare

604 4819 637 4874 ut
661 4829 713 4874 eas
736 4811 885 4876 Sacerdos
909 4819 1086 4884 consecret,
1110 4812 1165 4874 scd
1187 4812 1264 4875 baec
1286 4819 1355 4874 sunt
1377 4812 1576 4875 sacerdotalia
1598 4813 1706 4874 munia.
1755 4811 1862 4893 Neque
1892 4809 1982 4871 etiam

590 4896 642 4972 'ad
667 4911 849 4974 Sacerdotes
872 4916 922 4972 aut
944 4909 1097 4972 Diaconos
1120 4910 1215 4973 verba
1237 4912 1310 4973 liunt
1331 4929 1389 4992 pro
1412 4909 1573 4974 afferendis
1596 4910 1786 4986 muneribus,
1816 4912 1877 4992 jam
1900 4909 1980 4970 enim

604 5009 683 5072 iacta
705 5017 753 5071 est
776 5000 796 5093 ἡ
816 4999 944 5092 μεγάλε]
966 4996 1106 5088 cicadae,
1137 5028 1192 5072 seu
1213 5030 1370 5073 munerum
1391 5009 1510 5072 illatio:
1532 5010 1624 5072 multo
1646 5011 1743 5072 minus
1770 5009 1807 5072 ad
1831 5006 1980 5071 sacerdo-
