4680 6044
769 597 822 674 AD
843 595 1048 674 LITURGIAM
1062 593 1254 672 corutum
1269 595 1299 672 S.
1319 595 1464 672 lttsttlt.
1727 595 1798 668 195

434 781 602 845 Videndum
632 781 818 845 Glossarium
845 781 875 842 in
904 797 983 843 voce
1014 775 1262 858 καταπέτασμα.
1313 779 1488 860 Respondet
1517 779 1593 844 haec
1622 780 1719 843 oratio
1745 778 1800 856 illi,

435 882 566 963 quaein
597 879 806 963 chrysostomi
834 878 967 963 Liturgia
999 879 1108 943 dicitur
1134 866 1248 962 πρώτη
1274 875 1340 942 τοῖν
1369 875 1504 958 πιστῶν,
1526 880 1634 942 Primo
1652 879 1802 958 fidelium:

435 983 504 1062 quia
527 987 597 1042 tune
627 980 685 1043 soli
711 981 833 1059 fideles,
869 978 928 1040 hoc
956 987 1003 1041 est
1030 977 1190 1041 Christiani
1219 979 1269 1058 qui
1298 978 1509 1060 mysteriorum
1536 977 1701 1060 participes
1731 995 1800 1040 esse

434 1086 590 1162 poteraut,
613 1080 644 1142 in
672 1077 812 1141 Ecclesia
842 1085 944 1156 erant,
974 1079 1079 1160 eyectis
1110 1076 1337 1140 Catechumenis
1368 1085 1399 1140 et
1426 1075 1659 1139 Paenitentibus.
1700 1075 1800 1138 Aliam

435 1177 525 1242 etiam
554 1176 656 1241 titulus
688 1177 747 1240 iste
775 1173 1023 1259 significationem
1056 1177 1160 1255 habet,
1191 1194 1258 1238 nam
1286 1162 1525 1255 καταπέτασμα
1555 1182 1681 1238 vocatur
1710 1177 1800 1238 etiam

432 1277 534 1341 velum
556 1276 646 1354 illud,
670 1274 751 1357 quod
773 1263 900 1360 εἰλητόν
922 1277 1030 1340 Graeci
1053 1285 1179 1352 vocant,
1201 1294 1261 1355 quo
1284 1275 1400 1338 scilicet
1421 1277 1529 1338 Discus
1552 1283 1582 1338 ct
1604 1273 1690 1337 Calin
1712 1272 1800 1338 simul

434 1385 588 1459 teguntur,
610 1375 811 1455 etCorporali
832 1376 1006 1440 Latinorum
1029 1375 1215 1458 aliquatenus
1238 1375 1412 1455 respondet,
1434 1373 1513 1437 illius
1526 1374 1714 1456 potissimum
1729 1371 1797 1436 lor-

432 1494 500 1540 mue
523 1478 678 1556 antiquae,
702 1492 762 1554 quo
784 1482 816 1538 et
838 1475 949 1538 Patena
972 1485 1003 1539 et
1024 1474 1113 1539 Ualix
1135 1475 1325 1558 tegebantur,
1349 1491 1436 1553 quam
1451 1471 1639 1536 Carthusiani
1661 1471 1799 1534 retinue-

342 1649 351 1668 ·
432 1583 512 1639 runt.
557 1575 642 1636 'lunc
665 1575 834 1637 enimcum
857 1574 961 1638 Oratio
983 1572 1044 1639 τοῦ
1065 1563 1360 1652 καταπετάσματος
1373 1575 1600 1654 pronunciatur,
1622 1589 1710 1635 sacra
1731 1591 1800 1634 mu-

432 1692 527 1753 nere,
550 1691 630 1755 quae
652 1673 751 1735 statim
773 1680 863 1754 atque
886 1673 1054 1754 deposita
1047 1692 1077 1735 m
1101 1674 1187 1736 altari
1209 1671 1329 1736 luerunt
1350 1673 1409 1735 isto
1437 1673 1506 1735 velo
1534 1673 1731 1754 tegebantur,
1760 1690 1798 1782 ορ

433 1773 550 1836 sublato
579 1772 729 1837 Sacerdos
760 1770 937 1856 detegebat:
967 1772 1083 1853 quod'
1075 1791 1105 1836 m
1132 1771 1258 1834 Graecis
1286 1751 1429 1854 Liturgiis
1457 1771 1566 1834 dicitur
1594 1764 1734 1850 ἐξαπλοῖ
1760 1759 1799 1833 τὸ

404 1857 567 1955 ἐἰλρτόι.

900 2074 1020 2146 Oratio
1043 2096 1111 2169 pro
1138 2075 1245 2164 Pace,
1271 2081 1335 2147 alc.
1846 2108 1877 2162 P.
1895 2108 1921 2161 o.
1940 2118 1963 2161 ιι
1981 2107 2023 2160 ιο.

511 2244 604 2326 Sans
629 2282 669 2325 ex
691 2260 777 2343 hujus
800 2261 945 2326 orationis
969 2269 1112 2324 contextu
1134 2270 1261 2343 apparet
1282 2261 1446 2325 desumtam
1469 2281 1534 2326 eam
1557 2280 1627 2326 esse
1655 2281 1695 2324 ox
1718 2261 1798 2324 anti-
1846 2279 1973 2334 Orationis
1999 2296 2047 2348 pro
2064 2281 2119 2335 tta·

433 2377 492 2440 quo
515 2359 584 2424 Ritu
606 2361 829 2441 Alexandrino,
853 2379 940 2443 quem
964 2361 1082 2425 Graeca
1103 2368 1323 2442 repraesentat.
1367 2363 1443 2424 Tota
1466 2363 1584 2424 scilicet
1605 2360 1681 2424 baec
1700 2362 1797 2424 oratio
1811 2367 1886 2438 gibus
1910 2368 2008 2421 termae
2029 2365 2119 2420 diver-

434 2460 549 2525 Graece
571 2464 686 2546 legitur
709 2469 741 2524 et
763 2461 869 2524 eodem
892 2460 1014 2540 ordine,
1037 2463 1142 2542 paucis
1165 2462 1283 2523 mutatis
1306 2460 1336 2522 in
1360 2458 1472 2524 Codice
1493 2461 1605 2542 Regio:
1629 2478 1685 2542 pro
1708 2479 1797 2542 pace,
1811 2468 1864 2508 ⁸⁸0·

430 2577 488 2669 pm
510 2561 667 2639 Ecclesia,
689 2559 793 2644 Rege,
815 2560 1022 2642 Principibus,
1043 2560 1141 2640 Papa,
1164 2558 1223 2622 boc
1246 2566 1293 2622 est
1308 2559 1480 2623 Patriarcha
1494 2560 1713 2638 Alexandrino,
1737 2567 1796 2624 etc.

428 2647 498 2722 mh
518 2655 659 2740 duorum
680 2659 857 2740 simpliciter
885 2661 1026 2723 nominat.
1071 2658 1104 2721 ln
1127 2659 1220 2722 blanci
1244 2659 1392 2770 liturgia.
1441 2647 1522 2774 Τῆν
1534 2651 1707 2740 βασιλείαν
1735 2655 1797 2722 τοῦ

432 2745 553 2823 δούλου
574 2775 636 2822 σον
659 2745 694 2822 ὃν
711 2751 909 2832 §danaidum
929 2744 1118 2838 dcccl-eoem
1139 2751 1197 2821 ἐπὶ
1217 2755 1277 2842 τῆς
1298 2753 1373 2842 γῆς,
1396 2750 1430 2819 ἕν
1437 2749 1561 2870 εἰρήνῃ
1582 2754 1637 2820 καὶ
1660 2745 1799 2869 cvdpslp

431 2854 486 2920 καὶ
513 2843 705 2941 pataviam
733 2845 1026 2942 scopulosorum
1059 2846 1292 2922 emerammi
1320 2844 1479 2940 stastum,
1509 2853 1565 2922 καὶ
1585 2840 1798 2944 φιλόχριστον

431 2943 527 3019 πόλιν
552 2977 672 3041 ταινιηι
699 2951 802 3040 ῥῦσαι
829 2943 930 3042 αυτὴν
963 2945 981 3018 ὁ
1010 2944 1101 3034 θεός,
1131 2945 1190 3042 αφ’
1218 2947 1345 3041 ἡμερῶν
1372 2953 1532 3043 πονηρῶν,
1561 2965 1620 3020 etc.
1664 2955 1799 3036 Regnum

431 3056 515 3117 'serm
535 3057 580 3117 tui
599 3073 685 3136 pumu
707 3057 739 3117 in
762 3062 847 3117 tea-ra
867 3075 998 3136 rapuere
1010 3058 1128 3136 justum
1150 3057 1307 3132 censuisti,
1334 3057 1366 3117 ιἰι
1389 3074 1470 3136 ροσε
1492 3061 1522 3117 et
1546 3054 1724 3132 fortitudine
1729 3099 1740 3130 ,
1770 3060 1801 3116 ct

421 3155 544 3232 justitio
566 3160 596 3215 et
616 3154 830 3236 tranquillitate
844 3162 1034 3218 coruarcoto.
1078 3154 1224 3217 Humilem
1238 3162 1268 3216 et
1278 3155 1506 3218 misericordem
1517 3161 1547 3215 et
1559 3152 1673 3216 Christi
1686 3171 1797 3215 umcro-

430 3261 489 3316 tem
510 3255 662 3316 ciuitatem
684 3255 793 3329 iatum,
815 3253 911 3315 libero
932 3253 1060 3316 Domina
1081 3273 1103 3315 σ
1123 3253 1230 3316 diebus
1250 3255 1348 3318 mulis.
1383 3252 1426 3316 lta
1440 3255 1532 3317 vertit
1551 3253 1712 3334 interpres,
1735 3269 1797 3314 non

430 3353 519 3434 plane
542 3360 700 3416 accurate:
723 3352 829 3433 Neque
853 3353 950 3432 anim,
972 3361 1114 3434 quantum
1132 3352 1269 3435 judicare
1283 3369 1460 3434 possumus,
1484 3355 1522 3416 ad
1536 3351 1797 3416 Christianatem·

432 3469 507 3532 pora
529 3451 606 3514 haec
628 3453 724 3515 oratio
746 3453 892 3532 pertinet,
915 3453 969 3514 sed
993 3453 1029 3514 ad
1053 3451 1233 3515 inlelicem'
1220 3471 1281 3534 yam
1297 3452 1432 3515 Arabum
1446 3452 1634 3516 dominorum
1656 3452 1796 3534 tyranni-

431 3550 508 3613 dem.
554 3549 672 3632 Quippe
696 3550 838 3632 legitur
829 3568 860 3612 m
882 3551 1016 3632 liturgia
1040 3540 1316 3632 Chrysostomia‘nr
1271 3545 1354 3635 ρ
1376 3545 1536 3638 σωτνρίας
1562 3547 1628 3614 τῶν
1654 3538 1795 3632 εὐσεβε-

432 3638 559 3710 στατιον
585 3646 641 3712 καὶ
669 3635 916 3733 usopvta'mov
935 3643 1052 3728 βασιλέ
1054 3669 1099 3710 ων
1128 3637 1228 3734 ἡμῶν.
1272 3650 1336 3712 Pro
1364 3651 1460 3712 solute
1484 3652 1693 3732 piissimorum
1719 3659 1751 3714 et
1775 3671 1797 3713 σ
1843 3676 1990 3748 ΝΜ,
2008 3678 2051 3732 99

431 3746 496 3810 Deo
517 3750 733 3812 cnutoditorum
755 3747 973 3859 Imperatorum
994 3755 1187 3810 nostrorum:
1209 3748 1271 3810 et
1263 3766 1293 3810 tn
1314 3747 1471 3814 Basiliana.
1501 3735 1683 3834 Μνῆσθριι
1702 3739 1795 3837 κύριε

431 3844 495 3909 τῶν
507 3835 750 3927 εὕσεβεστατων
760 3841 815 3909 καὶ
826 3862 1031 3912 maurocenum
1045 3837 1312 3932 ἱμῶνβασιλέωνι
1325 3849 1392 3909 etin
1401 3866 1439 3911 eo
1454 3848 1618 3930 exemplari
1633 3849 1714 3931 quod
1726 3867 1797 3912 ser-

431 3955 519 4010 vatur
539 3948 571 4008 in
593 3946 778 4010 Bibliotheca
801 3947 906 4030 Regia.
949 3937 1044 4036 Ὑπὲρ
1067 3942 1241 4061 σιρτρρίας,
1263 3965 1409 4032 κρατοος,
1431 3944 1534 4032 νιιιῆς,
1556 3941 1612 4010 καὶ
1638 3945 1796 4034 διαμονῆς

431 4045 497 4107 τῶν
517 4035 760 4124 εὐσεβεστάτων
781 4067 837 4108 και
827 4037 1189 4163 φιλοχρίστιοιὴμῶν
1208 4039 1380 4128 βασιλέων.
1424 4047 1488 4110 Pro
1515 4049 1626 4125 salute,
1655 4049 1796 4124 victorio,

426 4148 580 4226 potanda,
602 4149 831 4209 cmueructioue
848 4149 1057 4228 piissimorum
1079 4154 1109 4209 et
1130 4146 1244 4209 Chr-ish
1264 4149 1428 4209 amantium
1438 4147 1658 4229 Imperatorum
1671 4153 1796 4210 mosbo-

430 4264 516 4307 rum:
539 4264 617 4326 quae
639 4244 765 4308 formula
788 4255 928 4326 quantum
951 4266 968 4309 a
990 4246 1084 4309 blarci
1108 4246 1224 4309 Graeca
1255 4246 1377 4310 diversa
1409 4249 1465 4328 sit,
1494 4263 1583 4309 nemo
1611 4265 1672 4309 non
1702 4244 1794 4309 videt.

430 4342 505 4406 Nam
527 4344 557 4406 ln
580 4345 683 4426 primis
705 4345 808 4408 verbis
831 4347 1008 4430 agnoscitur
1030 4345 1196 4425 infidelem,
1224 4363 1285 4408 non
1314 4345 1511 4408 Christianum
1540 4347 1708 4429 prinoipem
1737 4346 1794 4408 de-

431 4444 561 4525 signari,
584 4463 650 4507 oum
672 4443 711 4508 de
735 4463 773 4508 eo
796 4443 920 4526 dicitur,
943 4465 1029 4526 puem
1043 4448 1129 4526 justo
1141 4445 1262 4525 judicio
1284 4452 1437 4524 hrosuper
1451 4447 1795 4526 hanctoromrepuore

431 4543 560 4607 coluisti.
604 4543 681 4606 Nihil
704 4543 753 4606 hio
783 4545 821 4607 ad
850 4545 968 4607 laudem
998 4542 1076 4607 illius
1110 4545 1197 4622 lrdei,
1228 4562 1304 4625 quae
1333 4550 1431 4607 tamen
1458 4563 1609 4626 nunquam
1632 4546 1793 4626 omittitur,

431 4641 550 4721 quoties
579 4642 617 4705 de
647 4641 824 4707 Christianis
854 4644 1088 4724 lmperatoribus
1117 4644 1212 4706 verba
1240 4643 1323 4707 liunt.
1367 4644 1496 4707 Accedit
1524 4645 1612 4707 etiam
1640 4645 1793 4726 sequentis

432 4742 575 4804 orationis
598 4740 711 4806 lorma:
735 4762 803 4806 narn
826 4743 864 4807 de
887 4743 962 4807 urbe
978 4743 1034 4806 sub
1058 4741 1235 4805 Christianis
1251 4743 1504 4824 lmperatoribus,
1527 4743 1651 4806 liberam
1664 4743 1793 4807 habente

430 4857 522 4904 verae
544 4841 711 4925 Religionis
734 4842 972 4925 professionem,
995 4861 1144 4925 nunquam
1166 4843 1223 4905 ista
1245 4843 1340 4906 verba
1361 4850 1560 4925 usurpantur3
1582 4842 1713 4906 allllotae
1737 4863 1794 4907 au-

431 4946 491 5001 tem
514 4949 545 5002 et
566 4941 622 5004 sub
644 4942 805 5006 Barbarica
828 4942 986 5024 tyrannide
1013 4943 1145 5025 gementi
1163 4939 1333 5028 ταπεινῆς
1358 4938 1414 5006 καὶ
1436 4936 1595 5028 ἐλεεινῆς,
1623 4943 1743 5006 hunde
1765 4951 1796 5006 et

429 5040 612 5104 miserabilis
632 5043 751 5106 nomina
774 5044 901 5106 maxime
924 5043 1121 5118 conveniunt;
1144 5041 1211 5104 talis
1234 5043 1311 5106 enim
1333 5042 1389 5106 luit
1411 5047 1480 5107 lunc
1491 5042 1695 5106 Alexandriae
1715 5061 1792 5108 con-

469 5178 583 5222 romur.
1536 5160 1582 5233 41
