4686 6060
728 547 804 624 384
1105 551 1180 628 DE
1231 553 1706 644 PATRIARGHA

725 735 1001 831 Apollinaristae:
1028 740 1095 812 imo
1123 750 1157 811 et
1182 739 1368 830 Meletiani,
1396 762 1534 836 quorum
1551 740 1709 840 reliquiae
1724 742 1841 836 adhuc,
1869 759 1946 820 ante
1960 751 2093 845 septin-

726 863 847 944 gentos
875 875 979 926 annos
1007 857 1110 928 variis
1141 858 1174 927 in
1205 856 1290 928 locis
1325 867 1540 953 supererant,
1571 869 1608 929 ut
1640 857 1682 930 16
1716 859 1854 952 singulis
1888 863 2010 936 dictum
2044 873 2095 936 661

725 969 760 1039 16
785 973 890 1042 variis
916 969 1084 1042 Historiae
1110 982 1246 1044 nostrae
1271 971 1524 1050 Alexandrinae
1550 973 1645 1046 locis.
1697 973 1862 1050 Haeresin
1881 1003 2014 1076 quoque
2037 991 2093 1052 te-

723 1105 809 1176 gere
834 1092 967 1181 poterat
991 1107 1118 1158 summa
1143 1089 1378 1184 plerorumque
1403 1092 1609 1181 ignorantia:
1642 1094 1714 1186 quis
1743 1095 1828 1165 enim
1854 1095 1950 1167 locus
1976 1094 2093 1168 fuisset

724 1197 918 1288 Monacbis,
946 1204 1061 1273 autin
1088 1202 1282 1294 solitudine,
1310 1208 1424 1276 autin
1450 1207 1531 1300 ipsis
1558 1205 1730 1280 coenobiis
1758 1207 1800 1279 de
1833 1210 1898 1282 lide
1926 1210 2092 1306 loquendi,

725 1314 781 1387 ubi
808 1338 916 1411 neque
949 1320 1148 1410 conciones,
1179 1342 1288 1415 nequa
1323 1319 1518 1394 collationes
1552 1321 1594 1392 de
1627 1321 1692 1394 fide
1726 1321 1949 1417 habebantur,
1987 1327 2093 1400 studia

725 1430 929 1524 Theologica
955 1432 1045 1507 nulla
1079 1433 1269 1528 llorebant?
1303 1435 1358 1509 Ad
1391 1436 1558 1510 vitandam
1590 1439 1689 1530 igitur
1723 1437 1920 1514 electionem
1956 1443 2093 1538 alicujus

726 1550 782 1642 qui
808 1547 928 1620 talibus
955 1550 1162 1645 opinionibus
1188 1551 1329 1624 inlectus
1343 1560 1452 1642 esset,
1479 1576 1606 1626 summa
1624 1553 1791 1648 diligentia
1809 1558 1842 1628 ln
1861 1555 1959 1630 fidem
1978 1582 2093 1634 eorum

725 1661 965 1757 inquirebatur:
994 1676 1028 1737 et
1053 1671 1081 1740 si
1107 1667 1215 1764 aliqua
1234 1670 1379 1764 suspicio
1407 1691 1453 1739 ex
1468 1672 1619 1741 virorum
1644 1668 1786 1742 fidelium
1812 1672 1976 1746 relatione
2001 1680 2092 1748 1661-

726 1777 838 1869 deret,
859 1783 946 1852 'satis
982 1794 1074 1874 erat,
1106 1793 1142 1854 ut
1173 1807 1241 1857 non
1276 1785 1417 1880 amplius
1453 1783 1494 1857 de
1528 1783 1591 1858 illis
1628 1789 1839 1878 cogitaretur.
1891 1786 2092 1888 Exemplum

725 1893 949 1970 subministrat
974 1903 1044 1971 vita
1072 1897 1243 1973 Michaebs
1269 1899 1419 1972 LXVIII.
1460 1897 1542 1974 Cum
1571 1903 1656 1972 enim
1672 1899 1800 1998 Cyrillo
1820 1905 1892 1995 ejus
1911 1904 2092 1980 decessore

724 2023 876 2106 mortuo,
902 2039 1012 2111 neque
1038 2015 1276 2108 Alexandrini,
1302 2014 1345 2087 ad
1373 2038 1456 2111 quos
1486 2015 1605 2088 electio
1630 2015 1834 2113 pertInebat,
1868 2042 1977 2115 neque
2001 2018 2091 2119 Epi-

724 2134 820 2226 scopi
846 2135 1043 2207 consentire'
1062 2135 1148 2204 Inter
1175 2155 1212 2205 se
1239 2142 1379 2229 possent
1405 2132 1447 2214 de
1474 2135 1546 2225 ejus
1573 2153 1793 2223 successore,
1826 2137 1919 2208 missi
1946 2147 2021 2210 sunt
2049 2139 2092 2212 ad

723 2244 962 2321 Monastcrium
990 2247 1025 2319 S.
1052 2248 1210 2343 Masurii,
1242 2252 1298 2345 qui
1331 2253 1535 2344 inquirerent
1567 2272 1609 2322 an
1643 2261 1757 2321 essent
1787 2251 1874 2321 inter
1906 2250 2090 2329 Monachos

723 2362 843 2459 aliqui,
870 2386 954 2460 quos
990 2365 1131 2437 coneilio
1163 2363 1407 2462 Episcoporum
1447 2375 1480 2438 et
1510 2365 1621 2437 Laide
1656 2365 1855 2460 primorIbus
1888 2388 2091 2463 proponere,

722 2485 879 2577 optimum
905 2480 995 2570 16616
1022 2480 1201 2555 videretur.
1254 2481 1476 2574 Designatus,
1502 2491 1644 2578 616666
1671 2484 1813 2554 caeteris
1841 2481 2090 2560 commendatus

721 2597 782 2670 1611
815 2597 951 2670 Samuel
987 2597 1117 2694 quidam
1157 2595 1388 2692 Anachoreta:
1423 2597 1485 2672 sed
1520 2621 1594 2670 cum
1627 2596 1888 2690 intellexissent,
1926 2597 2090 2676 absurdas

678 2735 685 2742 ’
723 2712 882 2808 quasdam
916 2735 991 2786 curn
1026 2715 1201 2810 opiniones
1239 2711 1382 2804 babere,
1422 2717 1512 2786 circa
1547 2714 1712 2786 Incarnati
1746 2714 1845 2787 verbi
1884 2720 2091 2811 mysterium,

722 2831 833 2901 statim
860 2851 935 2900 eum
960 2831 1158 2921 rejecerunt
1210 2828 1354 2902 Michael
1379 2851 1463 2902 vero
1492 2831 1545 2924 qui
1573 2829 1699 2902 electus
1726 2838 1796 2920 cst,
1825 2855 1899 2903 oum
1924 2835 2090 2928 proposi-

723 2955 774 3018 tus
801 2943 919 3018 suisset
944 2969 964 3016 6
991 2945 1138 3042 pluribus
1159 2943 1355 3042 EpiscopIs,
1382 2967 1449 3018 non
1475 2949 1567 3042 prius
1586 2958 1743 3042 acceptus
1760 2945 1802 3018 ab
1816 2945 1879 3020 ilbs
1893 2945 1965 3036 luit,
1992 2969 2091 3042 quam

723 3062 766 3133 ad
791 3059 907 3134 urbem
933 3065 1076 3135 vicinam
1104 3057 1219 3134 Cellae
1245 3067 1286 3146 in„
1306 3083 1369 3156 qua
1395 3060 1545 3133 reclusus
1566 3061 1718 3149 vivebat,
1747 3066 1840 3134 missi
1856 3062 2008 3152 16166661,
2036 3064 2091 3158 qui

723 3200 769 3249 ex
799 3176 930 3275 pubbca
964 3176 1074 3268 lama,
1117 3181 1305 3272 civiumque
1342 3179 1537 3250 testimoniis
1571 3187 1834 3269 cognoscerent,
1868 3201 1908 3250 an
1940 3177 2023 3250 fides
2058 3189 2091 3252 et

723 3315 826 3389 66666
852 3293 957 3384 111166,
984 3297 1132 3391 66161661
1159 3316 1245 3389 quae
1271 3293 1313 3364 de
1340 3315 1382 3365 66
1410 3291 1498 3389 apud
1525 3315 1641 3366 omnes
1667 3316 1789 3386 magna
1817 3306 1904 3382 6661,
1937 3316 2089 3391 666666-

722 3409 824 3481 deret.
963 3404 969 3413 ’

452 3551 650 3621 6666666666
675 3553 709 3606 66
823 3525 927 3598 LXV.
980 3527 1051 3599 Imo
1084 3537 1259 3625 postquam
1300 3525 1343 3597 ad
1377 3525 1533 3617 sulIragia
1567 3527 1645 3597 itum
1676 3534 1768 3616 erat,
1805 3526 2089 3622 comprobataque

415 3633 866 3738 1111111111666166666166]
892 3642 1042 3715 ordinum
1070 3645 1240 3716 sententiis
1268 3644 1339 3734 ejus
1367 3640 1506 3731 electio,
1536 3639 1697 3737 Episcopi
1727 3663 1797 3712 non
1829 3644 1919 3737 prius
1952 3651 2088 3715 statue-

418 3738 494 3791 ΨΜ
513 3725 681 3779 ⁰¹⁶¹¹¹³¹⁰l¹¹⁸
720 3758 801 3830 bant
825 3759 1044 3862 imponendas
1069 3757 1115 3829 1111
1141 3781 1218 3830 6666
1245 3757 1288 3829 ad
1314 3759 1608 3831 consecrationem
1643 3779 1778 3846 manus,
1813 3779 1911 3852 quam
1946 3757 1987 3830 de
2022 3757 2088 3830 fide

721 3873 763 3947 ab
790 3875 853 3948 illis
880 3878 1103 3968 interrogatus
1129 3875 1256 3948 1616661.
1309 3873 1427 3969 Neque
1454 3897 1495 3945 ea
1522 3871 1629 3945 solum
1660 3877 1789 3945 ratione
1824 3876 2088 3968 experimentum

719 3987 888 4063 iaciebant
917 3989 1012 4081 fidei,
1046 3993 1118 4083 ejus
1153 3993 1208 4086 qui
1239 3973 1428 4063 Patria‘rcha
1465 3988 1688 4082 designandus
1723 3998 1810 4060 erat:
1846 3987 1906 4060 sed
1939 3989 1973 4059 in
2012 3992 2089 4085 Ipsa

721 4104 935 4180 Ordinatione
963 4103 1218 4182 confessionem
1245 4105 1494 4204 pronunciabat.
1550 4103 1701 4178 Celebris
1737 4115 1790 4177 est
1823 4124 1906 4200 prae
1940 4105 2087 4175 caeteris

718 4221 791 4315 illa,
820 4247 904 4319 quae
930 4227 995 4295 ritu
1021 4223 1251 4298 Alexandrino
1279 4233 1355 4298 ante
1383 4220 1654 4295 communionem
1681 4221 1892 4318 pronunciari
1917 4216 2016 4308 solet,
2043 4217 2086 4290 de

717 4342 861 4412 veritate
887 4343 1039 4436 corporis
1071 4350 1105 4413 61
1139 4341 1309 4432 sanguinis
1338 4337 1459 4412 Christi
1493 4340 1527 4409 in
1552 4337 1777 4410 Eucharistia:
1810 4339 1864 4408 cui
1897 4333 2085 4431 66611116-

717 4454 900 4530 bamedana
927 4468 1094 4553 tempora,
1123 4455 1344 4550 adjunxenmt
1371 4452 1524 4551 Coptitae
1550 4454 1742 4551 particulam
1773 4475 1859 4549 quae
1885 4449 2085 4546 116666166-

718 4575 854 4646 sitarum
874 4573 1045 4646 doctrinae
1066 4570 1242 4645 medullam
1258 4574 1451 4643 contineret.
1477 4569 1537 4642 Illa
1554 4591 1657 4666 porro
1675 4569 1855 4643 Cordessio
1873 4563 2085 4658 exigebatur,

719 4691 818 4762 etiam
852 4701 1027 4786 postquam
1058 4689 1274 4785 proclamatio
1308 4696 1342 4759 et
1378 4685 1548 4757 Ordinatio
1584 4685 1674 4758 facta
1707 4695 1797 4774 erat,
1832 4692 1868 4757 ut
1900 4703 1946 4753 ex
1979 4684 2085 4754 variis

719 4806 887 4878 autoribus
915 4807 1059 4896 discitur,
1085 4805 1240 4902 illamque
1266 4797 1506 4900 pronunciabat
1533 4801 1724 4894 Ordinatus,
1751 4823 1824 4872 cum
1841 4797 2086 4873 Eucharistiam

674 4965 688 4990 1
719 4944 817 4993 manu
844 4931 982 4994 teneret.
1035 4921 1255 4994 Alexandrini
1287 4918 1543 4993 Confessionem
1574 4917 1650 4990 fidei
1683 4920 1846 5013 petierunt
1879 4939 1899 4987 6
1927 4911 2086 4986 Gabriele

718 5036 820 5110 LVII.
849 5041 903 5133 qui
929 5047 1007 5135 post
1031 5060 1149 5111 annum
1171 5037 1202 5109 J.
1220 5035 1257 5110 C.
1273 5031 1435 5109 DCCCC.
1462 5035 1631 5109 ordinatus
1659 5043 1721 5110 cst:
1749 5032 1847 5130 idque
1870 5034 1968 5124 juxta
1995 5051 2084 5102 eon·-
