4760 6038
679 638 744 711 CX
1196 633 1572 712 DISSERTATIO

676 823 742 898 bus
767 824 865 920 plena
893 825 947 913 sit,
972 843 1095 894 nomen
1121 819 1209 893 allud
1236 818 1390 914 quiddam
1415 818 1523 890 eidem
1540 817 1775 914 imponendum
1801 826 1867 890 est:
1895 819 1924 892 si
1950 821 2054 891 mixta

679 963 726 1012 ex
750 937 1113 1035 Liby-Aegyptiorum
1139 945 1173 1007 et
1194 933 1344 1008 Arabum
1361 932 1587 1016 Barbarorum
1606 955 1761 1008 sermone
1787 931 1902 1025 lingua
1921 938 2055 1006 censeri

679 1052 779 1126 debet
803 1062 881 1126 nata
910 1051 971 1126 sub
999 1049 1139 1123 Yubidis
1165 1049 1386 1145 principibus,
1420 1048 1485 1121 boc
1515 1059 1568 1122 est
1593 1047 1768 1120 undecimo
1796 1058 1831 1120 et
1856 1048 2053 1120 duodecimo

678 1167 827 1258 saeculo,
852 1167 977 1240 frustra
1004 1165 1254 1238 commendatur
1273 1165 1497 1257 Litargiarum
1514 1186 1601 1259 quae
1628 1163 1744 1235 eadem
1771 1162 1884 1256 lingua
1911 1165 2054 1258 scriptae

679 1293 755 1356 sunt
781 1285 968 1378 antiquitas,
996 1303 1093 1377 quarn
1117 1280 1182 1354 illis
1208 1280 1350 1356 saeculis
1378 1281 1585 1374 superiorem
1610 1277 1848 1352 contendimus.

356 1402 515 1473 sopitarum
529 1406 666 1458 nomen-b
782 1398 928 1469 Primum
954 1399 1053 1490 igitur
1079 1394 1328 1470 observandum
1355 1402 1425 1484 est,
1451 1392 1574 1468 frustra
1598 1391 1775 1468 laborasse
1800 1391 1994 1464 llircherum
2022 1395 2056 1464 in

353 1489 666 1628 qqqqcoponaaaaau-
680 1512 873 1584 deducenda
905 1515 1003 1586 vocis
1037 1513 1166 1603 origine
1200 1510 1241 1583 ab
1274 1509 1359 1582 urbe
1393 1509 1536 1602 Coptos,
1570 1513 1664 1604 quasi
1696 1508 1753 1580 illa
1787 1511 1847 1581 toti
1882 1507 2055 1605 Aegypto,

679 1637 780 1722 atque
805 1627 892 1712 adeo
920 1629 984 1722 ipsi
1014 1624 1149 1719 linguae
1181 1647 1304 1698 nomen
1334 1624 1471 1696 dederit.
1525 1624 1680 1720 Coptitae
1707 1625 1748 1696 ab
1776 1622 1946 1696 Arabibus
1973 1621 2054 1694 solis

678 1751 844 1815 vocantur
857 1741 952 1828 Isidi,
981 1751 1015 1813 et
1041 1744 1074 1840 in
1096 1738 1214 1835 plurali
1238 1738 1336 1812 aliter
1350 1737 1509 1827 formato,
1535 1739 1655 1812 Aibat
1678 1738 1843 1835 Aegyptii
1864 1737 2054 1812 Christiani:

679 1867 714 1930 et
738 1860 783 1928 ita
809 1855 914 1947 vulgo
941 1852 1089 1928 scribunt
1114 1854 1358 1928 Muhamedani.
1412 1853 1459 1926 At
1485 1851 1663 1928 Christiani
1696 1852 1844 1926 Arabiae
1869 1851 2054 1928 scribentes

680 1981 714 2044 et
746 1970 934 2064 loquentes,
967 1991 1046 2042 raro
1074 1968 1265 2066 Aegyptios
1300 1979 1427 2042 vocant
1452 1970 1548 2057 Kibt,
1576 1972 1651 2042 sive
1678 1967 1840 2064 Coptitas,
1867 1988 1985 2039 verum
2010 1986 2053 2036 eo

677 2089 812 2158 nomina
844 2085 1035 2176 Jacobitas,
1072 2085 1116 2156 ad
1140 2085 1371 2156 llelchitarum
1408 2086 1483 2156 sive
1521 2083 1793 2158 orthodoxorum
1824 2082 2054 2170 differentiam,

677 2198 787 2274 solent
821 2199 1009 2292 designare.
1071 2199 1109 2273 Si
1144 2198 1285 2295 Coptica
1317 2197 1495 2294 loquuntur
1530 2209 1587 2271 aut
1625 2198 1774 2274 scribunt
1807 2193 2053 2298 Ηανγύπτιος,

676 2323 733 2386 aut
758 2311 967 2414 Νιγύπτιος,
994 2323 1051 2386 aut
1077 2318 1328 2413 Ηανρέῳχημι
1363 2324 1489 2386 vocant
1519 2314 1671 2412 Aegypti
1702 2314 1830 2389 incolas
1857 2321 1892 2386 et
1916 2313 2053 2406 indige-

675 2449 754 2502 nas:
782 2431 939 2524 Coptitoo¹
962 2451 1128 2524 nunquam
1156 2451 1216 2503 eos
1242 2433 1424 2520 nominant,
1451 2453 1517 2526 qua
1544 2429 1782 2505 observatione
1815 2427 1893 2501 nihil
1919 2433 2054 2519 certius,

680 2567 756 2616 oum
789 2568 865 2617 eam
892 2544 1088 2618 confirment
1120 2543 1329 2620 Glossarium
1361 2543 1405 2618 ab
1439 2549 1516 2640 ipso
1550 2545 1714 2618 Kircbero
1747 2543 1886 2636 editum,
1919 2555 1954 2616 et
1989 2546 2054 2620 alia

675 2660 799 2733 inedita
824 2660 926 2752 longe
958 2659 1108 2735 meliora.
1159 2659 1241 2733 Inde
1272 2669 1366 2756 patet
1400 2681 1522 2734 vocem
1559 2658 1783 2757 Coptitarum,
1811 2682 1873 2736 seu
1899 2659 1993 2751 Kibt,
2019 2671 2055 2734 nt

675 2774 824 2849 Arabica
862 2775 1015 2867 affertur,
1050 2798 1071 2847 a
1105 2796 1195 2849 voce
1232 2772 1419 2875 αὶγύπτιος
1460 2776 1636 2850 sonnatam
1671 2798 1770 2868 esse,
1805 2797 1873 2847 non
1900 2774 1943 2847 ab
1970 2776 2054 2849 urbo

618 2904 626 2920 ·
677 2890 798 2986 Copto.

367 3012 584 3084 neuraacopto.
780 3005 868 3077 ltlira
885 3006 935 3078 ‚de
961 3006 1016 3078 illa
1042 3004 1127 3077 urbe
1161 3007 1418 3079 comminiscitur
1451 3005 1655 3096 Kircherus,
1681 3028 1791 3102 neque
1819 3015 1929 3078 tamen
1955 3004 2052 3078 ullam

676 3131 827 3198 auwrum
856 3123 910 3216 qui
937 3120 980 3192 de
1008 3143 1049 3192 ea
1073 3119 1150 3194 luse
1177 3123 1393 3216 scripserunt,
1419 3124 1570 3194 notitiam
1594 3121 1727 3194 videtur
1745 3120 1913 3196 habuisse.
1966 3122 2055 3195 Nota

675 3247 748 3308 erat
774 3237 916 3330 antiquis
944 3233 1174 3333 Geographis,
1207 3235 1384 3327 Straboni,
1418 3233 1612 3309 Ptolemaeo
1639 3244 1674 3308 et
1706 3236 1791 3328 aliis,
1818 3247 1917 3332 atque
1943 3235 1986 3311 ab
2014 3261 2055 3312 ea

676 3349 826 3447 Coptites
852 3351 980 3426 Nomus
1008 3349 1249 3447 appellabatur.
1302 3350 1427 3424 Plinius
1455 3373 1530 3422 eam
1556 3353 1717 3443 nominat,
1744 3356 1856 3448 aitque
1883 3372 1963 3425 esse
1989 3355 2055 3426 la-

350 3475 379 3527 t.
393 3479 418 3528 s.
432 3481 492 3530 ar.
676 3468 830 3538 dicoraam
855 3467 1154 3562 Arabicarumqae
1179 3470 1340 3539 aeratam
1357 3466 1440 3538 Nilo
1463 3472 1658 3562 proximam
1685 3472 1879 3562 emporitana
1931 3468 1988 3542 Ad
2014 3491 2055 3542 ea

599 3651 602 3656 .
672 3581 781 3654 verba
808 3582 1019 3657 doctissimus
1047 3583 1172 3674 editor,
1206 3582 1267 3657 sad
1302 3586 1337 3655 in
1364 3582 1587 3659 Orientalibus
1613 3583 1719 3658 literis
1745 3605 1813 3656 non
1840 3587 2053 3657 exercitatus.

673 3699 850 3792 Aegyptus
875 3701 953 3792 ipso
974 3700 1143 3795 indigenis
1162 3700 1271 3793 Kopti
1296 3700 1590 3788 cocotaadetrito,
1618 3707 1655 3771 at
1679 3706 1836 3794 apparet,
1866 3722 1913 3774 aa
1938 3707 2055 3771 cetere

674 3812 907 3906 appellatione
926 3815 1112 3909 Aegyptus,
1137 3819 1253 3909 primo
1277 3815 1420 3908 muodo.
1472 3815 1563 3886 Hinc
1585 3815 1723 3911 liapame
1739 3814 1905 3909 Copticoe
1924 3837 2054 3888 aaaron.

673 3926 722 3999 At
747 3927 927 4024 Aegyptus
952 3938 1095 4001 vocatur
1122 3929 1164 4002 ab
1191 3929 1358 4022 indigenis
1379 3934 1499 4025 Χημι,
1524 3952 1591 4003 uon
1616 3932 1738 4024 Kapti,
1765 3941 1799 4002 et
1821 3930 1862 4002 ab
1884 3930 2053 4005 Arabibus

573 4137 580 4152 .
673 4044 780 4134 diser,
807 4051 841 4114 et
865 4043 979 4136 lingua
1005 4055 1149 4118 vocatur
1176 4043 1329 4143 Coptica,
1359 4048 1434 4140 quia
1462 4043 1682 4140 Coptitanrm,
1709 4067 1770 4120 seu
1796 4045 2054 4142 AegyptIorum,

674 4181 760 4254 quos
786 4159 934 4251 Arabes,
959 4169 996 4231 ut
1022 4159 1182 4251 diximus,
1216 4163 1303 4235 Ilibt
1332 4171 1458 4236 vocant
1483 4173 1536 4237 est
1560 4164 1704 4260 propria.
1757 4163 1890 4235 Nomen
1919 4163 2006 4236 istud
2035 4182 2055 4231 a

676 4273 787 4369 Copto
814 4275 897 4348 urbe
923 4274 1103 4348 formatum
1130 4299 1227 4370 esse,
1255 4279 1410 4378 quidquid
1435 4278 1616 4352 llircherus
1643 4279 1776 4368 dixerit,
1803 4282 1960 4352 sustineri
1985 4301 2053 4351 non

620 4474 625 4484 ⁸
675 4398 796 4486 potest.
850 4389 1004 4465 Celebris
1031 4400 1104 4464 erat
1128 4393 1186 4466 illa
1211 4394 1292 4468 urbs
1319 4398 1353 4468 in
1380 4393 1569 4467 Thebaida:
1595 4393 1730 4490 longam
1758 4394 1800 4466 de
1827 4393 1914 4468 illius
1942 4396 2054 4486 origi-

675 4504 785 4595 nibus,
813 4515 847 4577 et
873 4508 1120 4604 antiquitatibus
1146 4512 1370 4584 narrationem
1389 4518 1508 4582 texunt
1523 4509 1669 4604 Arabes,
1696 4519 1732 4580 ut
1757 4512 1843 4581 inter
1871 4508 1955 4583 alios
1973 4509 2054 4582 Ma-

676 4619 811 4720 krizips,
837 4620 1017 4698 Karninius
1045 4632 1079 4695 et
1106 4623 1182 4716 alii,
1218 4625 1278 4698 sed
1305 4625 1427 4700 fabulis
1453 4627 1759 4721 inquinatissimam.
1813 4622 2055 4698 Celebrabatur

675 4738 873 4832 praesertim
900 4738 1155 4830 smaragdorum
1181 4742 1304 4833 insigni
1330 4741 1457 4831 fodina,
1482 4740 1591 4813 Plinio
1617 4761 1685 4812 non
1712 4741 1839 4831 ignota,
1867 4761 1965 4833 quam
1991 4763 2055 4811 ac-

348 4860 494 4915 osma
676 4860 792 4921 curate
819 4849 976 4924 describit
1001 4851 1132 4936 Abmed
1157 4854 1244 4929 lilius
1269 4858 1369 4952 Ayan
1400 4859 1566 4952 inopere
1594 4853 1846 4951 Ceographico,
1873 4863 1982 4926 tamen
2012 4853 2054 4926 ab

676 4963 732 5036 illa
757 4961 903 5056 linguam
931 4967 1178 5064 Aegyptiacam
1204 4991 1326 5044 nomen
1353 4975 1540 5066 accepisse,
1565 4993 1666 5044 nemo
1685 4973 1884 5066 scriptorum
1904 4967 2055 5042 Arabum

677 5081 858 5152 memoriae
894 5081 1047 5176 prodidit.
1096 5084 1191 5158 Haec
1232 5089 1342 5160 omnia
1387 5109 1473 5182 quae
1515 5110 1562 5160 ex
1608 5085 1849 5184 probatissimis
1885 5085 2055 5161 autoribus
