<?xml version="1.0" encoding="UTF-8"?>
<!DOCTYPE html PUBLIC "-//W3C//DTD XHTML 1.0 Transitional//EN"
    "http://www.w3.org/TR/xhtml1/DTD/xhtml1-transitional.dtd">
<html xmlns="http://www.w3.org/1999/xhtml" xml:lang="en" lang="en">
 <head>
  <title>
</title>
<meta http-equiv="Content-Type" content="text/html;charset=utf-8" />
  <meta name='ocr-system' content='tesseract 3.04.00' />
  <meta name='ocr-capabilities' content='ocr_page ocr_carea ocr_par ocr_line ocrx_word'/>
</head>
<body>
  <div class='ocr_page' id='page_1' title='image "./liturgiarumorie03renagoog_0070.png"; bbox 0 0 4778 6034; ppageno 0'>
   <div class='ocr_carea' id='block_1_1' title="bbox 501 601 1737 685">
    <p class='ocr_par' dir='ltr' id='par_1_1' title="bbox 501 601 1737 685">
     <span class='ocr_line' id='line_1_1' title="bbox 501 601 1737 685; baseline -0.005 -1"><span class='ocrx_word' id='word_1_1' title='bbox 501 605 817 684; x_wconf 80' lang='lat' dir='ltr'>Dllbl&#39;lURGlhllllIl</span> <span class='ocrx_word' id='word_1_2' title='bbox 831 604 1084 683; x_wconf 83' lang='lat' dir='ltr'>OlllEllThLlUll</span> <span class='ocrx_word' id='word_1_3' title='bbox 1098 605 1247 683; x_wconf 77' lang='lat' dir='ltr'>omont</span> <span class='ocrx_word' id='word_1_4' title='bbox 1260 607 1308 682; x_wconf 81' lang='lat' dir='ltr'>nr</span> <span class='ocrx_word' id='word_1_5' title='bbox 1321 606 1568 685; x_wconf 76' lang='lat' dir='ltr'>antoninum.</span> <span class='ocrx_word' id='word_1_6' title='bbox 1593 601 1737 678; x_wconf 84' lang='lat' dir='ltr'>XXXIII</span> 
     </span>
    </p>
   </div>
   <div class='ocr_carea' id='block_1_2' title="bbox 349 791 1769 1588">
    <p class='ocr_par' dir='ltr' id='par_1_2' title="bbox 349 791 1769 1588">
     <span class='ocr_line' id='line_1_2' title="bbox 373 791 1735 892; baseline 0 -26"><span class='ocrx_word' id='word_1_7' title='bbox 373 796 407 866; x_wconf 88' lang='lat' dir='ltr'>ln</span> <span class='ocrx_word' id='word_1_8' title='bbox 432 791 642 866; x_wconf 89' lang='lat' dir='ltr'>Nestoriana.</span> <span class='ocrx_word' id='word_1_9' title='bbox 668 791 798 888; x_wconf 84' lang='lat' dir='ltr'><strong>Nempe</strong></span> <span class='ocrx_word' id='word_1_10' title='bbox 824 797 900 888; x_wconf 89' lang='lat' dir='ltr'>quia</span> <span class='ocrx_word' id='word_1_11' title='bbox 927 795 1007 866; x_wconf 77' lang='lat' dir='ltr'>ritars</span> <span class='ocrx_word' id='word_1_12' title='bbox 1025 793 1405 890; x_wconf 77' lang='lat' dir='ltr'>constantinopolitanos</span> <span class='ocrx_word' id='word_1_13' title='bbox 1434 794 1613 868; x_wconf 80' lang='lat' dir='ltr'>didicerant</span> <span class='ocrx_word' id='word_1_14' title='bbox 1637 797 1735 892; x_wconf 93' lang='lat' dir='ltr'>primi</span> 
     </span>
     <span class='ocr_line' id='line_1_3' title="bbox 373 908 1733 1006; baseline 0.002 -25"><span class='ocrx_word' id='word_1_15' title='bbox 373 909 519 982; x_wconf 91' lang='lat' dir='ltr'>Nestorii</span> <span class='ocrx_word' id='word_1_16' title='bbox 552 932 736 1005; x_wconf 76' lang='lat' dir='ltr'>sequaces,</span> <span class='ocrx_word' id='word_1_17' title='bbox 769 931 852 1005; x_wconf 92' lang='lat' dir='ltr'>quos</span> <span class='ocrx_word' id='word_1_18' title='bbox 887 913 921 982; x_wconf 94' lang='lat' dir='ltr'>in</span> <span class='ocrx_word' id='word_1_19' title='bbox 955 908 1144 999; x_wconf 89' lang='lat' dir='ltr'>Orientem,</span> <span class='ocrx_word' id='word_1_20' title='bbox 1179 909 1235 982; x_wconf 93' lang='lat' dir='ltr'>ubi</span> <span class='ocrx_word' id='word_1_21' title='bbox 1267 911 1416 1006; x_wconf 82' lang='lat' dir='ltr'>plerique</span> <span class='ocrx_word' id='word_1_22' title='bbox 1448 911 1546 987; x_wconf 89' lang='lat' dir='ltr'>sedes</span> <span class='ocrx_word' id='word_1_23' title='bbox 1579 912 1733 1004; x_wconf 88' lang='lat' dir='ltr'>fixerunt,</span> 
     </span>
     <span class='ocr_line' id='line_1_4' title="bbox 374 1025 1732 1122; baseline 0.001 -24"><span class='ocrx_word' id='word_1_24' title='bbox 374 1026 616 1099; x_wconf 82' lang='lat' dir='ltr'>transtrderunt</span> <span class='ocrx_word' id='word_1_25' title='bbox 651 1028 765 1122; x_wconf 88' lang='lat' dir='ltr'>ltaque</span> <span class='ocrx_word' id='word_1_26' title='bbox 788 1028 857 1118; x_wconf 86' lang='lat' dir='ltr'>jam</span> <span class='ocrx_word' id='word_1_27' title='bbox 883 1029 917 1097; x_wconf 92' lang='lat' dir='ltr'>in</span> <span class='ocrx_word' id='word_1_28' title='bbox 944 1025 1077 1098; x_wconf 89' lang='lat' dir='ltr'>codices</span> <span class='ocrx_word' id='word_1_29' title='bbox 1103 1027 1207 1099; x_wconf 87' lang='lat' dir='ltr'>relata</span> <span class='ocrx_word' id='word_1_30' title='bbox 1235 1038 1307 1099; x_wconf 88' lang='lat' dir='ltr'>erut</span> <span class='ocrx_word' id='word_1_31' title='bbox 1333 1037 1398 1098; x_wconf 90' lang='lat' dir='ltr'>tum</span> <span class='ocrx_word' id='word_1_32' title='bbox 1412 1026 1579 1121; x_wconf 74' lang='lat' dir='ltr'>liturgia:</span> <span class='ocrx_word' id='word_1_33' title='bbox 1599 1037 1640 1108; x_wconf 78' lang='lat' dir='ltr'>,et</span> <span class='ocrx_word' id='word_1_34' title='bbox 1658 1049 1732 1100; x_wconf 93' lang='lat' dir='ltr'>cum</span> 
     </span>
     <span class='ocr_line' id='line_1_5' title="bbox 349 1139 1769 1238; baseline 0.004 -25"><span class='ocrx_word' id='word_1_35' title='bbox 349 1142 519 1216; x_wconf 77' lang='lat' dir='ltr'>Ioannes</span> <span class='ocrx_word' id='word_1_36' title='bbox 547 1139 805 1237; x_wconf 72' lang='lat' dir='ltr'>chrysostomus</span> <span class='ocrx_word' id='word_1_37' title='bbox 833 1141 874 1214; x_wconf 88' lang='lat' dir='ltr'>ab</span> <span class='ocrx_word' id='word_1_38' title='bbox 903 1165 989 1215; x_wconf 93' lang='lat' dir='ltr'>anno</span> <span class='ocrx_word' id='word_1_39' title='bbox 1018 1141 1241 1216; x_wconf 84' lang='lat' dir='ltr'>CCCXCVII.</span> <span class='ocrx_word' id='word_1_40' title='bbox 1269 1167 1373 1238; x_wconf 89' lang='lat' dir='ltr'>usque</span> <span class='ocrx_word' id='word_1_41' title='bbox 1400 1144 1441 1216; x_wconf 87' lang='lat' dir='ltr'>od</span> <span class='ocrx_word' id='word_1_42' title='bbox 1464 1144 1640 1218; x_wconf 84' lang='lat' dir='ltr'>cccclv.</span> <span class='ocrx_word' id='word_1_43' title='bbox 1663 1167 1728 1238; x_wconf 89' lang='lat' dir='ltr'>quo</span> <span class='ocrx_word' id='word_1_44' title='bbox 1764 1171 1769 1182; x_wconf 77' lang='lat'><strong><em>‘</em></strong></span> 
     </span>
     <span class='ocr_line' id='line_1_6' title="bbox 373 1257 1732 1355; baseline 0.001 -25"><span class='ocrx_word' id='word_1_45' title='bbox 373 1257 517 1330; x_wconf 86' lang='lat' dir='ltr'>secundo</span> <span class='ocrx_word' id='word_1_46' title='bbox 550 1257 664 1353; x_wconf 89' lang='lat' dir='ltr'>pulsus</span> <span class='ocrx_word' id='word_1_47' title='bbox 698 1269 770 1348; x_wconf 88' lang='lat' dir='ltr'>est,</span> <span class='ocrx_word' id='word_1_48' title='bbox 807 1259 919 1331; x_wconf 86' lang='lat' dir='ltr'>sedem</span> <span class='ocrx_word' id='word_1_49' title='bbox 955 1261 1111 1347; x_wconf 88' lang='lat' dir='ltr'>tenuerit,</span> <span class='ocrx_word' id='word_1_50' title='bbox 1149 1263 1255 1354; x_wconf 90' lang='lat' dir='ltr'>potuit</span> <span class='ocrx_word' id='word_1_51' title='bbox 1287 1281 1330 1331; x_wconf 93' lang='lat' dir='ltr'>eo</span> <span class='ocrx_word' id='word_1_52' title='bbox 1366 1265 1524 1355; x_wconf 90' lang='lat' dir='ltr'>temporis</span> <span class='ocrx_word' id='word_1_53' title='bbox 1557 1261 1732 1333; x_wconf 90' lang='lat' dir='ltr'>intervallo</span> 
     </span>
     <span class='ocr_line' id='line_1_7' title="bbox 371 1373 1733 1470; baseline 0.004 -28"><span class='ocrx_word' id='word_1_54' title='bbox 371 1395 490 1468; x_wconf 85' lang='lat' dir='ltr'>preces</span> <span class='ocrx_word' id='word_1_55' title='bbox 518 1373 776 1446; x_wconf 87' lang='lat' dir='ltr'>sacramentales</span> <span class='ocrx_word' id='word_1_56' title='bbox 804 1374 977 1466; x_wconf 87' lang='lat' dir='ltr'>ordinare,</span> <span class='ocrx_word' id='word_1_57' title='bbox 1005 1385 1103 1470; x_wconf 87' lang='lat' dir='ltr'>utque</span> <span class='ocrx_word' id='word_1_58' title='bbox 1130 1375 1162 1446; x_wconf 95' lang='lat' dir='ltr'>id</span> <span class='ocrx_word' id='word_1_59' title='bbox 1190 1375 1387 1466; x_wconf 86' lang='lat' dir='ltr'>sufficiebat,</span> <span class='ocrx_word' id='word_1_60' title='bbox 1413 1385 1449 1447; x_wconf 87' lang='lat' dir='ltr'>nt</span> <span class='ocrx_word' id='word_1_61' title='bbox 1475 1379 1547 1469; x_wconf 82' lang='lat' dir='ltr'>eJ‘us</span> <span class='ocrx_word' id='word_1_62' title='bbox 1567 1379 1733 1450; x_wconf 84' lang='lat' dir='ltr'>diceretur</span> 
     </span>
     <span class='ocr_line' id='line_1_8' title="bbox 370 1489 1113 1588; baseline 0.009 -27"><span class='ocrx_word' id='word_1_63' title='bbox 370 1489 540 1584; x_wconf 80' lang='lat' dir='ltr'>liturgia,</span> <span class='ocrx_word' id='word_1_64' title='bbox 566 1515 652 1588; x_wconf 87' lang='lat' dir='ltr'>quae</span> <span class='ocrx_word' id='word_1_65' title='bbox 679 1490 720 1563; x_wconf 96' lang='lat' dir='ltr'>ab</span> <span class='ocrx_word' id='word_1_66' title='bbox 749 1514 790 1564; x_wconf 90' lang='lat' dir='ltr'>eo</span> <span class='ocrx_word' id='word_1_67' title='bbox 817 1492 966 1564; x_wconf 87' lang='lat' dir='ltr'>ordinata</span> <span class='ocrx_word' id='word_1_68' title='bbox 995 1490 1113 1568; x_wconf 88' lang='lat' dir='ltr'>luerat.</span> 
     </span>
    </p>
   </div>
   <div class='ocr_carea' id='block_1_3' title="bbox 474 1606 1985 1762">
    <p class='ocr_par' dir='ltr' id='par_1_3' title="bbox 474 1606 2054 1762">
     <span class='ocr_line' id='line_1_9' title="bbox 474 1606 1985 1762; baseline -0.003 -82"><span class='ocrx_word' id='word_1_69' title='bbox 474 1606 557 1680; x_wconf 83' lang='lat' dir='ltr'>Cum</span> <span class='ocrx_word' id='word_1_70' title='bbox 588 1630 672 1680; x_wconf 89' lang='lat' dir='ltr'>vero</span> <span class='ocrx_word' id='word_1_71' title='bbox 706 1609 800 1680; x_wconf 88' lang='lat' dir='ltr'>annis</span> <span class='ocrx_word' id='word_1_72' title='bbox 832 1608 953 1701; x_wconf 86' lang='lat' dir='ltr'>aliquot</span> <span class='ocrx_word' id='word_1_73' title='bbox 980 1618 1077 1680; x_wconf 89' lang='lat' dir='ltr'>antea</span> <span class='ocrx_word' id='word_1_74' title='bbox 1104 1607 1249 1704; x_wconf 71' lang='lat' dir='ltr'>cyrillus</span> <span class='ocrx_word' id='word_1_75' title='bbox 1273 1608 1595 1707; x_wconf 74' lang='lat' dir='ltr'>HIerosolymitanus</span> <span class='ocrx_word' id='word_1_76' title='bbox 1622 1609 1731 1683; x_wconf 83' lang='lat' dir='ltr'>Cate-</span> <span class='ocrx_word' id='word_1_77' title='bbox 1744 1607 1985 1762; x_wconf 58' lang='lat' dir='ltr'>chllltXXlle</span> 
     </span>
    </p>
   </div>
   <div class='ocr_carea' id='block_1_4' title="bbox 372 1723 1972 1848">
    <p class='ocr_par' dir='ltr' id='par_1_4' title="bbox 372 1723 1972 1848">
     <span class='ocr_line' id='line_1_10' title="bbox 372 1723 1972 1848; baseline 0.003 -56"><span class='ocrx_word' id='word_1_78' title='bbox 372 1723 490 1796; x_wconf 83' lang='lat' dir='ltr'>chesas</span> <span class='ocrx_word' id='word_1_79' title='bbox 518 1745 594 1797; x_wconf 89' lang='lat' dir='ltr'>suas</span> <span class='ocrx_word' id='word_1_80' title='bbox 622 1726 809 1818; x_wconf 73' lang='lat' dir='ltr'>scripserit,</span> <span class='ocrx_word' id='word_1_81' title='bbox 842 1724 880 1795; x_wconf 77' lang='lat' dir='ltr'>in*</span> <span class='ocrx_word' id='word_1_82' title='bbox 902 1723 1019 1819; x_wconf 91' lang='lat' dir='ltr'>quibus</span> <span class='ocrx_word' id='word_1_83' title='bbox 1045 1725 1225 1820; x_wconf 73' lang='lat' dir='ltr'>partiendae</span> <span class='ocrx_word' id='word_1_84' title='bbox 1252 1725 1414 1820; x_wconf 88' lang='lat' dir='ltr'>quaedam</span> <span class='ocrx_word' id='word_1_85' title='bbox 1440 1736 1515 1800; x_wconf 88' lang='lat' dir='ltr'>sunt</span> <span class='ocrx_word' id='word_1_86' title='bbox 1541 1749 1587 1799; x_wconf 90' lang='lat' dir='ltr'>ex</span> <span class='ocrx_word' id='word_1_87' title='bbox 1612 1725 1972 1848; x_wconf 67' lang='lat' dir='ltr'>‘¹³⁰⁰bimemorymau.</span> 
     </span>
    </p>
   </div>
   <div class='ocr_carea' id='block_1_5' title="bbox 368 1837 1815 2984">
    <p class='ocr_par' dir='ltr' id='par_1_5' title="bbox 368 1837 1815 2984">
     <span class='ocr_line' id='line_1_11' title="bbox 370 1837 1731 1938; baseline 0.004 -28"><span class='ocrx_word' id='word_1_88' title='bbox 370 1837 520 1932; x_wconf 89' lang='lat' dir='ltr'>Liturgia</span> <span class='ocrx_word' id='word_1_89' title='bbox 547 1839 734 1928; x_wconf 85' lang='lat' dir='ltr'>desumtue,</span> <span class='ocrx_word' id='word_1_90' title='bbox 767 1843 891 1935; x_wconf 90' lang='lat' dir='ltr'>scripto</span> <span class='ocrx_word' id='word_1_91' title='bbox 924 1863 1055 1936; x_wconf 92' lang='lat' dir='ltr'>quoque</span> <span class='ocrx_word' id='word_1_92' title='bbox 1086 1839 1358 1936; x_wconf 88' lang='lat' dir='ltr'>comprehensam</span> <span class='ocrx_word' id='word_1_93' title='bbox 1391 1864 1465 1914; x_wconf 89' lang='lat' dir='ltr'>eam</span> <span class='ocrx_word' id='word_1_94' title='bbox 1491 1841 1612 1932; x_wconf 89' lang='lat' dir='ltr'>luisse,</span> <span class='ocrx_word' id='word_1_95' title='bbox 1646 1866 1731 1938; x_wconf 89' lang='lat' dir='ltr'>quae</span> 
     </span>
     <span class='ocr_line' id='line_1_12' title="bbox 370 1952 1731 2058; baseline 0.006 -32"><span class='ocrx_word' id='word_1_96' title='bbox 370 1952 544 2030; x_wconf 82' lang='lat' dir='ltr'>Ecclesiae</span> <span class='ocrx_word' id='word_1_97' title='bbox 569 1955 891 2052; x_wconf 75' lang='lat' dir='ltr'>llierosolymitanae</span> <span class='ocrx_word' id='word_1_98' title='bbox 916 1961 1051 2053; x_wconf 90' lang='lat' dir='ltr'>propria</span> <span class='ocrx_word' id='word_1_99' title='bbox 1078 1956 1181 2046; x_wconf 88' lang='lat' dir='ltr'>leret,</span> <span class='ocrx_word' id='word_1_100' title='bbox 1207 1958 1479 2030; x_wconf 84' lang='lat' dir='ltr'>verisimillimum</span> <span class='ocrx_word' id='word_1_101' title='bbox 1506 1970 1568 2032; x_wconf 93' lang='grc' dir='ltr'><strong>εει.</strong></span> <span class='ocrx_word' id='word_1_102' title='bbox 1606 1961 1731 2058; x_wconf 79' lang='lat' dir='ltr'>Syria-</span> 
     </span>
     <span class='ocr_line' id='line_1_13' title="bbox 371 2071 1731 2170; baseline 0.004 -28"><span class='ocrx_word' id='word_1_103' title='bbox 371 2094 442 2144; x_wconf 90' lang='lat' dir='ltr'>cam</span> <span class='ocrx_word' id='word_1_104' title='bbox 471 2076 557 2144; x_wconf 92' lang='lat' dir='ltr'>enim</span> <span class='ocrx_word' id='word_1_105' title='bbox 584 2071 732 2164; x_wconf 75' lang='lat' dir='ltr'>eJusdem</span> <span class='ocrx_word' id='word_1_106' title='bbox 759 2075 916 2162; x_wconf 84' lang='lat' dir='ltr'>nominis,</span> <span class='ocrx_word' id='word_1_107' title='bbox 952 2097 1038 2169; x_wconf 88' lang='lat' dir='ltr'>quae</span> <span class='ocrx_word' id='word_1_108' title='bbox 1071 2095 1117 2145; x_wconf 86' lang='lat' dir='ltr'>ex</span> <span class='ocrx_word' id='word_1_109' title='bbox 1143 2072 1274 2145; x_wconf 87' lang='lat' dir='ltr'>Graeca</span> <span class='ocrx_word' id='word_1_110' title='bbox 1310 2097 1473 2170; x_wconf 88' lang='lat' dir='ltr'>expressa</span> <span class='ocrx_word' id='word_1_111' title='bbox 1509 2085 1577 2166; x_wconf 90' lang='lat' dir='ltr'>est,</span> <span class='ocrx_word' id='word_1_112' title='bbox 1612 2075 1731 2148; x_wconf 93' lang='lat' dir='ltr'>dudum</span> 
     </span>
     <span class='ocr_line' id='line_1_14' title="bbox 370 2187 1731 2288; baseline 0.006 -30"><span class='ocrx_word' id='word_1_113' title='bbox 370 2198 445 2260; x_wconf 86' lang='lat' dir='ltr'>ante</span> <span class='ocrx_word' id='word_1_114' title='bbox 465 2188 605 2261; x_wconf 86' lang='lat' dir='ltr'>schisma</span> <span class='ocrx_word' id='word_1_115' title='bbox 621 2187 944 2286; x_wconf 81' lang='lat' dir='ltr'>Monopbysitarum,</span> <span class='ocrx_word' id='word_1_116' title='bbox 974 2192 1027 2284; x_wconf 92' lang='lat' dir='ltr'>qui</span> <span class='ocrx_word' id='word_1_117' title='bbox 1053 2200 1171 2287; x_wconf 89' lang='lat' dir='ltr'>postea</span> <span class='ocrx_word' id='word_1_118' title='bbox 1197 2190 1369 2263; x_wconf 80' lang='lat' dir='ltr'>tacebitne</span> <span class='ocrx_word' id='word_1_119' title='bbox 1396 2190 1550 2288; x_wconf 88' lang='lat' dir='ltr'>appellati</span> <span class='ocrx_word' id='word_1_120' title='bbox 1576 2202 1671 2284; x_wconf 89' lang='lat' dir='ltr'>sunt,</span> <span class='ocrx_word' id='word_1_121' title='bbox 1697 2195 1731 2266; x_wconf 93' lang='lat' dir='ltr'>in</span> 
     </span>
     <span class='ocr_line' id='line_1_15' title="bbox 370 2304 1815 2404; baseline 0.005 -27"><span class='ocrx_word' id='word_1_122' title='bbox 370 2307 491 2401; x_wconf 89' lang='lat' dir='ltr'>scripta</span> <span class='ocrx_word' id='word_1_123' title='bbox 517 2305 653 2376; x_wconf 90' lang='lat' dir='ltr'>relatam</span> <span class='ocrx_word' id='word_1_124' title='bbox 680 2304 803 2396; x_wconf 86' lang='lat' dir='ltr'>luisse,</span> <span class='ocrx_word' id='word_1_125' title='bbox 830 2305 946 2378; x_wconf 89' lang='lat' dir='ltr'>suadet</span> <span class='ocrx_word' id='word_1_126' title='bbox 971 2307 1171 2396; x_wconf 91' lang='lat' dir='ltr'>communis,</span> <span class='ocrx_word' id='word_1_127' title='bbox 1198 2309 1254 2401; x_wconf 91' lang='lat' dir='ltr'>qui</span> <span class='ocrx_word' id='word_1_128' title='bbox 1272 2309 1447 2379; x_wconf 89' lang='lat' dir='ltr'>etiamnum</span> <span class='ocrx_word' id='word_1_129' title='bbox 1464 2309 1730 2404; x_wconf 85' lang='lat' dir='ltr'>superest,illius</span> <span class='ocrx_word' id='word_1_130' title='bbox 1802 2321 1815 2342; x_wconf 89' lang='grc'><em>·</em></span> 
     </span>
     <span class='ocr_line' id='line_1_16' title="bbox 369 2420 1730 2521; baseline 0.004 -29"><span class='ocrx_word' id='word_1_131' title='bbox 369 2443 464 2512; x_wconf 89' lang='lat' dir='ltr'>usus,</span> <span class='ocrx_word' id='word_1_132' title='bbox 498 2431 563 2500; x_wconf 87' lang='lat' dir='ltr'>tam</span> <span class='ocrx_word' id='word_1_133' title='bbox 590 2422 677 2516; x_wconf 89' lang='lat' dir='ltr'>apud</span> <span class='ocrx_word' id='word_1_134' title='bbox 702 2420 937 2514; x_wconf 87' lang='lat' dir='ltr'>Orthodoxos,</span> <span class='ocrx_word' id='word_1_135' title='bbox 973 2445 1068 2518; x_wconf 89' lang='lat' dir='ltr'>quam</span> <span class='ocrx_word' id='word_1_136' title='bbox 1096 2421 1182 2517; x_wconf 91' lang='lat' dir='ltr'>apud</span> <span class='ocrx_word' id='word_1_137' title='bbox 1207 2421 1387 2494; x_wconf 88' lang='lat' dir='ltr'>Jacobitas.</span> <span class='ocrx_word' id='word_1_138' title='bbox 1435 2423 1485 2496; x_wconf 94' lang='lat' dir='ltr'>lIli</span> <span class='ocrx_word' id='word_1_139' title='bbox 1512 2427 1631 2521; x_wconf 91' lang='lat' dir='ltr'>quippe</span> <span class='ocrx_word' id='word_1_140' title='bbox 1658 2425 1730 2498; x_wconf 87' lang='lat' dir='ltr'>Sa-</span> 
     </span>
     <span class='ocr_line' id='line_1_17' title="bbox 369 2537 1730 2634; baseline 0.004 -26"><span class='ocrx_word' id='word_1_141' title='bbox 369 2539 586 2611; x_wconf 88' lang='lat' dir='ltr'>cramentales</span> <span class='ocrx_word' id='word_1_142' title='bbox 613 2537 717 2611; x_wconf 90' lang='lat' dir='ltr'>libros</span> <span class='ocrx_word' id='word_1_143' title='bbox 744 2561 917 2633; x_wconf 91' lang='lat' dir='ltr'>numquam</span> <span class='ocrx_word' id='word_1_144' title='bbox 937 2537 979 2610; x_wconf 93' lang='lat' dir='ltr'>ab</span> <span class='ocrx_word' id='word_1_145' title='bbox 1001 2538 1176 2628; x_wconf 75' lang='lat' dir='ltr'>haereticIs</span> <span class='ocrx_word' id='word_1_146' title='bbox 1202 2548 1416 2634; x_wconf 82' lang='lat' dir='ltr'>acceperumt:</span> <span class='ocrx_word' id='word_1_147' title='bbox 1444 2563 1516 2612; x_wconf 91' lang='lat' dir='ltr'>oum</span> <span class='ocrx_word' id='word_1_148' title='bbox 1535 2544 1588 2614; x_wconf 91' lang='lat' dir='ltr'>isti</span> <span class='ocrx_word' id='word_1_149' title='bbox 1614 2551 1730 2614; x_wconf 89' lang='lat' dir='ltr'>contra</span> 
     </span>
     <span class='ocr_line' id='line_1_18' title="bbox 369 2653 1729 2731; baseline 0.004 -6"><span class='ocrx_word' id='word_1_150' title='bbox 369 2675 446 2725; x_wconf 88' lang='lat' dir='ltr'>suos</span> <span class='ocrx_word' id='word_1_151' title='bbox 475 2675 590 2727; x_wconf 90' lang='lat' dir='ltr'>omnes</span> <span class='ocrx_word' id='word_1_152' title='bbox 618 2654 660 2727; x_wconf 90' lang='lat' dir='ltr'>ab</span> <span class='ocrx_word' id='word_1_153' title='bbox 686 2654 838 2726; x_wconf 84' lang='lat' dir='ltr'>Ecclesia</span> <span class='ocrx_word' id='word_1_154' title='bbox 867 2653 1035 2728; x_wconf 78' lang='lat' dir='ltr'>catholica</span> <span class='ocrx_word' id='word_1_155' title='bbox 1063 2653 1277 2727; x_wconf 86' lang='lat' dir='ltr'>abstulerint:</span> <span class='ocrx_word' id='word_1_156' title='bbox 1304 2655 1410 2728; x_wconf 91' lang='lat' dir='ltr'>nullus</span> <span class='ocrx_word' id='word_1_157' title='bbox 1437 2667 1587 2729; x_wconf 89' lang='lat' dir='ltr'>veterem</span> <span class='ocrx_word' id='word_1_158' title='bbox 1605 2680 1729 2731; x_wconf 89' lang='lat' dir='ltr'>sacro-</span> 
     </span>
     <span class='ocr_line' id='line_1_19' title="bbox 368 2769 1729 2860; baseline 0.004 -20"><span class='ocrx_word' id='word_1_159' title='bbox 368 2791 438 2841; x_wconf 91' lang='lat' dir='ltr'>mm</span> <span class='ocrx_word' id='word_1_160' title='bbox 459 2769 731 2843; x_wconf 89' lang='lat' dir='ltr'>celebrandorum</span> <span class='ocrx_word' id='word_1_161' title='bbox 754 2769 961 2842; x_wconf 89' lang='lat' dir='ltr'>traditionem</span> <span class='ocrx_word' id='word_1_162' title='bbox 982 2772 1026 2842; x_wconf 90' lang='lat' dir='ltr'>ita</span> <span class='ocrx_word' id='word_1_163' title='bbox 1043 2775 1275 2860; x_wconf 89' lang='lat' dir='ltr'>contemserit,</span> <span class='ocrx_word' id='word_1_164' title='bbox 1301 2782 1337 2843; x_wconf 90' lang='lat' dir='ltr'>ut</span> <span class='ocrx_word' id='word_1_165' title='bbox 1352 2795 1460 2846; x_wconf 90' lang='lat' dir='ltr'>novas</span> <span class='ocrx_word' id='word_1_166' title='bbox 1477 2795 1592 2845; x_wconf 91' lang='lat' dir='ltr'>eorum</span> <span class='ocrx_word' id='word_1_167' title='bbox 1605 2773 1729 2846; x_wconf 88' lang='lat' dir='ltr'>lamnas</span> 
     </span>
     <span class='ocr_line' id='line_1_20' title="bbox 368 2886 1730 2984; baseline 0.005 -28"><span class='ocrx_word' id='word_1_168' title='bbox 368 2907 568 2981; x_wconf 90' lang='lat' dir='ltr'>componere</span> <span class='ocrx_word' id='word_1_169' title='bbox 594 2909 691 2958; x_wconf 88' lang='lat' dir='ltr'>ausus</span> <span class='ocrx_word' id='word_1_170' title='bbox 718 2887 826 2958; x_wconf 82' lang='lat' dir='ltr'>inerit.</span> <span class='ocrx_word' id='word_1_171' title='bbox 887 2886 1029 2958; x_wconf 83' lang='lat' dir='ltr'>Accedit</span> <span class='ocrx_word' id='word_1_172' title='bbox 1062 2891 1181 2979; x_wconf 91' lang='lat' dir='ltr'>etiam,</span> <span class='ocrx_word' id='word_1_173' title='bbox 1213 2889 1301 2984; x_wconf 92' lang='lat' dir='ltr'>quod</span> <span class='ocrx_word' id='word_1_174' title='bbox 1335 2887 1486 2982; x_wconf 85' lang='lat' dir='ltr'>Liturgia</span> <span class='ocrx_word' id='word_1_175' title='bbox 1519 2889 1575 2962; x_wconf 89' lang='lat' dir='ltr'>illa</span> <span class='ocrx_word' id='word_1_176' title='bbox 1609 2890 1730 2963; x_wconf 90' lang='lat' dir='ltr'>Jacobi</span> 
     </span>
    </p>
   </div>
   <div class='ocr_carea' id='block_1_6' title="bbox 365 3000 1797 3799">
    <p class='ocr_par' dir='ltr' id='par_1_6' title="bbox 365 3000 1797 3799">
     <span class='ocr_line' id='line_1_21' title="bbox 367 3000 1728 3102; baseline 0.003 -27"><span class='ocrx_word' id='word_1_177' title='bbox 367 3001 527 3098; x_wconf 67' lang='lat' dir='ltr'>Syriaca,</span> <span class='ocrx_word' id='word_1_178' title='bbox 555 3002 757 3076; x_wconf 86' lang='lat' dir='ltr'>Orthodoxis</span> <span class='ocrx_word' id='word_1_179' title='bbox 783 3000 1010 3098; x_wconf 84' lang='lat' dir='ltr'>lacobitisque</span> <span class='ocrx_word' id='word_1_180' title='bbox 1036 3007 1232 3095; x_wconf 91' lang='lat' dir='ltr'>communis,</span> <span class='ocrx_word' id='word_1_181' title='bbox 1259 3026 1340 3102; x_wconf 89' lang='lat' dir='ltr'>pura</span> <span class='ocrx_word' id='word_1_182' title='bbox 1368 3016 1420 3080; x_wconf 89' lang='lat' dir='ltr'>est</span> <span class='ocrx_word' id='word_1_183' title='bbox 1445 3006 1486 3078; x_wconf 86' lang='lat' dir='ltr'>ab</span> <span class='ocrx_word' id='word_1_184' title='bbox 1515 3009 1604 3078; x_wconf 94' lang='lat' dir='ltr'>omni</span> <span class='ocrx_word' id='word_1_185' title='bbox 1625 3011 1728 3079; x_wconf 89' lang='lat' dir='ltr'>novi-</span> 
     </span>
     <span class='ocr_line' id='line_1_22' title="bbox 367 3119 1729 3214; baseline 0.007 -26"><span class='ocrx_word' id='word_1_186' title='bbox 367 3127 433 3190; x_wconf 89' lang='lat' dir='ltr'>tate</span> <span class='ocrx_word' id='word_1_187' title='bbox 459 3141 581 3192; x_wconf 89' lang='lat' dir='ltr'>vocum</span> <span class='ocrx_word' id='word_1_188' title='bbox 609 3129 664 3191; x_wconf 91' lang='lat' dir='ltr'>aut</span> <span class='ocrx_word' id='word_1_189' title='bbox 691 3123 943 3210; x_wconf 86' lang='lat' dir='ltr'>senteutiamm,</span> <span class='ocrx_word' id='word_1_190' title='bbox 971 3143 1052 3214; x_wconf 88' lang='lat' dir='ltr'>quas</span> <span class='ocrx_word' id='word_1_191' title='bbox 1078 3119 1227 3194; x_wconf 89' lang='lat' dir='ltr'>haeresis</span> <span class='ocrx_word' id='word_1_192' title='bbox 1253 3123 1448 3213; x_wconf 85' lang='lat' dir='ltr'>introduxit,</span> <span class='ocrx_word' id='word_1_193' title='bbox 1476 3133 1509 3195; x_wconf 90' lang='lat' dir='ltr'>et</span> <span class='ocrx_word' id='word_1_194' title='bbox 1530 3122 1617 3195; x_wconf 92' lang='lat' dir='ltr'>idem</span> <span class='ocrx_word' id='word_1_195' title='bbox 1640 3127 1729 3197; x_wconf 89' lang='lat' dir='ltr'>circa</span> 
     </span>
     <span class='ocr_line' id='line_1_23' title="bbox 366 3233 1728 3333; baseline 0.005 -28"><span class='ocrx_word' id='word_1_196' title='bbox 366 3233 598 3310; x_wconf 88' lang='lat' dir='ltr'>Nestorianam</span> <span class='ocrx_word' id='word_1_197' title='bbox 622 3233 838 3324; x_wconf 89' lang='lat' dir='ltr'>observatur,</span> <span class='ocrx_word' id='word_1_198' title='bbox 860 3238 914 3330; x_wconf 93' lang='lat' dir='ltr'>qui</span> <span class='ocrx_word' id='word_1_199' title='bbox 936 3235 1107 3308; x_wconf 89' lang='lat' dir='ltr'>character</span> <span class='ocrx_word' id='word_1_200' title='bbox 1126 3241 1252 3333; x_wconf 89' lang='lat' dir='ltr'>primae</span> <span class='ocrx_word' id='word_1_201' title='bbox 1269 3243 1443 3312; x_wconf 89' lang='lat' dir='ltr'>vetustatis</span> <span class='ocrx_word' id='word_1_202' title='bbox 1463 3249 1573 3312; x_wconf 91' lang='lat' dir='ltr'>certus</span> <span class='ocrx_word' id='word_1_203' title='bbox 1586 3239 1728 3313; x_wconf 91' lang='lat' dir='ltr'>videtur.</span> 
     </span>
     <span class='ocr_line' id='line_1_24' title="bbox 365 3348 1797 3451; baseline 0.006 -29"><span class='ocrx_word' id='word_1_204' title='bbox 365 3349 450 3422; x_wconf 92' lang='lat' dir='ltr'>Nam</span> <span class='ocrx_word' id='word_1_205' title='bbox 476 3354 510 3422; x_wconf 93' lang='lat' dir='ltr'>in</span> <span class='ocrx_word' id='word_1_206' title='bbox 538 3352 609 3424; x_wconf 91' lang='lat' dir='ltr'>aliis</span> <span class='ocrx_word' id='word_1_207' title='bbox 635 3348 881 3426; x_wconf 84' lang='lat' dir='ltr'>Ecclesiasticis</span> <span class='ocrx_word' id='word_1_208' title='bbox 908 3349 1046 3444; x_wconf 88' lang='lat' dir='ltr'>officiis,</span> <span class='ocrx_word' id='word_1_209' title='bbox 1079 3353 1143 3426; x_wconf 90' lang='lat' dir='ltr'>illis</span> <span class='ocrx_word' id='word_1_210' title='bbox 1170 3359 1365 3449; x_wconf 88' lang='lat' dir='ltr'>praesertim</span> <span class='ocrx_word' id='word_1_211' title='bbox 1393 3379 1478 3451; x_wconf 88' lang='lat' dir='ltr'>quae</span> <span class='ocrx_word' id='word_1_212' title='bbox 1505 3355 1547 3426; x_wconf 87' lang='lat' dir='ltr'>ad</span> <span class='ocrx_word' id='word_1_213' title='bbox 1573 3355 1729 3451; x_wconf 86' lang='lat' dir='ltr'>psalmo·</span> <span class='ocrx_word' id='word_1_214' title='bbox 1791 3387 1797 3400; x_wconf 95' lang='lat'>·</span> 
     </span>
     <span class='ocr_line' id='line_1_25' title="bbox 367 3465 1728 3566; baseline 0.005 -29"><span class='ocrx_word' id='word_1_215' title='bbox 367 3465 449 3538; x_wconf 89' lang='lat' dir='ltr'>diam</span> <span class='ocrx_word' id='word_1_216' title='bbox 477 3471 659 3563; x_wconf 90' lang='lat' dir='ltr'>pertinent,</span> <span class='ocrx_word' id='word_1_217' title='bbox 684 3469 948 3563; x_wconf 78' lang='lat' dir='ltr'>frequentissima</span> <span class='ocrx_word' id='word_1_218' title='bbox 976 3479 1027 3542; x_wconf 90' lang='lat' dir='ltr'>est</span> <span class='ocrx_word' id='word_1_219' title='bbox 1052 3492 1173 3542; x_wconf 90' lang='lat' dir='ltr'>vocum</span> <span class='ocrx_word' id='word_1_220' title='bbox 1201 3479 1233 3542; x_wconf 91' lang='lat' dir='ltr'>et</span> <span class='ocrx_word' id='word_1_221' title='bbox 1255 3475 1488 3544; x_wconf 88' lang='lat' dir='ltr'>sententiarum</span> <span class='ocrx_word' id='word_1_222' title='bbox 1506 3473 1578 3563; x_wconf 88' lang='lat' dir='ltr'>ejus</span> <span class='ocrx_word' id='word_1_223' title='bbox 1592 3475 1728 3566; x_wconf 86' lang='lat' dir='ltr'>generis</span> 
     </span>
     <span class='ocr_line' id='line_1_26' title="bbox 365 3583 1726 3680; baseline 0.003 -26"><span class='ocrx_word' id='word_1_224' title='bbox 365 3585 493 3672; x_wconf 91' lang='lat' dir='ltr'>insitio,</span> <span class='ocrx_word' id='word_1_225' title='bbox 521 3608 607 3680; x_wconf 92' lang='lat' dir='ltr'>quae</span> <span class='ocrx_word' id='word_1_226' title='bbox 631 3589 789 3658; x_wconf 87' lang='lat' dir='ltr'>novitatis</span> <span class='ocrx_word' id='word_1_227' title='bbox 816 3608 883 3657; x_wconf 90' lang='lat' dir='ltr'>non</span> <span class='ocrx_word' id='word_1_228' title='bbox 910 3583 1040 3657; x_wconf 80' lang='lat' dir='ltr'>druhtum</span> <span class='ocrx_word' id='word_1_229' title='bbox 1067 3585 1220 3658; x_wconf 90' lang='lat' dir='ltr'>indicium</span> <span class='ocrx_word' id='word_1_230' title='bbox 1247 3597 1316 3676; x_wconf 85' lang='grc' dir='ltr'><strong>εει,</strong></span> <span class='ocrx_word' id='word_1_231' title='bbox 1350 3595 1385 3658; x_wconf 90' lang='lat' dir='ltr'>ut</span> <span class='ocrx_word' id='word_1_232' title='bbox 1418 3591 1452 3658; x_wconf 91' lang='lat' dir='ltr'>in</span> <span class='ocrx_word' id='word_1_233' title='bbox 1478 3591 1565 3660; x_wconf 84' lang='lat' dir='ltr'>notis</span> <span class='ocrx_word' id='word_1_234' title='bbox 1592 3587 1635 3660; x_wconf 92' lang='lat' dir='ltr'>ad</span> <span class='ocrx_word' id='word_1_235' title='bbox 1660 3587 1726 3660; x_wconf 90' lang='lat' dir='ltr'>Li-</span> 
     </span>
     <span class='ocr_line' id='line_1_27' title="bbox 366 3700 1723 3799; baseline 0.004 -30"><span class='ocrx_word' id='word_1_236' title='bbox 366 3703 490 3792; x_wconf 88' lang='lat' dir='ltr'>turgias</span> <span class='ocrx_word' id='word_1_237' title='bbox 524 3700 788 3774; x_wconf 88' lang='lat' dir='ltr'>observabimus.</span> <span class='ocrx_word' id='word_1_238' title='bbox 843 3701 933 3774; x_wconf 91' lang='lat' dir='ltr'>Saue</span> <span class='ocrx_word' id='word_1_239' title='bbox 969 3704 997 3774; x_wconf 87' lang='lat' dir='ltr'>si</span> <span class='ocrx_word' id='word_1_240' title='bbox 1031 3723 1098 3774; x_wconf 92' lang='lat' dir='ltr'>non</span> <span class='ocrx_word' id='word_1_241' title='bbox 1131 3711 1256 3773; x_wconf 90' lang='lat' dir='ltr'>certum</span> <span class='ocrx_word' id='word_1_242' title='bbox 1291 3713 1324 3774; x_wconf 91' lang='lat' dir='ltr'>et</span> <span class='ocrx_word' id='word_1_243' title='bbox 1357 3704 1583 3799; x_wconf 86' lang='lat' dir='ltr'>exploratum,</span> <span class='ocrx_word' id='word_1_244' title='bbox 1620 3707 1723 3775; x_wconf 88' lang='lat' dir='ltr'>atita</span> 
     </span>
    </p>
   </div>
   <div class='ocr_carea' id='block_1_7' title="bbox 362 3817 1727 5288">
    <p class='ocr_par' dir='ltr' id='par_1_7' title="bbox 362 3817 1727 5288">
     <span class='ocr_line' id='line_1_28' title="bbox 365 3817 1727 3913; baseline 0.004 -27"><span class='ocrx_word' id='word_1_245' title='bbox 365 3817 543 3890; x_wconf 89' lang='lat' dir='ltr'>verisimile</span> <span class='ocrx_word' id='word_1_246' title='bbox 571 3829 639 3908; x_wconf 89' lang='lat' dir='ltr'>est,</span> <span class='ocrx_word' id='word_1_247' title='bbox 666 3828 702 3888; x_wconf 93' lang='lat' dir='ltr'>ut</span> <span class='ocrx_word' id='word_1_248' title='bbox 727 3817 805 3889; x_wconf 92' lang='lat' dir='ltr'>nihil</span> <span class='ocrx_word' id='word_1_249' title='bbox 830 3828 945 3890; x_wconf 88' lang='lat' dir='ltr'>contra</span> <span class='ocrx_word' id='word_1_250' title='bbox 972 3819 1035 3889; x_wconf 89' lang='lat' dir='ltr'>dici</span> <span class='ocrx_word' id='word_1_251' title='bbox 1062 3840 1134 3890; x_wconf 93' lang='lat' dir='ltr'>cum</span> <span class='ocrx_word' id='word_1_252' title='bbox 1162 3817 1269 3913; x_wconf 89' lang='lat' dir='ltr'>eliqua</span> <span class='ocrx_word' id='word_1_253' title='bbox 1295 3821 1423 3892; x_wconf 90' lang='lat' dir='ltr'>ratione</span> <span class='ocrx_word' id='word_1_254' title='bbox 1450 3828 1567 3913; x_wconf 90' lang='lat' dir='ltr'>queat,</span> <span class='ocrx_word' id='word_1_255' title='bbox 1593 3819 1727 3892; x_wconf 89' lang='lat' dir='ltr'>Nesto-</span> 
     </span>
     <span class='ocr_line' id='line_1_29' title="bbox 364 3933 1727 4032; baseline 0.003 -28"><span class='ocrx_word' id='word_1_256' title='bbox 364 3936 475 4008; x_wconf 87' lang='lat' dir='ltr'>rianos</span> <span class='ocrx_word' id='word_1_257' title='bbox 501 3933 577 4006; x_wconf 90' lang='lat' dir='ltr'>illos</span> <span class='ocrx_word' id='word_1_258' title='bbox 603 3945 739 4006; x_wconf 90' lang='lat' dir='ltr'>veteres</span> <span class='ocrx_word' id='word_1_259' title='bbox 766 3938 821 4030; x_wconf 95' lang='lat' dir='ltr'>qui</span> <span class='ocrx_word' id='word_1_260' title='bbox 847 3933 998 4007; x_wconf 91' lang='lat' dir='ltr'>Romano</span> <span class='ocrx_word' id='word_1_261' title='bbox 1026 3935 1167 4031; x_wconf 61' lang='lat' dir='ltr'>Mperio</span> <span class='ocrx_word' id='word_1_262' title='bbox 1193 3934 1278 4032; x_wconf 89' lang='lat' dir='ltr'>pulsi</span> <span class='ocrx_word' id='word_1_263' title='bbox 1304 3935 1600 4030; x_wconf 84' lang='lat' dir='ltr'>Mesopotamiam,</span> <span class='ocrx_word' id='word_1_264' title='bbox 1636 3958 1727 4008; x_wconf 91' lang='lat' dir='ltr'>con-</span> 
     </span>
     <span class='ocr_line' id='line_1_30' title="bbox 364 4050 1726 4147; baseline 0.003 -25"><span class='ocrx_word' id='word_1_265' title='bbox 364 4053 585 4146; x_wconf 89' lang='lat' dir='ltr'>terminasque</span> <span class='ocrx_word' id='word_1_266' title='bbox 608 4051 721 4124; x_wconf 90' lang='lat' dir='ltr'>Persis</span> <span class='ocrx_word' id='word_1_267' title='bbox 748 4054 938 4146; x_wconf 87' lang='lat' dir='ltr'>provincias</span> <span class='ocrx_word' id='word_1_268' title='bbox 964 4051 1195 4147; x_wconf 89' lang='lat' dir='ltr'>repleverunt,</span> <span class='ocrx_word' id='word_1_269' title='bbox 1222 4060 1257 4122; x_wconf 93' lang='lat' dir='ltr'>ut</span> <span class='ocrx_word' id='word_1_270' title='bbox 1283 4053 1383 4123; x_wconf 91' lang='lat' dir='ltr'>etiam</span> <span class='ocrx_word' id='word_1_271' title='bbox 1400 4050 1590 4142; x_wconf 77' lang='lat' dir='ltr'>tacebitne,</span> <span class='ocrx_word' id='word_1_272' title='bbox 1616 4075 1726 4127; x_wconf 87' lang='lat' dir='ltr'>novos</span> 
     </span>
     <span class='ocr_line' id='line_1_31' title="bbox 365 4166 1726 4264; baseline 0 -24"><span class='ocrx_word' id='word_1_273' title='bbox 365 4167 630 4240; x_wconf 88' lang='lat' dir='ltr'>Sacramentales</span> <span class='ocrx_word' id='word_1_274' title='bbox 656 4166 778 4259; x_wconf 90' lang='lat' dir='ltr'>libros,</span> <span class='ocrx_word' id='word_1_275' title='bbox 806 4166 1073 4240; x_wconf 87' lang='lat' dir='ltr'>Orthodoxorum</span> <span class='ocrx_word' id='word_1_276' title='bbox 1099 4166 1191 4240; x_wconf 88' lang='lat' dir='ltr'>libris</span> <span class='ocrx_word' id='word_1_277' title='bbox 1218 4178 1283 4240; x_wconf 91' lang='lat' dir='ltr'>tam</span> <span class='ocrx_word' id='word_1_278' title='bbox 1305 4167 1429 4241; x_wconf 90' lang='lat' dir='ltr'>similes</span> <span class='ocrx_word' id='word_1_279' title='bbox 1449 4191 1650 4264; x_wconf 90' lang='lat' dir='ltr'>componere</span> <span class='ocrx_word' id='word_1_280' title='bbox 1664 4171 1726 4240; x_wconf 84' lang='lat' dir='ltr'>vix</span> 
     </span>
     <span class='ocr_line' id='line_1_32' title="bbox 363 4284 1725 4380; baseline 0.001 -24"><span class='ocrx_word' id='word_1_281' title='bbox 363 4287 536 4380; x_wconf 82' lang='lat' dir='ltr'>potuisse,</span> <span class='ocrx_word' id='word_1_282' title='bbox 562 4287 626 4356; x_wconf 90' lang='lat' dir='ltr'>nisi</span> <span class='ocrx_word' id='word_1_283' title='bbox 652 4288 795 4379; x_wconf 86' lang='lat' dir='ltr'>scriptos</span> <span class='ocrx_word' id='word_1_284' title='bbox 820 4307 904 4380; x_wconf 91' lang='lat' dir='ltr'>prae</span> <span class='ocrx_word' id='word_1_285' title='bbox 930 4284 1033 4358; x_wconf 89' lang='lat' dir='ltr'>oculis</span> <span class='ocrx_word' id='word_1_286' title='bbox 1059 4284 1163 4358; x_wconf 93' lang='lat' dir='ltr'>libros</span> <span class='ocrx_word' id='word_1_287' title='bbox 1190 4285 1389 4358; x_wconf 85' lang='lat' dir='ltr'>habuissent</span> <span class='ocrx_word' id='word_1_288' title='bbox 1442 4284 1514 4357; x_wconf 92' lang='lat' dir='ltr'>Nec</span> <span class='ocrx_word' id='word_1_289' title='bbox 1549 4286 1725 4358; x_wconf 89' lang='lat' dir='ltr'>advocan-</span> 
     </span>
     <span class='ocr_line' id='line_1_33' title="bbox 364 4399 1726 4494; baseline 0.003 -22"><span class='ocrx_word' id='word_1_290' title='bbox 364 4399 439 4472; x_wconf 91' lang='lat' dir='ltr'>dam</span> <span class='ocrx_word' id='word_1_291' title='bbox 464 4402 498 4472; x_wconf 95' lang='lat' dir='ltr'>in</span> <span class='ocrx_word' id='word_1_292' title='bbox 523 4399 618 4494; x_wconf 88' lang='lat' dir='ltr'>hujus</span> <span class='ocrx_word' id='word_1_293' title='bbox 645 4405 856 4494; x_wconf 89' lang='lat' dir='ltr'>conjecturae</span> <span class='ocrx_word' id='word_1_294' title='bbox 884 4399 1060 4474; x_wconf 90' lang='lat' dir='ltr'>subsidium</span> <span class='ocrx_word' id='word_1_295' title='bbox 1089 4404 1313 4474; x_wconf 85' lang='lat' dir='ltr'>existimamus</span> <span class='ocrx_word' id='word_1_296' title='bbox 1328 4400 1542 4474; x_wconf 83' lang='lat' dir='ltr'>Orientaliunn</span> <span class='ocrx_word' id='word_1_297' title='bbox 1569 4401 1726 4476; x_wconf 88' lang='lat' dir='ltr'>traditio-</span> 
     </span>
     <span class='ocr_line' id='line_1_34' title="bbox 362 4516 1725 4612; baseline 0.004 -24"><span class='ocrx_word' id='word_1_298' title='bbox 362 4539 456 4609; x_wconf 90' lang='lat' dir='ltr'>nem,</span> <span class='ocrx_word' id='word_1_299' title='bbox 484 4521 576 4611; x_wconf 88' lang='lat' dir='ltr'>cujus</span> <span class='ocrx_word' id='word_1_300' title='bbox 603 4528 707 4590; x_wconf 90' lang='lat' dir='ltr'>testes</span> <span class='ocrx_word' id='word_1_301' title='bbox 733 4517 897 4590; x_wconf 89' lang='lat' dir='ltr'>Barsalibi</span> <span class='ocrx_word' id='word_1_302' title='bbox 924 4529 958 4590; x_wconf 93' lang='grc' dir='ltr'><strong>ει</strong></span> <span class='ocrx_word' id='word_1_303' title='bbox 983 4520 1038 4591; x_wconf 89' lang='lat' dir='ltr'>alii</span> <span class='ocrx_word' id='word_1_304' title='bbox 1066 4529 1219 4606; x_wconf 88' lang='lat' dir='ltr'>autores,</span> <span class='ocrx_word' id='word_1_305' title='bbox 1246 4543 1266 4590; x_wconf 91' lang='lat' dir='ltr'>a</span> <span class='ocrx_word' id='word_1_306' title='bbox 1294 4516 1410 4612; x_wconf 86' lang='lat' dir='ltr'>quibus</span> <span class='ocrx_word' id='word_1_307' title='bbox 1429 4516 1608 4607; x_wconf 90' lang='lat' dir='ltr'>Jacobum,</span> <span class='ocrx_word' id='word_1_308' title='bbox 1635 4541 1725 4593; x_wconf 91' lang='lat' dir='ltr'>con-</span> 
     </span>
     <span class='ocr_line' id='line_1_35' title="bbox 363 4633 1725 4732; baseline 0.002 -28"><span class='ocrx_word' id='word_1_309' title='bbox 363 4637 511 4727; x_wconf 86' lang='lat' dir='ltr'>gregatis</span> <span class='ocrx_word' id='word_1_310' title='bbox 525 4638 559 4706; x_wconf 91' lang='lat' dir='ltr'>in</span> <span class='ocrx_word' id='word_1_311' title='bbox 572 4633 762 4709; x_wconf 85' lang='lat' dir='ltr'>Coenaculo</span> <span class='ocrx_word' id='word_1_312' title='bbox 776 4636 858 4709; x_wconf 91' lang='lat' dir='ltr'>Sion</span> <span class='ocrx_word' id='word_1_313' title='bbox 873 4635 1047 4732; x_wconf 90' lang='lat' dir='ltr'>Apostolis</span> <span class='ocrx_word' id='word_1_314' title='bbox 1063 4644 1096 4706; x_wconf 92' lang='lat' dir='ltr'>et</span> <span class='ocrx_word' id='word_1_315' title='bbox 1110 4633 1305 4730; x_wconf 90' lang='lat' dir='ltr'>Discipulis,</span> <span class='ocrx_word' id='word_1_316' title='bbox 1325 4643 1403 4729; x_wconf 87' lang='lat' dir='ltr'>post</span> <span class='ocrx_word' id='word_1_317' title='bbox 1423 4635 1572 4730; x_wconf 89' lang='lat' dir='ltr'>illapsum</span> <span class='ocrx_word' id='word_1_318' title='bbox 1584 4634 1725 4730; x_wconf 84' lang='lat' dir='ltr'>Spiritus</span> 
     </span>
     <span class='ocr_line' id='line_1_36' title="bbox 362 4749 1724 4850; baseline -0.004 -25"><span class='ocrx_word' id='word_1_319' title='bbox 362 4753 486 4840; x_wconf 89' lang='lat' dir='ltr'>sancti,</span> <span class='ocrx_word' id='word_1_320' title='bbox 513 4751 698 4843; x_wconf 88' lang='lat' dir='ltr'>Liturgiam</span> <span class='ocrx_word' id='word_1_321' title='bbox 724 4754 900 4848; x_wconf 87' lang='lat' dir='ltr'>scripsisse</span> <span class='ocrx_word' id='word_1_322' title='bbox 927 4751 1088 4850; x_wconf 89' lang='lat' dir='ltr'>proditum</span> <span class='ocrx_word' id='word_1_323' title='bbox 1116 4761 1176 4822; x_wconf 84' lang='lat' dir='ltr'>est</span> <span class='ocrx_word' id='word_1_324' title='bbox 1229 4749 1266 4821; x_wconf 88' lang='lat' dir='ltr'>Si</span> <span class='ocrx_word' id='word_1_325' title='bbox 1282 4752 1368 4822; x_wconf 93' lang='lat' dir='ltr'>enim</span> <span class='ocrx_word' id='word_1_326' title='bbox 1386 4753 1419 4822; x_wconf 95' lang='lat' dir='ltr'>in</span> <span class='ocrx_word' id='word_1_327' title='bbox 1439 4750 1628 4844; x_wconf 87' lang='lat' dir='ltr'>Originibus</span> <span class='ocrx_word' id='word_1_328' title='bbox 1648 4750 1724 4821; x_wconf 83' lang='lat' dir='ltr'>Idc-</span> 
     </span>
     <span class='ocr_line' id='line_1_37' title="bbox 362 4865 1725 4960; baseline 0.001 -22"><span class='ocrx_word' id='word_1_329' title='bbox 362 4868 555 4942; x_wconf 86' lang='lat' dir='ltr'>clasiasticis</span> <span class='ocrx_word' id='word_1_330' title='bbox 581 4890 648 4940; x_wconf 95' lang='lat' dir='ltr'>non</span> <span class='ocrx_word' id='word_1_331' title='bbox 674 4871 787 4960; x_wconf 88' lang='lat' dir='ltr'>magni</span> <span class='ocrx_word' id='word_1_332' title='bbox 812 4867 965 4940; x_wconf 85' lang='lat' dir='ltr'>iacienda</span> <span class='ocrx_word' id='word_1_333' title='bbox 991 4877 1043 4940; x_wconf 90' lang='lat' dir='ltr'>est</span> <span class='ocrx_word' id='word_1_334' title='bbox 1069 4865 1272 4940; x_wconf 87' lang='lat' dir='ltr'>Graecorum</span> <span class='ocrx_word' id='word_1_335' title='bbox 1300 4869 1476 4957; x_wconf 91' lang='lat' dir='ltr'>autoritas,</span> <span class='ocrx_word' id='word_1_336' title='bbox 1509 4867 1565 4939; x_wconf 93' lang='lat' dir='ltr'>ubi</span> <span class='ocrx_word' id='word_1_337' title='bbox 1592 4867 1725 4939; x_wconf 85' lang='lat' dir='ltr'>critices</span> 
     </span>
     <span class='ocr_line' id='line_1_38' title="bbox 362 4980 1724 5081; baseline -0.001 -27"><span class='ocrx_word' id='word_1_338' title='bbox 362 4983 481 5080; x_wconf 89' lang='lat' dir='ltr'>aliquid</span> <span class='ocrx_word' id='word_1_339' title='bbox 506 4987 696 5079; x_wconf 86' lang='lat' dir='ltr'>requiritur:</span> <span class='ocrx_word' id='word_1_340' title='bbox 723 4985 823 5057; x_wconf 91' lang='lat' dir='ltr'>multo</span> <span class='ocrx_word' id='word_1_341' title='bbox 850 4988 955 5056; x_wconf 91' lang='lat' dir='ltr'>minus</span> <span class='ocrx_word' id='word_1_342' title='bbox 969 4985 1149 5081; x_wconf 73' lang='lat' dir='ltr'>Syrorum,</span> <span class='ocrx_word' id='word_1_343' title='bbox 1177 4993 1211 5054; x_wconf 92' lang='lat' dir='ltr'>et</span> <span class='ocrx_word' id='word_1_344' title='bbox 1236 4980 1404 5073; x_wconf 86' lang='lat' dir='ltr'>Arabum,</span> <span class='ocrx_word' id='word_1_345' title='bbox 1433 4985 1485 5078; x_wconf 93' lang='lat' dir='ltr'>qui</span> <span class='ocrx_word' id='word_1_346' title='bbox 1510 4986 1543 5055; x_wconf 93' lang='lat' dir='ltr'>in</span> <span class='ocrx_word' id='word_1_347' title='bbox 1566 4983 1629 5055; x_wconf 91' lang='lat' dir='ltr'>hac</span> <span class='ocrx_word' id='word_1_348' title='bbox 1655 4981 1724 5052; x_wconf 89' lang='lat' dir='ltr'>do-</span> 
     </span>
     <span class='ocr_line' id='line_1_39' title="bbox 362 5099 1724 5198; baseline 0.001 -29"><span class='ocrx_word' id='word_1_349' title='bbox 362 5102 487 5172; x_wconf 87' lang='lat' dir='ltr'>ctrinae</span> <span class='ocrx_word' id='word_1_350' title='bbox 519 5109 614 5198; x_wconf 87' lang='lat' dir='ltr'>parto</span> <span class='ocrx_word' id='word_1_351' title='bbox 649 5099 786 5174; x_wconf 86' lang='lat' dir='ltr'>Graecis</span> <span class='ocrx_word' id='word_1_352' title='bbox 820 5104 952 5174; x_wconf 91' lang='lat' dir='ltr'>omnino</span> <span class='ocrx_word' id='word_1_353' title='bbox 981 5111 1056 5174; x_wconf 87' lang='lat' dir='ltr'>sunt</span> <span class='ocrx_word' id='word_1_354' title='bbox 1081 5099 1267 5173; x_wconf 85' lang='lat' dir='ltr'>interiores.</span> <span class='ocrx_word' id='word_1_355' title='bbox 1321 5099 1393 5172; x_wconf 92' lang='lat' dir='ltr'>Neo</span> <span class='ocrx_word' id='word_1_356' title='bbox 1426 5109 1555 5171; x_wconf 90' lang='lat' dir='ltr'>utemur</span> <span class='ocrx_word' id='word_1_357' title='bbox 1587 5099 1724 5171; x_wconf 87' lang='lat' dir='ltr'>Joannis</span> 
     </span>
     <span class='ocr_line' id='line_1_40' title="bbox 386 5217 1517 5288; baseline 0.005 -6"><span class='ocrx_word' id='word_1_358' title='bbox 386 5239 497 5284; x_wconf 75' lang='lat' dir='ltr'>tonost</span> <span class='ocrx_word' id='word_1_359' title='bbox 1494 5217 1517 5288; x_wconf 85' lang='lat'>5</span> 
     </span>
    </p>
   </div>
   <div class='ocr_carea' id='block_1_8' title="bbox 0 0 2394 6034">
    <p class='ocr_par' dir='ltr' id='par_1_8' title="bbox 0 0 2394 6034">
     <span class='ocr_line' id='line_1_41' title="bbox 0 0 2394 6034; baseline 0 5"><span class='ocrx_word' id='word_1_360' title='bbox 0 0 2394 6034; x_wconf 95' lang='lat' dir='ltr'> </span> 
     </span>
    </p>
   </div>
  </div>
 </body>
</html>
