4686 6060
770 643 1304 727 ntnxnttonltto
1636 642 1709 714 370
1833 683 1843 700 .

449 839 536 912 LIX.
565 838 706 928 Octava,
725 838 895 909 doetrinae
908 835 1061 923 facultas,
1078 834 1141 906 etsi
1156 832 1286 926 aliquos
1304 828 1403 926 plane
1420 829 1592 902 illiteratos
1607 827 1711 900 brisso
1758 839 1886 894 noerius.

346 955 508 1048 legamus.
534 955 571 1026 ln
589 953 707 1049 qulbus
734 963 844 1025 autem
869 951 954 1024 baec
980 950 1129 1022 doctrina
1151 950 1312 1020 consistat
1327 949 1442 1042 paucis
1469 944 1711 1041 explicandmn.

346 1071 402 1146 le
429 1092 494 1166 quo
521 1069 654 1143 Arabes
686 1069 847 1165 Aegypto
879 1070 992 1164 potiti,
1015 1066 1174 1157 linguam
1207 1085 1299 1137 suam
1330 1061 1525 1152 intulerunt,
1559 1060 1644 1132 adeo
1677 1071 1714 1132 ut

346 1192 432 1260 intra
458 1188 554 1258 unius
581 1184 706 1257 sacculi
733 1187 873 1281 spatium
899 1182 1080 1255 vernacula
1107 1203 1185 1254 esse
1211 1180 1379 1274 coeperit,
1415 1180 1618 1276 retinuerunt
1642 1199 1712 1248 ve·
1789 1245 1791 1252 .

263 1351 267 1358 ·
345 1306 427 1376 teris
454 1325 536 1376 suae
564 1299 723 1397 Copticae
748 1323 844 1373 usum
869 1300 1020 1396 plerique
1047 1296 1219 1369 Jacobitae
1240 1294 1428 1384 Christiani,
1455 1294 1541 1365 adeo
1567 1301 1603 1366 ut
1628 1297 1715 1365 inter

347 1439 408 1490 eos
435 1421 617 1491 communis
644 1428 743 1490 esset.
797 1415 939 1487 Servata
967 1424 1018 1485 est
1045 1413 1164 1484 diutius
1190 1414 1224 1482 in
1247 1408 1428 1498 Thebaide,
1455 1407 1713 1482 remotioribus-

348 1557 413 1630 que
438 1537 638 1630 provinciis‚
674 1532 730 1605 ubi
762 1535 870 1623 major
907 1529 1167 1604 Christianomm
1192 1548 1365 1615 numerus,
1398 1525 1714 1598 lllubamedanorum

347 1655 455 1722 minor
482 1663 562 1723 erat.
588 1651 635 1723 At
660 1653 693 1720 in
725 1651 887 1746 Aegypto
919 1646 1092 1736 lnieriori,
1128 1644 1358 1718 Alexandriae
1390 1653 1423 1714 et
1457 1643 1582 1716 lllisrae
1618 1645 1714 1714 citius

350 1765 532 1855 obsolevit,
559 1778 592 1838 et
619 1765 844 1838 tantummodo
876 1769 909 1835 in
942 1761 1062 1838 Officiis
1094 1763 1342 1834 Ecclesiasticis
1375 1758 1535 1855 librisque
1568 1779 1714 1830 conser-

347 1893 427 1956 vata
455 1893 518 1973 est,
545 1885 629 1954 sieut
654 1886 840 1954 accuratius
867 1879 1067 1976 explicatum
1107 1889 1159 1952 εει
1193 1880 1226 1948 in
1259 1877 1500 1949 Dissertationc
1534 1874 1576 1947 de
1601 1875 1715 1965 lingua

349 1997 497 2093 Coptica.
524 1997 572 2068 lta
599 2001 714 2092 paucis
742 1999 835 2069 annis
862 1995 985 2090 elapsis
1011 1994 1133 2066 laetum
1161 2004 1230 2082 est,
1262 2004 1298 2064 ut
1332 2014 1399 2064 non
1432 1991 1614 2064 communis
1645 1992 1714 2082 jam

349 2125 441 2186 esset
466 2111 590 2205 lingua,
618 2103 678 2186 sed
705 2111 875 2184 doctrinae
904 2121 937 2182 et
963 2112 1143 2203 religionis.
1168 2111 1279 2182 Prima
1305 2110 1404 2200 igitur
1431 2107 1628 2180 eruditiviri
1654 2106 1715 2177 dos

347 2229 421 2318 fuit,
447 2239 483 2300 ut
507 2227 612 2300 libros
640 2227 799 2323 Copticos
826 2227 943 2319 legere
970 2237 1003 2298 ct
1029 2228 1240 2322 interpretari
1264 2233 1398 2320 posset:
1431 2245 1495 2295 nec
1522 2221 1576 2293 alii
1603 2224 1715 2313 signi-

347 2345 538 2432 ficabantur,
565 2367 662 2439 quam
690 2366 809 2416 sacrae
834 2343 963 2432 literae,
992 2342 1171 2438 Officioque
1189 2340 1438 2428 Ecclesiastico,
1465 2351 1498 2411 et
1513 2337 1714 2433 Synaxaria,

347 2465 382 2533 in
408 2461 525 2556 quibus
551 2459 734 2552 Legendac
761 2459 958 2531 Sanctorum
983 2461 1242 2532 continerentur.
1266 2455 1491 2529 Patriarcbam
1517 2459 1552 2526 in
1578 2477 1619 2525 ea
1645 2453 1714 2524 lin-

349 2601 415 2670 gua
442 2579 654 2673 peregrinum
680 2597 748 2647 non
775 2598 864 2666 esse,
891 2579 963 2671 ipsa
989 2577 1134 2648 muneris
1161 2577 1212 2647 sui
1237 2577 1322 2646 ratio
1340 2571 1517 2664 exigebat:
1544 2569 1716 2664 vulgoque

347 2693 434 2766 illius
461 2694 636 2789 peritiores
669 2701 763 2763 crant
793 2690 948 2764 Monaebi
978 2695 1083 2764 sancti
1109 2691 1267 2780 Macarii,
1301 2713 1398 2785 mam
1435 2683 1556 2759 Clerici
1589 2708 1715 2760 saecu-

347 2809 450 2899 lares,
478 2810 553 2904 quia
581 2830 627 2878 cx
651 2809 762 2879 veteri
787 2807 1024 2880 consuetudine
1051 2831 1148 2903 quam
1175 2807 1274 2880 docet
1299 2829 1362 2879 nos
1388 2802 1600 2892 Abulbircat,
1627 2803 1716 2876 nulla

348 2925 465 2997 Lectio
493 2935 549 2995 aut
576 2923 691 2995 Oratio
718 2927 820 2995 ineo
847 2923 1075 3014 Monasterio,
1111 2925 1175 2996 alia
1211 2923 1324 3016 lingua
1356 2919 1608 3019 perficiebatur3
1642 2942 1716 2991 cum

349 3041 426 3115 alibi
453 3037 497 3113 ob
525 3044 597 3133 ejus
624 3041 843 3131 ignorantiam
870 3039 1049 3112 Lectiones
1082 3043 1208 3113 veteris
1242 3051 1275 3112 et
1301 3039 1392 3112 Novi
1427 3038 1649 3124 Testamenti,
1684 3043 1717 3106 et

350 3157 526 3229 Orationes
553 3154 684 3250 aliquot,
711 3165 887 3251 postquam
915 3151 1055 3253 Coptice
1080 3155 1190 3229 lectae
1214 3155 1356 3242 fuerant,
1382 3153 1532 3228 Arabico
1559 3153 1716 3249 expliea-

349 3281 474 3362 rentur,
502 3271 591 3366 quod
618 3270 659 3341 ad
685 3270 721 3342 S.
748 3270 930 3343 blacarium
956 3294 1024 3344 non
1048 3271 1181 3345 licebat.
1207 3270 1352 3344 Michael
1377 3281 1489 3343 tamen
1515 3272 1716 3364 cognomine

350 3387 434 3461 lilius
461 3385 604 3475 Dalmlti,
632 3389 688 3481 qui
714 3386 884 3460 ordinatus
911 3397 964 3459 est
990 3410 1077 3460 anno
1104 3388 1133 3459 J.
1148 3387 1198 3461 C.
1226 3387 1410 3462 lllCXLVl
1437 3411 1504 3461 non
1522 3385 1622 3460 modo
1640 3384 1715 3458 Co-

350 3507 438 3600 ptice
465 3501 581 3595 legere
606 3522 675 3573 non
701 3511 851 3596 poterat,
885 3502 945 3575 sed
978 3512 1051 3574 erat
1083 3501 1250 3575 literarum
1276 3503 1495 3577 Arabicarum
1520 3503 1618 3600 plane
1646 3525 1715 3573 ex-

349 3640 438 3715 pers.
465 3619 562 3691 Unde
588 3619 689 3690 dilata
716 3629 768 3692 est
794 3622 867 3712 ejus
894 3619 1077 3709 Ordinatio,
1112 3620 1220 3691 donec
1246 3622 1435 3692 memoriter
1465 3619 1649 3711 liturgiam
1674 3619 1715 3691 D.

350 3734 463 3808 Basilii
491 3735 668 3810 didicisset.
694 3734 820 3807 Verum
845 3735 879 3806 id
905 3738 1010 3808 rarius
1037 3739 1152 3833 primis
1179 3733 1399 3831 temporibus:
1438 3758 1515 3808 nam
1542 3758 1616 3807 cum
1641 3736 1715 3807 Pa-

350 3850 515 3924 triarchae
540 3875 607 3924 non
634 3851 734 3923 modo
762 3874 935 3926 sermones
963 3851 1005 3922 ad
1028 3851 1186 3949 'populum
1211 3850 1326 3925 lacere
1355 3862 1567 3942 tenerentur,
1596 3874 1714 3924 verum

347 3969 465 4041 ’sacras
498 3967 612 4038 literas
644 3988 690 4037 ex
725 3966 872 4063 Coptieis
911 3966 1157 4064 exemplaribus
1198 3967 1378 4040 vernacule
1412 3970 1600 4065 explicare,
1635 3989 1714 4038 raro

351 4082 494 4155 illiterati
522 4081 784 4172 assumebantur,
811 4106 879 4157 non
904 4083 1004 4155 modo
1032 4083 1073 4156 ad
1099 4083 1370 4156 Patriarcbatum.
1397 4083 1458 4158 sed
1480 4108 1544 4157 nec
1571 4084 1613 4157 ad
1625 4085 1714 4180 Epi-

352 4210 534 4295 scopatum.
563 4194 709 4295 Cprillus
735 4198 870 4272 LXVII.
897 4223 1020 4292 magno
1046 4199 1165 4273 labore
1190 4199 1378 4293 Evangelia
1406 4198 1545 4296 Coptica
1570 4199 1717 4293 legebat,

353 4338 532 4411 eorumque
558 4319 846 4411 interpretationes
872 4315 1049 4406 Arabicas,
1077 4320 1153 4412 quia
1181 4320 1318 4390 scientia
1350 4317 1396 4389 illi
1429 4328 1502 4389 erat
1527 4317 1612 4390 adeo
1639 4339 1717 4389 me-

353 4431 488 4516 diocris,
514 4443 550 4504 ut
575 4435 608 4502 in
635 4439 833 4504 contemtum
858 4431 1101 4530 Episcoporum
1127 4436 1266 4505 veniret.
1310 4435 1358 4508 At
1381 4431 1569 4522 Canonum,
1595 4433 1717 4505 Histo-

354 4549 425 4618 riae
457 4545 713 4620 Ecclesiasticae
749 4560 805 4620 aut
841 4548 1049 4642 Theologiae
1081 4551 1254 4642 insigniter
1286 4552 1444 4646 peritum,
1477 4553 1538 4622 vix
1567 4551 1717 4643 reperire

357 4663 497 4758 aliquem
530 4663 625 4753 lieet,
661 4665 746 4736 inter
778 4673 826 4736 tot
851 4665 1085 4739 Patriarchas:
1122 4677 1222 4760 atque
1254 4668 1299 4737 ita
1333 4665 1488 4762 quidquid
1523 4688 1661 4763 operum
1697 4690 1716 4738 a

356 4779 496 4876 Coptitis
510 4783 771 4876 conscriptorum
784 4779 933 4872 babetur,
960 4794 1016 4855 aut
1043 4780 1084 4855 ab
1098 4783 1286 4879 Episcopis,
1315 4793 1370 4853 aut
1397 4805 1416 4852 a
1443 4784 1580 4878 privatis
1597 4781 1744 4862 Theo..
1802 4833 1805 4840 -

353 4895 441 4988 logis
473 4899 691 4993 compositum
718 4896 786 4969 luit.
833 4895 906 4969 Nec
933 4901 1040 4969 minus
1067 4909 1139 4971 erat
1164 4902 1376 4972 necessarius
1395 4896 1557 4994 Copticae
1581 4899 1717 4994 linguae

355 5015 446 5101 bsus‚
473 5033 541 5084 non
567 5011 666 5084 modo
693 5013 735 5084 ad
762 5011 875 5085 Officia
892 5012 1113 5087 celebranda:
1141 5015 1235 5106 (nam
1262 5013 1304 5087 ab
1319 5015 1443 5111 aliquot
1469 5015 1611 5090 saeculis
1631 5040 1717 5112 quae

353 5127 480 5220 legunt,
506 5150 574 5200 non
599 5129 800 5238 intelligunt)
827 5130 887 5204 sed
914 5134 1012 5202 etiam
1045 5130 1097 5202 ad·
1112 5132 1200 5203 Acta
1227 5142 1262 5203 et
1286 5135 1521 5232 instrumenta,
1554 5157 1641 5229 quae
1674 5134 1717 5207 ad
1759 5193 1762 5202 .

392 5267 506 5310 ramese
1463 5251 1513 5326 64
