4670 6046
557 597 610 672 Al)
634 595 839 674 intuenti
858 594 1050 673 tornioni
1068 595 1099 673 S.
1117 595 1262 673 BASlLll.
1514 598 1591 673 249

229 801 296 850 curn
318 781 396 863 apud
419 779 607 846 Praefectum
630 778 763 862 Aegypti
786 781 884 864 gratia
905 779 1031 860 valeret,
1055 797 1092 844 eo
1115 781 1182 861 ipso
1204 781 1235 842 in
1257 787 1369 859 castro,
1392 781 1443 844 ubi
1455 780 1592 864 liturgia

228 883 265 946 ab
291 881 452 964 Episcopis
480 879 704 958 celebrabatur,
737 879 851 962 pulsari
885 898 926 942 ex
954 880 1107 961 superiori
1133 879 1265 944 tabulato
1299 897 1460 961 campanas
1490 883 1591 963 jussit,

227 1000 312 1046 more
341 981 447 1062 patrio.
491 979 617 1060 Reliqua
646 979 683 1040 ad
711 979 809 1058 ipsum
838 976 1014 1041 elevationis
1045 979 1134 1040 ritum
1167 979 1334 1059 spectantia
1367 978 1430 1062 legi
1465 989 1593 1061 possunt

228 1089 369 1162 quantum
390 1078 428 1156 ad
449 1077 572 1142 Latinos
595 1086 626 1140 et
648 1079 782 1140 Graecos
804 1078 948 1158 pertinet,
976 1077 1006 1139 in
1029 1076 1257 1140 Commentariis
1288 1075 1395 1140 iacobi
1424 1076 1526 1142 Goarii
1553 1080 1591 1143 ad

177 1255 180 1264 .
228 1179 437 1262 chrysostomi
459 1177 639 1260 Liturgiam:
663 1177 740 1239 notis
764 1177 899 1258 llugonis
920 1176 1073 1256 blenardi,
1107 1175 1145 1238 ad
1175 1175 1315 1259 Gregorii
1343 1177 1451 1240 librum
1478 1175 1590 1240 Sacra·

228 1277 403 1342 mentalem:
433 1275 600 1340 cardinalis
627 1276 729 1338 Bonae
758 1276 900 1340 'l'ractatu
929 1275 1086 1338 derebus
1115 1275 1290 1357 Liturgieis,
1320 1276 1432 1356 optimo
1456 1295 1529 1340 sanc
1558 1285 1590 1339 et

228 1376 414 1460 pererudito,
438 1384 498 1438 tum
522 1375 601 1456 apud
624 1382 746 1438 autores
770 1374 844 1439 alios
868 1375 919 1455 qui
942 1375 1052 1456 passim
1082 1375 1208 1437 anobis
1233 1374 1382 1458 designati
1403 1385 1480 1439 sunt.
1524 1363 1611 1440 lam'

229 1475 266 1540 de
288 1476 473 1539 Adoratione
485 1474 701 1552 Eucharistiae,
717 1480 864 1554 quantum
886 1473 924 1536 ad
940 1472 1109 1538 Orientales
1131 1474 1272 1555 pertinet,
1295 1477 1399 1555 paucis
1422 1475 1590 1544 dicendum.

315 1573 440 1640 Constat
462 1591 536 1636 sane
552 1591 592 1636 ex
607 1576 736 1636 omnium
752 1572 985 1656 Theologorum,
1008 1575 1066 1637 imo
1079 1573 1318 1660 Protestantiupr,
1341 1576 1499 1652 sententia,
1523 1573 1591 1637 cul·
1637 1593 1677 1649 n,
1690 1595 1914 1652 brandenebu-

174 1713 179 1724 ·
229 1682 289 1738 turn
310 1673 392 1737 illum
414 1673 606 1755 religiosum,
629 1673 670 1735 ita
700 1690 766 1735 curn
796 1672 855 1735 bde
884 1673 974 1736 realis
997 1674 1186 1754 praesentiae
1210 1675 1348 1754 corporis
1377 1683 1409 1736 et
1435 1675 1590 1756 sanguinis
1603 1681 1740 1737 charticios
1773 1687 1914 1756 antiquitus

230 1774 369 1838 Christi
361 1791 391 1836 ιιι
414 1773 624 1851 Sacramenta,
655 1789 776 1852 semper
805 1771 994 1853 conjunctum
1023 1770 1131 1850 luisse,
1160 1779 1194 1834 ut
1223 1774 1273 1852 qui
1302 1791 1368 1835 eam
1395 1772 1591 1849 crediderint,
1603 1779 1733 1839 neumata.

229 1873 373 1936 adorasse
394 1871 611 1936 Eucharistiam
634 1871 850 1950 verisimile,
842 1890 901 1935 ιιιιο
932 1879 1047 1934 eertum
1080 1869 1296 1952 quodammodo
1326 1889 1397 1936 esse
1425 1870 1590 1938 videretur.

229 1971 303 2036 Cum
331 1974 431 2054 itaque
467 1980 588 2036 sanctos
617 1971 722 2036 Patres
749 1971 789 2034 ita
816 1973 950 2035 sensisse
978 1972 1050 2034 satis
1078 1971 1310 2035 demonstratum
1339 1969 1445 2049 luerit,
1477 1971 1592 2034 etiamsi

227 2073 388 2153 perspicua
410 2071 577 2134 testimonia
600 2070 687 2134 nobis
709 2069 857 2146 delerent,
880 2069 1008 2132 dubitari
1031 2077 1129 2132 tamen
1152 2085 1212 2131 non
1235 2076 1340 2150 posset
1367 2071 1439 2151 quin
1468 2071 1592 2136 nocuas

228 2173 311 2234 ristia
339 2172 463 2234 adorata
493 2171 655 2251 antiquitus
685 2168 785 2233 luerit.
831 2170 872 2232 At
901 2169 1077 2232 testimoniis
1106 2167 1258 2230 Ambrosii
1287 2168 1307 2231 l.
1343 2165 1374 2233 3.
1411 2168 1448 2232 dc
1477 2167 1590 2250 Spiritu

229 2279 343 2347 sancto,
367 2287 433 2351 cap.
460 2269 509 2334 ¹2.
532 2269 695 2352 Augustini
717 2269 746 2330 in
769 2269 916 2331 Psalmum
938 2268 990 2332 98.
1021 2265 1205 2330 'theodoreti
1227 2269 1257 2329 in
1279 2266 1409 2348 Dialogo
1431 2253 1591 2350 Ἀσύγχυ-

227 2387 292 2446 τος,
316 2367 421 2450 Cyrllli
452 2366 609 2430 Catecbesi
639 2368 848 2450 llystagogica
879 2369 915 2429 V.
949 2375 980 2429 et
1008 2363 1184 2448 quibusdam
1211 2366 1276 2428 aliis
1310 2366 1431 2447 probari
1461 2373 1591 2429 conten-

228 2468 339 2546 dimus,
367 2485 423 2532 eos
451 2466 671 2545 Eucharistiae,
700 2483 761 2530 non
788 2467 884 2530 minus
913 2484 1002 2546 quarn
1028 2483 1123 2528 verae
1151 2464 1262 2528 Christi
1292 2468 1373 2528 carni
1402 2457 1594 2550 τεθεωμένῃ
1675 2456 1677 2460 ’

228 2566 432 2630 adorationem
455 2563 647 2629 deferendam
671 2567 836 2630 consuisse.
880 2565 987 2647 Neque
1009 2566 1132 2628 multum
1161 2567 1312 2628 immorari
1339 2566 1452 2628 debere
1482 2565 1591 2628 ιιιιιειι-

226 2667 370 2730 mavimus
393 2666 424 2726 in
447 2665 659 2746 conquirendis
683 2665 890 2730 autoritatibus
920 2666 958 2727 de
985 2665 1043 2728 boc
1065 2671 1263 2747 argumento,
1292 2672 1341 2726 aut
1370 2683 1410 2726 ex
1437 2664 1502 2726 allis
1529 2679 1590 2725 non

227 2765 302 2829 adeo
325 2767 496 2846 perspicuis
519 2765 670 2828 deducere
691 2766 885 2846 probationes
907 2783 1000 2829 novas
1024 2766 1104 2828 circa
1118 2765 1294 2848 religiosum
1316 2764 1500 2827 Sacramenti
1522 2763 1591 2826 cul-

227 2871 298 2939 tum,
321 2871 354 2926 ut
376 2864 413 2926 ad
436 2864 517 2928 illum
539 2863 599 2927 loci
621 2865 739 2945 quidam
770 2864 822 2929 SS.
853 2865 907 2929 PP.
930 2862 1136 2944 referrentur,
1168 2864 1219 2944 qui
1247 2862 1335 2926 aliter
1364 2864 1489 2947 intelligi
1511 2881 1590 2946 pos-

227 2970 307 3041 sunt,
329 2971 361 3025 et
383 2963 502 3026 debent.
525 2961 610 3026 Unde
632 2963 733 3026 locum
755 2961 855 3027 Basilii
877 2963 955 3027 libro
978 2964 1016 3028 de
1040 2964 1153 3044 Spiritu
1174 2969 1296 3037 sancto,
1328 2980 1415 3045 quem
1445 2963 1589 3042 superius

225 3062 392 3141 retulimus,
415 3061 467 3124 ubi
489 3060 527 3124 de
549 3061 743 3125 invocatione
766 3063 893 3143 Spiritus
916 3063 1012 3126 sancti
1034 3063 1192 3146 agebatur,
1215 3062 1326 3142 quique
1349 3063 1480 3125 meminit
1508 3050 1589 3125 ἅνα-

227 3155 360 3240 oetgeate
373 3161 459 3241 panis
476 3169 508 3224 et
530 3161 642 3238 calicis,
665 3162 703 3224 ad
725 3163 882 3244 utriusque
904 3163 1107 3224 ostensionem
1130 3177 1191 3222 non
1214 3162 1367 3241 pertinere
1390 3161 1589 3223 certissimum

226 3266 283 3336 est,
311 3261 446 3340 quamvis
475 3259 654 3324 Bellarmino
684 3260 845 3342 multisque
867 3260 932 3324 aliis
966 3262 1063 3323 νιειιιιι
1090 3261 1179 3323 aliter
1207 3259 1306 3322 luerit.
1350 3260 1424 3322 Nam
1452 3281 1490 3326 eo
1519 3262 1588 3324 loco

225 3345 394 3436 ἀνάδειξις
405 3357 525 3437 Basilio,
549 3366 596 3422 est
610 3360 797 3422 consecratio
820 3359 1035 3422 elementorum
1050 3361 1082 3422 in
1097 3377 1208 3440 corpus
1224 3366 1255 3422 et
1267 3361 1444 3442 sanguinem
1461 3359 1571 3424 Christi
1577 3383 1587 3439 3

224 3475 334 3538 nempe
356 3475 432 3538 opus
455 3458 585 3521 divinum
609 3459 689 3540 quod
712 3477 729 3520 a
751 3458 817 3522 Deo
840 3458 1010 3540 postulatur
1031 3476 1088 3539 per
1110 3460 1310 3521 interventum
1337 3463 1432 3523 sancti
1460 3457 1587 3542 Spiritus

223 3557 373 3620 illabentis
395 3557 425 3619 ιιι
449 3556 526 3620 dona
548 3559 716 3639 proposita,
738 3577 799 3622 non
822 3559 899 3621 actio
923 3557 1020 3638 aliqua
1043 3557 1081 3620 ad
1104 3555 1288 3638 disciplinam
1308 3560 1491 3622 exteriorem
1513 3575 1589 3640 per-

225 3657 335 3720 tinens.
378 3654 439 3718 Sed
461 3657 540 3718 enim
562 3658 592 3718 in
615 3657 673 3720 illis
697 3675 774 3738 quae
796 3659 1000 3738 antiquitatem
1012 3655 1255 3720 Ecclesiasticam
1277 3664 1425 3738 spectant,
1448 3657 1587 3740 dogmata

225 3754 345 3838 quidem
374 3757 404 3818 ιιι
432 3761 602 3818 sanctorum
629 3756 749 3819 Patrum
778 3758 897 3838 scriptis
925 3756 1100 3837 quaerenda
1121 3764 1208 3834 sunt,
1235 3757 1275 3818 ita
1301 3764 1334 3818 ut
1358 3755 1437 3836 quod
1459 3755 1588 3836 ignora-

225 3857 334 3932 verint,
365 3861 495 3916 autnon
519 3857 650 3937 propriis
680 3856 782 3919 verbis
811 3856 1020 3935 communique
1048 3872 1199 3918 consensu
1227 3855 1398 3933 docuerint,
1432 3854 1471 3917 ad
1499 3853 1588 3916 finem

224 3971 285 4016 non
306 3954 462 4035 pertinere
483 3955 579 4034 possit
598 3953 741 4036 judicari:
765 3963 796 4017 at
817 3957 846 4017 in
869 3955 1025 4036 disciplina
1046 3973 1097 4018 res
1120 3954 1207 4017 abtcr
1228 3973 1263 4018 se
1286 3954 1386 4034 babet,
1410 3973 1476 4018 cum
1506 3956 1587 4040 circa

224 4053 305 4116 illam
324 4069 446 4133 semper
467 4070 537 4116 esse
559 4054 703 4134 potuerit,
727 4063 758 4118 et
778 4052 870 4117 luerit
883 4056 1004 4117 innoxia
1019 4055 1189 4133 diversitas,
1212 4054 1294 4118 nullo
1317 4071 1410 4117 sanae
1433 4054 1588 4118 doetrinae

226 4150 404 4215 detrimento
427 4149 463 4215 ac
484 4154 635 4233 periculo:
663 4161 695 4216 et
715 4154 807 4217 multa
828 4170 884 4235 per
913 4154 1102 4218 traditionem
1131 4154 1168 4216 ad
1198 4153 1351 4216 Ecclesias
1380 4154 1588 4234 pervenerint,

226 4266 352 4330 quorum
374 4253 559 4332 perscriptas
590 4254 765 4316 autoritates
793 4250 934 4335 prolerre
961 4256 1013 4316 vix
1042 4254 1130 4328 licet,
1161 4253 1310 4334 quamvis,
1340 4260 1373 4316 ut
1400 4253 1588 4338 Augustinus

225 4356 297 4430 post
318 4349 468 4430 Basilium,
492 4351 748 4433 chrysostomum,
772 4359 804 4416 et
825 4369 929 4415 omues
952 4354 1027 4416 alios
1050 4353 1168 4432 docuit,
1197 4371 1237 4416 ex
1259 4353 1324 4415 sola
1353 4371 1457 4417 eorum
1478 4355 1588 4415 rituum

227 4447 441 4512 observatione
464 4458 584 4514 constet
605 4451 801 4530 sufficienter,
834 4452 919 4534 quod
952 4452 989 4514 ab
1012 4452 1190 4534 Apostolica
1217 4452 1377 4517 traditione
1398 4453 1587 4537 proveniant.

228 4547 302 4612 Cum
325 4549 417 4630 igitur
438 4549 647 4614 Eucharistiae
676 4551 879 4616 adorationem
908 4559 1055 4634 perpetua
1085 4554 1204 4616 traditio
1234 4555 1362 4617 omnium
1384 4553 1588 4616 Ecclesiarum

228 4647 426 4727 commendet,
450 4650 575 4731 ejusque
598 4651 681 4713 initia
704 4653 853 4735 assignari
874 4651 956 4714 nulla
977 4653 1104 4732 possint,
1128 4660 1266 4734 tanquam
1288 4671 1385 4734 nuper
1401 4653 1588 4718 introductae

230 4754 334 4808 contra
357 4749 502 4824 majorum
525 4749 672 4830 exempla,
696 4757 826 4814 nonest
854 4749 934 4832 qnod
962 4750 1099 4814 laborent
1127 4752 1291 4834 Theologi,
1318 4755 1349 4815 in
1376 4753 1589 4834 conquirendis

226 4851 363 4908 veterum
401 4848 577 4912 testimoniis
614 4850 644 4911 in
680 4867 716 4912 re
744 4847 892 4928 evidenti,
928 4868 1006 4931 quae
1038 4858 1070 4913 ut
1105 4868 1165 4914 non
1202 4853 1355 4933 ascripta
1388 4853 1486 4936 aliqua
1515 4855 1586 4937 lege

227 4940 310 5006 ducit
333 4945 492 5027 originem,
514 4948 555 5008 ita
576 4949 773 5031 conscriptis
796 4950 1013 5030 autoritatibus,
1036 4950 1092 5014 sed
1117 4969 1185 5030 usu,
1208 4952 1435 5032 consuetudine,
1458 4955 1587 5016 omnium

227 5043 415 5107 saeculorum
448 5048 603 5128 exemplo,
633 5057 774 5131 quantum
798 5067 874 5130 opus
897 5059 962 5130 est,
997 5069 1013 5112 a
1042 5051 1181 5115 novitatis
1208 5051 1380 5132 suspicione
1409 5052 1587 5117 vindicatur.
