4680 6044
639 588 690 662 xo
715 583 921 665 inunum
941 585 1134 664 coruom
1152 587 1183 664 s.
1201 589 1346 664 ntsno.
1600 589 1675 661 roa
1745 556 1777 640 '·

306 772 521 835 Oeconomum.
544 770 635 832 Extat
658 772 687 833 in
710 771 848 834 omnibus
866 769 989 834 Graecis
1014 778 1045 833 et
1058 770 1268 849 Orientalibus,
1282 771 1378 852 Syris,
1401 771 1556 848 Armenis3
1578 790 1679 853 neque

307 869 379 932 satis
407 865 578 951 intelligere
608 887 789 950 possumus,
822 887 876 931 cur
904 871 934 932 in
963 869 1020 932 bac
1048 869 1149 932 Basilii
1173 869 1297 950 Coptica
1325 868 1474 932 hocloco
1497 888 1678 952 nonrcpe-

306 968 416 1032 riatur.
462 967 527 1030 Etsi
555 969 633 1030 enim
662 968 769 1030 mullos
800 969 990 1048 optimaeque
1013 977 1103 1031 notae
1134 969 1256 1031 codices
1279 969 1357 1031 illius
1380 972 1625 1041 tractaverimus,
1648 968 1679 1028 in

306 1065 388 1129 nullo
413 1065 540 1128 anobis
564 1066 726 1129 observata
750 1074 815 1129 est:
844 1085 943 1147 neque
973 1069 1003 1130 ln
1034 1066 1214 1150 Aethiopico
1243 1067 1381 1150 generali
1411 1068 1535 1132 Canone
1565 1067 1679 1149 quiex
1736 1089 1743 1107 ·

308 1184 343 1227 ea
366 1181 534 1245 expressus
558 1173 614 1228 est.
661 1165 721 1229 Sed
743 1183 802 1227 nec
823 1163 903 1227 illius
925 1167 1055 1227 meminit
1077 1165 1265 1245 Abulbircat,
1289 1167 1358 1228 dum
1376 1168 1511 1249 singulas
1525 1167 1678 1247 liturgiae

305 1272 409 1344 partes
433 1264 574 1345 explicat,
598 1281 676 1345 quae
691 1266 768 1327 ratio
784 1282 850 1326 curn
874 1263 937 1325 aliis
962 1265 1133 1345 conjuncta,
1157 1264 1227 1327 lacit
1243 1271 1276 1326 ut
1292 1264 1462 1328 dubitanter
1485 1265 1677 1341 allrrrnemus,

190 1419 195 1424 .
306 1362 547 1426 benedictionem
570 1363 649 1426 illam
671 1363 914 1444 praetermissam
938 1365 1059 1425 esseio
1082 1363 1188 1426 codice
1211 1363 1378 1426 Basilianao
1400 1364 1564 1447 biturgiae.
1588 1362 1679 1424 Atta-

307 1481 376 1524 men
398 1463 550 1544 reperitur
570 1464 602 1525 in
624 1461 743 1525 Graeco
767 1460 879 1524 Codice
901 1461 998 1541 Regio
1020 1461 1175 1543 Liturgiae
1197 1461 1423 1526 Alexandrinae
1453 1463 1484 1528 S.
1507 1461 1623 1541 Basilii,
1646 1467 1680 1522 ut

308 1560 338 1622 in
360 1559 456 1623 altera
479 1561 629 1645 Gregorii.
673 1560 816 1644 Ejusdem
839 1559 914 1622 tituli
938 1558 1063 1641 Coptica
1087 1563 1221 1625 eamdem
1243 1562 1333 1624 babet
1355 1570 1385 1624 et
1408 1561 1527 1643 quidem
1545 1560 1678 1636 Graece3

266 1723 279 1750 0
307 1665 340 1719 ut
362 1660 450 1720 etiam
473 1678 490 1721 a
512 1659 660 1722 Maronita
681 1658 851 1739 interprete
874 1659 1067 1723 observatum
1097 1669 1154 1738 est,
1186 1663 1236 1743 qui
1265 1662 1360 1724 verbo
1379 1660 1500 1722 Graeca
1529 1659 1567 1720 ad
1596 1677 1679 1722 oram

307 1758 455 1838 apposuit.
529 1777 533 1784 ·

392 1853 561 1916 Notandum
583 1873 676 1935 porro
699 1857 729 1918 in
752 1855 858 1918 codice
882 1855 1020 1936 Coptica,
1042 1859 1167 1937 primam
1190 1859 1356 1921 orationem
1387 1857 1484 1918 osculi
1506 1858 1589 1937 pacis
1614 1874 1680 1918 eam
1755 1927 1757 1932 ,

306 1968 373 2014 csse
398 1971 475 2033 quac
498 1953 538 2015 ila
561 1955 672 2036 incipit.
696 1953 779 2016 Deos
801 1974 909 2035 magne
930 1963 960 2017 et
982 1964 1103 2018 aeterne
1125 1959 1177 2036 qui
1196 1959 1345 2019 bominem
1366 1956 1480 2036 obspaae
1505 1957 1580 2017 citio
1603 1975 1680 2016 con-

307 2051 420 2114 didisti.
443 2051 488 2113 Ea
509 2070 585 2115 vero
607 2055 636 2115 in
662 2052 736 2116 Cod.
761 2051 812 2117 Gr.
836 2051 933 2136 Regio
956 2055 996 2115 ita
1019 2053 1175 2117 sehabet
1210 2043 1243 2118 ‘O
1265 2048 1355 2129 θεὸς,
1379 2045 1399 2116 ὁ
1419 2047 1531 2135 μέγας,
1555 2042 1573 2114 ὁ
1597 2039 1679 2115 αἰώ-

305 2167 382 2224 νιος,
407 2137 426 2211 ὁ
447 2143 561 2222 κτίσας
583 2144 617 2212 ἓν
638 2139 817 2238 ἀφθαρσίᾳ
838 2141 895 2214 τόν
917 2140 1104 2238 ἄνθρωπον.
1127 2153 1200 2216 Eam
1222 2154 1359 2234 sequitur
1381 2151 1485 2215 altera.
1529 2151 1682 2232 Supererat

307 2268 422 2310 omnem
443 2247 504 2310 cim
527 2253 694 2313 ammonis:
724 2270 811 2332 quam
843 2249 950 2313 Codex
968 2251 1047 2314 idem
1069 2260 1279 2332 repraesentat
1302 2247 1421 2314 Πᾶσαν
1443 2237 1680 2334 ὑπερεκκύπτει
1759 2326 1764 2336 x

291 2343 366 2420 τοῦ
388 2331 487 2428 λόγου
509 2334 657 2426 δύναμιν.
696 2349 756 2412 Sed
778 2351 820 2436 ἰῐιἱ
832 2349 950 2412 Graeco
974 2351 1141 2430 exemplari
1164 2353 1258 2432 prima
1282 2359 1343 2423 est,
1367 2352 1452 2433 cujus
1475 2349 1533 2412 boo
1555 2349 1679 2410 initium.

305 2431 413 2530 Κύριε
435 2435 454 2505 ὃ
474 2433 563 2522 θεός,
586 2436 605 2509 ὁ
627 2441 741 2521 κτίσας
762 2437 858 2532 ἡμᾶς,
880 2443 936 2509 καὶ
958 2436 1087 2531 ἀγαγών
1108 2441 1156 2522 εἰς
1182 2437 1240 2534 τὴν
1270 2439 1355 2534 ζωὴν
1375 2437 1506 2532 ταύτην.
1551 2449 1679 2510 Domina

303 2544 385 2607 Deru
407 2546 460 2624 poi
481 2547 596 2606 creasti
620 2565 677 2608 nor
706 2554 737 2609 at
761 2547 922 2609 adduxisti
949 2550 982 2608 in
1010 2549 1105 2609 vitam
1131 2550 1229 2610 boae:
1261 2549 1369 2612 dieitur
1397 2555 1495 2612 aulem
1521 2548 1552 2608 in
1581 2546 1678 2622 titulo,

310 2659 379 2706 esse
402 2643 432 2706 S.
454 2641 569 2705 Basilii:
593 2652 682 2726 atque
707 2664 743 2708 ea
765 2647 831 2727 ipsa
858 2644 971 2729 legitur
992 2647 1021 2708 in
1051 2645 1169 2710 Graeca
1196 2648 1315 2731 vulgari
1344 2647 1443 2711 Basilii
1466 2645 1610 2730 Liturgia.
1645 2644 1677 2706 ln

310 2741 414 2804 codice
436 2759 505 2803 meo
527 2744 731 2824 manuscripto
763 2743 1059 2825 Coptica-Arabico,
1088 2745 1165 2809 duae
1188 2747 1265 2809 aliae
1296 2753 1473 2810 occurrunt:
1504 2762 1564 2807 una
1592 2742 1678 2806 titulo

308 2838 433 2902 ioannis
455 2840 594 2905 bostreni
616 2843 647 2905 in
671 2841 797 2925 Coptico
820 2851 921 2918 textu;
956 2853 986 2907 at
1012 2845 1042 2906 in
1064 2843 1195 2907 Arabico
1218 2845 1270 2926 qui
1297 2854 1345 2908 est
1373 2845 1542 2928 eregione
1572 2843 1680 2906 dieitur

309 2941 403 3002 sancti
423 2940 548 3005 loannis
572 2939 790 3022 Chrysostomi.
813 2942 934 3024 Incipit:
956 2942 1040 3005 Deus
1063 2943 1230 3006 Claritatr’s
1250 2947 1302 3024 poi
1323 2945 1381 3006 dos
1403 2964 1459 3006 cor
1480 2962 1580 3006 onom.
1604 2942 1679 3005 Huic

279 3043 284 3050 '
309 3037 499 3122 subjungitur
521 3039 576 3102 alia
600 3040 704 3104 Oratio
725 3043 809 3122 pacis
832 3041 871 3104 ad
892 3042 1024 3104 Patrem:
1046 3042 1130 3105 Deris
1151 3041 1282 3105 omnium
1301 3043 1444 3117 Domina,
1471 3041 1527 3122 sac
1547 3061 1605 3105 nos
1627 3043 1680 3103 di-

308 3155 384 3215 paoa
405 3138 463 3199 boc
484 3139 624 3216 calamii,
647 3147 701 3204 etc.
726 3140 807 3214 Ouis·
824 3141 862 3203 sit
884 3141 942 3204 istc
962 3141 1096 3204 Joannes
1119 3140 1284 3204 Bostrenos
1307 3141 1367 3203 bue
1389 3147 1487 3221 usque
1510 3157 1680 3224 agnoscere

309 3252 368 3297 non
390 3237 552 3317 potuimus.
597 3238 706 3302 Bostra
734 3239 839 3301 eadem
869 3241 961 3318 urbs,
992 3257 1069 3323 quae
1098 3241 1135 3302 ab
1166 3241 1318 3303 brabibus
1348 3240 1537 3321 postmodum
1565 3240 1680 3303 Basora

311 3333 458 3414 appellata
481 3344 543 3412 est;
570 3336 672 3419 itaque
703 3337 784 3400 illum
814 3339 952 3401 eumdem
982 3357 1052 3402 esse
1080 3357 1140 3402 non
1165 3339 1331 3402 dubitamus
1361 3341 1412 3419 qui
1443 3339 1513 3402 alibi
1545 3339 1679 3402 loannes

309 3431 487 3497 Basorensis
510 3435 628 3515 dicitur,
653 3444 684 3499 et
699 3438 785 3520 cujus
807 3437 928 3500 nominc
951 3445 1034 3500 extat
1056 3439 1191 3520 liturgia
1213 3439 1349 3520 Syriaca,
1371 3441 1403 3499 in
1426 3438 1531 3501 codice
1547 3435 1679 3500 Colber-

310 3531 383 3612 tino,
407 3535 445 3596 ad
466 3551 553 3597 usum
574 3535 788 3600 Jacobitarum.
834 3537 908 3599 Nam
931 3536 1015 3598 initio
1039 3538 1174 3646 epusdem
1197 3538 1329 3600 occurrit
1351 3537 1449 3600 statim
1471 3537 1548 3599 baec
1571 3536 1679 3612 oratio,

311 3647 376 3692 cum
398 3631 458 3695 levi
480 3641 596 3712 tamen,
620 3641 651 3697 et
674 3653 752 3716 quae
774 3637 951 3698 sententiam
973 3653 1032 3697 non
1054 3637 1251 3714 interturbet,
1275 3635 1459 3699 diversitate.
1497 3634 1597 3697 Titulo
1619 3645 1678 3701 tto

310 3729 393 3811 ilar,
416 3731 475 3794 boe
498 3739 544 3794 est
565 3733 673 3796 Sancti
694 3752 748 3797 seu
771 3733 870 3811 Beati,
893 3735 1069 3797 bonestatur
1091 3734 1121 3796 in
1145 3734 1250 3798 codice
1273 3733 1409 3816 Syriaco.

395 3829 471 3892 ilinc
493 3848 588 3911 porro
610 3832 799 3896 manifestum
823 3833 921 3896 estid
945 3834 1026 3914 quod
1048 3852 1169 3914 semper
1197 3834 1229 3896 in
1257 3835 1401 3896 memoria
1422 3832 1527 3894 baberi
1558 3841 1679 3913 oportet

311 3946 376 3990 cum
400 3927 594 3991 Orientalium
617 3933 692 3994 ritus
715 3933 847 3995 examini
870 3934 1083 4016 snbjiciuntur,
1113 3933 1235 3995 codices
1265 3950 1432 4014 progressu
1460 3930 1615 4012 temporis,
1639 3951 1679 3994 ex

311 4025 533 4108 descriptorum
555 4028 684 4093 obscura
713 4030 885 4113 diligentia,
920 4033 1026 4094 multas
1057 4033 1210 4094 orationes
1237 4049 1315 4112 quae
1344 4031 1481 4112 primitus
1504 4049 1565 4094 non
1589 4041 1680 4094 exta-

309 4123 380 4187 bant
403 4127 570 4206 accepisse‚
594 4137 626 4191 ut
649 4129 687 4191 ad
710 4128 864 4192 arbitrium
887 4131 1083 4195 Sacerdotem
1106 4130 1293 4193 dicerentur:
1317 4138 1347 4194 et
1375 4150 1416 4193 ex
1439 4121 1563 4193 aliorum
1586 4131 1680 4212 igno-

310 4225 407 4286 rantia
429 4225 532 4287 titulos
557 4229 749 4310 augustiores
773 4227 931 4310 aliquando
954 4231 1070 4307 tulisse,
1094 4230 1145 4310 qui
1168 4229 1277 4292 deinde
1300 4230 1464 4293 lectoribus
1486 4229 1585 4292 fraudi
1609 4229 1679 4291 lue-

307 4322 376 4388 rint.
421 4323 465 4386 Ea
496 4327 633 4388 oratione
657 4335 688 4389 et
714 4327 808 4389 altera
831 4329 966 4392 breviori
997 4346 1074 4410 quae
1098 4327 1300 4410 subjungitur,
1324 4337 1430 4390 carent
1446 4327 1533 4411 Regii
1556 4326 1678 4390 codices

309 4421 441 4486 melioris
464 4431 555 4487 notae
579 4443 666 4506 quam
687 4434 809 4506 noster,
844 4431 894 4509 qui
925 4446 986 4492 non
1009 4426 1167 4490 admodum
1198 4429 1337 4508 antiquus
1360 4436 1421 4508 est,
1450 4435 1484 4489 ut
1505 4447 1567 4490 non
1588 4428 1680 4510 lege·
1771 4421 1774 4432 “

308 4515 396 4582 batur
416 4521 447 4583 in
470 4521 683 4606 Scaligerano;
707 4532 738 4587 et
761 4525 826 4588 aliis
850 4543 926 4608 quos
949 4527 1117 4591 Maronitae
1138 4528 1251 4594 Romae
1274 4530 1501 4594 consuluerunt.

745 4747 940 4840 Aaaptcra
964 4754 1076 4820 sancti
1102 4751 1238 4822 Basilii.
1727 4746 1756 4799 Ρ·
1777 4748 1819 4799 ¹2·
1839 4747 1855 4798 t
1874 4747 1918 4798 33.

385 4880 519 4958 Tmarus
550 4894 599 4956 bic
627 4896 763 4960 secundo
791 4897 862 4960 loco
891 4902 1055 4980 repetitus,
1085 4901 1145 4964 olio
1173 4918 1267 4966 sensu
1295 4904 1488 4985 accipiendus
1517 4911 1564 4967 est

308 4992 392 5057 initio
422 4997 596 5080 liturgiae,
624 4998 678 5061 ubi
707 5001 857 5082 integrum
888 5001 968 5065 illius
998 5003 1129 5067 cilicium
1151 5005 1319 5088 signifieat,
1349 5007 1494 5071 hisvero
1517 5007 1681 5071 secundam
1697 5019 1765 5073 dicta
1779 5020 1840 5090 quid
1858 5021 2015 5090 fignificat,

340 5135 454 5178 nomast
1424 5124 1473 5196 42

1592 4923 1681 4985 (luam
1741 4935 1881 5003 Anapbora
1898 4938 2003 5004 proprie
