4670 6046
722 575 798 650 330
1288 574 1518 652 NOTAE
1624 587 1627 594 '

720 767 842 842 potest:
866 767 895 822 at
917 777 1016 841 neque
1038 759 1191 840 designari
1212 759 1373 842 quidquam
1395 759 1476 841 quod
1501 759 1540 822 ad
1562 761 1766 824 insinuandam
1788 762 1880 824 realis
1903 770 2088 826 tmnsmuu-

721 861 810 923 tionis
833 859 997 922 doctrinam
1019 861 1178 940 pertineat.

911 1135 1117 1236 Προοίμιον
1141 1141 1202 1231 τῆς
1226 1131 1390 1220 uideram.
1443 1134 1660 1209 Prooemium
1687 1138 1897 1210 Fractiouir.

814 1346 908 1424 Hunc
937 1359 1033 1421 oratio
1063 1376 1125 1421 uon
1154 1357 1280 1419 habetur
1310 1357 1340 1418 in
1375 1355 1509 1438 Copticis
1540 1355 1775 1437 exemplaribus.
1821 1357 1963 1420 Continet
1993 1364 2090 1420 autem

721 1463 847 1525 brevem
869 1469 900 1522 et
922 1461 1088 1522 distinctam
1112 1460 1297 1542 Theolcgiae
1326 1457 1487 1520 Orientalis
1518 1457 1766 1538 explicationem,
1794 1460 1859 1522 istis
1888 1459 2010 1522 verbis:
2040 1461 2091 1539 qui

721 1559 1043 1640 Sacerdotes'quidem
1065 1561 1097 1621 ia
1119 1560 1227 1622 ordirre
1246 1560 1450 1620 muscanea
1476 1559 1671 1630 eonstituisti,
1697 1579 1756 1639 per
1782 1560 1962 1622 invisibilem
1991 1567 2090 1620 omem

722 1668 805 1722 tuam
823 1667 1018 1739 potentem,
1040 1677 1078 1720 ec
1100 1660 1323 1732 commutasti,
1350 1655 1401 1718 vel
1431 1657 1469 1719 ad
1497 1655 1623 1717 verbum
1652 1659 1932 1721 manuelemcutasti.
1978 1658 2090 1721 Conci-

436 1763 607 1818 tom.10.ed.
626 1757 793 1820 Patalium
819 1756 984 1820 lloma'num
1015 1775 1093 1820 anno
1122 1755 1216 1818 1079.
1246 1756 1276 1817 in
1304 1772 1397 1818 causa
1425 1755 1601 1838 Berengarii
1632 1757 1682 1820 ait.
1726 1756 1843 1819 Panem
1864 1765 1895 1819 et
1915 1760 2018 1819 oirmm
2036 1777 2092 1838 per

394 1868 422 1920 e·
441 1851 502 1902 378.
724 1875 834 1918 sacrae
857 1858 1006 1918 orationis
1032 1856 1127 1918 cerba
1148 1863 1179 1916 et
1188 1854 1366 1917 Sacerdotis
1388 1857 1647 1916 consecrationem
1660 1855 1777 1936 Spiritu
1798 1865 1903 1918 sancto
1926 1857 2090 1919 inuisibili-

451 1953 481 2003 la
499 1953 523 2002 1.
544 1950 599 2004 ‘'0¹‘-
623 1968 645 2000 θ·
666 1950 709 2036 ¹.⁰·
723 1965 769 2019 ter
797 1964 941 2035 ορεναοιο
968 1957 1105 2017 conveni
1132 1953 1372 2016 satbstautioliter
1391 1955 1423 2014 in
1451 1971 1563 2032 corpote
1584 1953 1789 2031 Domitiorum,
1817 1963 1920 2018 natam
1947 1959 1986 2018 de
2021 1956 2090 2017 l'ir-

401 2039 465 2090 tom.
476 2039 502 2090 9.
512 2039 586 2090 σωκ·
594 2055 621 2107 P·
630 2036 708 2088 ¹⁰⁵⁸·
719 2059 798 2136 piae.
842 2054 1005 2138 Remigius.
1049 2054 1145 2116 Panis
1166 2073 1252 2134 quem
1271 2053 1457 2133 incepimus,
1478 2055 1579 2134 utique
1597 2055 1728 2132 primum
1755 2064 1952 2118 consecratam
1984 2072 2006 2116 c
2027 2055 2089 2114 Sa-

722 2155 894 2217 cerdotibus
906 2164 936 2216 et
948 2173 970 2215 a
983 2154 1097 2232 Spiritu
1111 2161 1226 2216 sancto.
1249 2151 1410 2214 decelinus
1433 2151 1488 2233 Ep.
1507 2152 1536 2214 2.
1557 2152 1595 2215 ad
1610 2152 1835 2234 berengarium.
1865 2154 1981 2216 Panem
1995 2155 2045 2230 ait,
2062 2159 2091 2214 et

720 2255 822 2315 mnam
836 2256 869 2315 ia
885 2253 988 2329 altari,
1001 2253 1133 2331 Spiritum
1148 2255 1248 2313 saneti
1260 2253 1371 2313 virtute
1379 2270 1439 2331 per
1452 2251 1630 2314 Sacerdotis
1642 2255 1849 2330 ministeriam,
1862 2272 1965 2315 oerrtm
1980 2271 2091 2332 corpus

720 2371 881 2432 comaque
893 2352 1069 2431 sanquinem
1084 2348 1198 2412 Christi
1211 2349 1309 2430 effici:
1320 2367 1398 2430 quae
1415 2351 1585 2412 testimonia
1601 2369 1641 2413 ex
1658 2352 1757 2415 multis
1774 2354 1840 2415 aliis
1857 2337 1982 2431 selecta,
2000 2353 2090 2414 variis

722 2469 763 2513 ex
776 2449 989 2527 Ambrosiam,
1006 2447 1146 2528 Gothico,
1160 2447 1349 2511 blesorabico
1366 2448 1491 2529 ahisque
1510 2450 1717 2514 autoritatibus
1733 2452 1960 2516 confirmantur:
1978 2460 2090 2514 tantum

723 2549 818 2625 abest,
837 2557 870 2611 at
885 2549 1041 2630 quisquam
1057 2547 1127 2610 olim
1144 2549 1357 2612 existimaverit
1372 2547 1582 2611 detrimentum
1596 2549 1699 2613 inferri
1716 2570 1806 2616 sacro
1821 2552 2019 2616 Sacerdotem
2033 2551 2090 2614 mi-

721 2649 855 2725 nisterio,
873 2649 900 2711 si
916 2647 1036 2710 Christo
1051 2654 1082 2709 et
1099 2647 1220 2728 Spiritui
1233 2656 1339 2710 sancto
1353 2654 1385 2710 ut
1398 2665 1506 2710 causae
1517 2649 1656 2731 principi,
1670 2652 1859 2715 consecratio
1872 2651 2029 2713 tribuatur.
2058 2649 2089 2710 ln

721 2749 823 2810 ultima
837 2755 934 2827 parte,
955 2753 988 2810 ut
1007 2748 1037 2809 in
1056 2745 1156 2808 multis
1173 2746 1248 2825 aliis,
1265 2755 1397 2810 erratum
1413 2755 1459 2810 est
1478 2765 1495 2808 a
1520 2747 1653 2829 librario,
1674 2752 1725 2832 qui
1743 2751 1864 2831 scripsit
1876 2739 1932 2812 dari
1950 2742 2091 2812 σεαυτοῦ

722 2841 927 2932 παρέχοντος,
937 2865 1004 2910 cum
1011 2844 1169 2908 manifeste
1180 2839 1329 2930 παρέχων
1340 2847 1402 2930 legi
1417 2845 1536 2910 debeat.
1558 2848 1626 2912 lloo
1636 2848 1705 2913 loco
1720 2849 1820 2913 delicit
1833 2850 1934 2912 versio
1949 2847 2089 2910 Arabica.

1226 3176 1347 3247 Oratio
1375 3179 1583 3249 Fraetioais.

816 3397 927 3483 Neque
951 3410 1000 3473 illa
1023 3417 1105 3473 extat
1126 3412 1157 3473 in
1179 3409 1312 3491 Copticis
1336 3409 1513 3473 Codicibus:
1537 3408 1591 3472 sed
1614 3411 1749 3490 quamvis
1774 3410 1822 3471 isti
1851 3409 1927 3474 alios
1957 3412 2089 3493 antiqui-

721 3521 783 3577 tate
806 3531 867 3576 non
890 3522 1051 3596 superent,
1082 3515 1157 3577 baec
1185 3522 1284 3576 tamen
1307 3515 1402 3578 oratio
1431 3514 1470 3577 ob
1499 3514 1690 3594 perspicuam
1713 3511 1899 3576 Jacobiticae
1930 3515 2088 3578 doctrinae

721 3615 963 3695 expositionem,
986 3613 1224 3678 calchedonensi
1248 3612 1383 3676 Concilio
1406 3613 1552 3674 vetustior
1574 3631 1643 3674 esse
1666 3630 1728 3676 non
1757 3619 1875 3692 potest,
1905 3632 1974 3677 cum
2000 3617 2087 3678 unius

722 3721 846 3776 naturae
869 3715 899 3774 in
923 3711 1043 3776 Christo
1066 3713 1287 3776 confessionem
1310 3713 1474 3788 contineat,
1497 3709 1552 3774 sed
1576 3711 1690 3793 absque
1713 3712 1909 3790 contusione,
1936 3721 1988 3775 aut
2011 3714 2090 3776 alte-

722 3812 850 3876 ratione.
896 3810 984 3883 Quod
1007 3814 1152 3893 sequitur,
1175 3829 1344 3896 agnoscere
1366 3809 1517 3872 lacobitas
1541 3809 1690 3874 Christum
1713 3829 1782 3874 esse
1805 3810 2089 3874 cmmubrtaatioiem

722 3908 811 3974 Patri
832 3911 996 3973 secundum
1018 3911 1228 3973 diuinitatem:
1259 3909 1541 3973 conmmsmutialem
1561 3910 1649 3972 nobis
1676 3912 1838 3972 secundum
1866 3911 2089 3986 tamaaaatem,

722 4012 779 4071 etsi
801 4013 906 4075 mirum
927 4011 986 4074 illis
1014 4011 1110 4074 videri
1137 4013 1249 4092 possit,
1278 4010 1329 4091 qui
1358 4010 1475 4073 illorum
1505 4008 1676 4091 opinionem
1706 4028 1767 4073 non
1794 4028 1928 4090 novere,
1961 4011 2019 4074 nisi
2050 4029 2089 4074 ex

722 4108 850 4192 vulgatis
874 4111 1038 4189 autoribus,
1061 4112 1248 4174 verissimum
1271 4117 1369 4172 tamen
1392 4117 1447 4172 est.
1478 4110 1563 4183 Quae
1586 4110 1716 4172 enimin
1739 4109 1794 4173 bac
1817 4111 1953 4173 oratione
1977 4111 2088 4194 legun-

721 4217 771 4272 tur
792 4211 960 4291 reperimus
983 4211 1012 4272 in
1026 4209 1152 4290 Coptico
1169 4209 1357 4291 Euchologio
1379 4207 1582 4271 Bibliothecae
1597 4206 1722 4292 Regiae,
1745 4208 1797 4271 ubi
1817 4211 1897 4272 inter
1919 4210 2088 4285 Theotola'o,

722 4327 777 4371 seu
800 4309 911 4372 Preces
935 4309 972 4372 ad
994 4309 1176 4392 Deiparam,
1199 4310 1274 4372 haec
1297 4315 1469 4372 occurrunt.
1525 4307 1651 4370 Verbum
1676 4307 1792 4386 [acmen
1821 4317 1868 4370 est
1887 4311 1992 4385 Ιιοοιο,
2014 4308 2089 4370 abr-

723 4428 779 4490 qac
808 4409 973 4488 divisione,
995 4429 1073 4471 anam
1103 4430 1143 4471 ee
1176 4410 1308 4488 ducbrm,
1332 4409 1488 4470 divinitate
1506 4426 1589 4486 pura
1611 4407 1723 4487 absque
1745 4411 1947 4488 corruptione,
1972 4425 2090 4489 aequa-

723 4508 776 4586 lis,
800 4509 883 4586 sive,
907 4509 1171 4572 emtsabrtoutiuiir
1192 4507 1299 4570 Patri:
1328 4509 1511 4570 humanitate
1533 4507 1676 4584 indiviso,
1705 4505 1970 4569 consubstantialis
1990 4507 2088 4571 nobie.

723 4608 850 4689 Reliqua
872 4608 993 4672 totidem
1015 4609 1117 4672 verbis
1141 4609 1348 4689 exprimuntur
1369 4607 1400 4668 in
1422 4607 1532 4688 hymno
1555 4606 1592 4668 ad
1610 4604 1769 4668 Christum.
1798 4605 1886 4670 Plura
1909 4606 1947 4668 de
1970 4605 2088 4669 illorum

454 4711 515 4764 ttae.
539 4712 610 4764 Patr·
637 4711 710 4762 Alec-
725 4710 865 4788 opinione
888 4709 967 4771 circa
996 4708 1234 4772 iucarnationem
1259 4708 1453 4789 reperiuntur
1480 4708 1510 4768 in
1532 4705 1663 4768 llismria
1684 4705 1895 4784 Patriarcbali,
1918 4713 1949 4768 et
1972 4704 2010 4767 de
2039 4704 2088 4767 illa

398 4815 424 4867 e·
435 4799 497 4851 305.
506 4797 639 4850 3⁶¹·³⁶⁵·
650 4799 685 4848 ⁴⁷
688 4798 712 4849 ¹·
726 4807 882 4871 dicendum
906 4809 963 4871 erit
985 4807 1055 4871 alibi
1077 4806 1183 4873 lusius.
1223 4807 1283 4871 Sed
1301 4806 1377 4870 haec
1394 4807 1491 4869 oratic
1508 4812 1647 4868 accurate
1667 4804 1746 4868 illam
1767 4807 1909 4888 explicat,
1932 4822 2089 4886 maguam-

401 4892 424 4935 ‘'
442 4885 502 4936 ⁵⁸²·
726 4925 784 4988 que
805 4907 920 4970 babere
947 4908 1038 4971 debet
1066 4910 1268 4972 autoritatem:
1300 4925 1367 4970 cum
1396 4907 1486 4969 variis
1514 4905 1584 4968 lidei
1612 4904 1878 4984 Confessionibus‚
1908 4902 2086 4985 Theologu-

726 5024 850 5087 rumque
872 5008 1029 5071 sententiis
1052 5014 1193 5072 accurate
1215 5005 1410 5089 respondeat.
