<?xml version="1.0" encoding="UTF-8"?>
<!DOCTYPE html PUBLIC "-//W3C//DTD XHTML 1.0 Transitional//EN"
    "http://www.w3.org/TR/xhtml1/DTD/xhtml1-transitional.dtd">
<html xmlns="http://www.w3.org/1999/xhtml" xml:lang="en" lang="en">
 <head>
  <title>
</title>
<meta http-equiv="Content-Type" content="text/html;charset=utf-8" />
  <meta name='ocr-system' content='tesseract 3.04.00' />
  <meta name='ocr-capabilities' content='ocr_page ocr_carea ocr_par ocr_line ocrx_word'/>
</head>
<body>
  <div class='ocr_page' id='page_1' title='image "./liturgiarumorie03renagoog_0091.png"; bbox 0 0 4778 6034; ppageno 0'>
   <div class='ocr_carea' id='block_1_1' title="bbox 748 512 1598 596">
    <p class='ocr_par' dir='ltr' id='par_1_1' title="bbox 748 512 1598 596">
     <span class='ocr_line' id='line_1_1' title="bbox 748 512 1598 596; baseline 0.012 -10"><span class='ocrx_word' id='word_1_1' title='bbox 748 512 826 586; x_wconf 79' lang='lat' dir='ltr'><strong><em>lel</em></strong></span> <span class='ocrx_word' id='word_1_2' title='bbox 1077 547 1080 555; x_wconf 91' lang='lat'>·</span> <span class='ocrx_word' id='word_1_3' title='bbox 1225 517 1598 596; x_wconf 79' lang='lat' dir='ltr'><strong><em>nlssttthtlo</em></strong></span> 
     </span>
    </p>
   </div>
   <div class='ocr_carea' id='block_1_2' title="bbox 425 704 2109 5096">
    <p class='ocr_par' dir='ltr' id='par_1_2' title="bbox 425 704 2109 5096">
     <span class='ocr_line' id='line_1_2' title="bbox 750 704 2108 806; baseline 0.011 -35"><span class='ocrx_word' id='word_1_4' title='bbox 750 707 785 772; x_wconf 90' lang='lat' dir='ltr'><strong><em>et</em></strong></span> <span class='ocrx_word' id='word_1_5' title='bbox 809 704 845 772; x_wconf 91' lang='lat' dir='ltr'><strong><em>ia</em></strong></span> <span class='ocrx_word' id='word_1_6' title='bbox 871 705 921 776; x_wconf 85' lang='lat' dir='ltr'><strong><em>eia</em></strong></span> <span class='ocrx_word' id='word_1_7' title='bbox 945 725 1048 798; x_wconf 75' lang='lat' dir='ltr'><strong><em>rapite</em></strong></span> <span class='ocrx_word' id='word_1_8' title='bbox 1073 707 1109 774; x_wconf 87' lang='lat' dir='ltr'><strong><em>ia</em></strong></span> <span class='ocrx_word' id='word_1_9' title='bbox 1131 708 1233 798; x_wconf 76' lang='lat' dir='ltr'><strong><em>ficem</em></strong></span> <span class='ocrx_word' id='word_1_10' title='bbox 1245 709 1551 800; x_wconf 76' lang='lat' dir='ltr'><strong><em>perseverantiam,</em></strong></span> <span class='ocrx_word' id='word_1_11' title='bbox 1578 706 1625 777; x_wconf 90' lang='lat' dir='ltr'><strong><em>ud</em></strong></span> <span class='ocrx_word' id='word_1_12' title='bbox 1642 706 1767 780; x_wconf 76' lang='lat' dir='ltr'><strong><em>corat</em></strong></span> <span class='ocrx_word' id='word_1_13' title='bbox 1793 707 1948 782; x_wconf 60' lang='lat' dir='ltr'><strong><em>&amp;olima</em></strong></span> <span class='ocrx_word' id='word_1_14' title='bbox 1971 716 2108 806; x_wconf 78' lang='lat' dir='ltr'><strong><em>referre</em></strong></span> 
     </span>
     <span class='ocr_line' id='line_1_3' title="bbox 750 817 2106 922; baseline 0.01 -34"><span class='ocrx_word' id='word_1_15' title='bbox 750 817 949 909; x_wconf 69' lang='lat' dir='ltr'><strong><em>domarat,</em></strong></span> <span class='ocrx_word' id='word_1_16' title='bbox 976 821 1246 893; x_wconf 75' lang='lat' dir='ltr'><strong><em>obsecrationem</em></strong></span> <span class='ocrx_word' id='word_1_17' title='bbox 1271 842 1401 916; x_wconf 87' lang='lat' dir='ltr'><strong><em>qaoque</em></strong></span> <span class='ocrx_word' id='word_1_18' title='bbox 1432 821 1705 896; x_wconf 72' lang='lat' dir='ltr'><strong><em>sacerdotalium</em></strong></span> <span class='ocrx_word' id='word_1_19' title='bbox 1729 823 1957 898; x_wconf 67' lang='lat' dir='ltr'><strong><em>Sacramenta</em></strong></span> <span class='ocrx_word' id='word_1_20' title='bbox 1987 833 2106 922; x_wconf 85' lang='lat' dir='ltr'><strong><em>respi-</em></strong></span> 
     </span>
     <span class='ocr_line' id='line_1_4' title="bbox 750 921 2109 1036; baseline 0.01 -32"><span class='ocrx_word' id='word_1_21' title='bbox 750 935 890 1022; x_wconf 82' lang='lat' dir='ltr'><strong><em>eicmus,</em></strong></span> <span class='ocrx_word' id='word_1_22' title='bbox 924 957 1010 1030; x_wconf 84' lang='lat' dir='ltr'><strong><em>qaae</em></strong></span> <span class='ocrx_word' id='word_1_23' title='bbox 1042 935 1085 1008; x_wconf 91' lang='lat' dir='ltr'><strong><em>ab</em></strong></span> <span class='ocrx_word' id='word_1_24' title='bbox 1112 936 1287 1030; x_wconf 80' lang='lat' dir='ltr'><strong><em>Apostolia</em></strong></span> <span class='ocrx_word' id='word_1_25' title='bbox 1312 937 1442 1007; x_wconf 86' lang='lat' dir='ltr'><strong><em>tradita</em></strong></span> <span class='ocrx_word' id='word_1_26' title='bbox 1474 941 1510 1008; x_wconf 86' lang='lat' dir='ltr'><strong><em>ia</em></strong></span> <span class='ocrx_word' id='word_1_27' title='bbox 1544 943 1614 1009; x_wconf 89' lang='lat' dir='ltr'><strong><em>tcto</em></strong></span> <span class='ocrx_word' id='word_1_28' title='bbox 1642 921 1787 1028; x_wconf 56' lang='lat' dir='ltr'><strong><em>&#39;manda</em></strong></span> <span class='ocrx_word' id='word_1_29' title='bbox 1814 947 1915 1036; x_wconf 85' lang='lat' dir='ltr'><strong><em>atque</em></strong></span> <span class='ocrx_word' id='word_1_30' title='bbox 1948 945 1985 1014; x_wconf 89' lang='lat' dir='ltr'><strong><em>ia</em></strong></span> <span class='ocrx_word' id='word_1_31' title='bbox 2017 949 2109 1017; x_wconf 84' lang='lat' dir='ltr'><strong><em>omni</em></strong></span> 
     </span>
     <span class='ocr_line' id='line_1_5' title="bbox 750 1048 2107 1150; baseline 0.008 -30"><span class='ocrx_word' id='word_1_32' title='bbox 750 1048 927 1122; x_wconf 79' lang='lat' dir='ltr'><strong><em>Catholica</em></strong></span> <span class='ocrx_word' id='word_1_33' title='bbox 951 1052 1109 1124; x_wconf 80' lang='lat' dir='ltr'><strong><em>Ecclesia</em></strong></span> <span class='ocrx_word' id='word_1_34' title='bbox 1139 1054 1351 1146; x_wconf 74' lang='lat' dir='ltr'><strong><em>uniformiter</em></strong></span> <span class='ocrx_word' id='word_1_35' title='bbox 1369 1053 1618 1146; x_wconf 79' lang='lat' dir='ltr'><strong><em>celebrantur,</em></strong></span> <span class='ocrx_word' id='word_1_36' title='bbox 1656 1061 1694 1126; x_wconf 87' lang='lat' dir='ltr'><strong><em>ut</em></strong></span> <span class='ocrx_word' id='word_1_37' title='bbox 1725 1055 1838 1150; x_wconf 71' lang='lat' dir='ltr'><strong><em>tepor</em></strong></span> <span class='ocrx_word' id='word_1_38' title='bbox 1856 1058 2018 1130; x_wconf 87' lang='lat' dir='ltr'><strong><em>credendi</em></strong></span> <span class='ocrx_word' id='word_1_39' title='bbox 2048 1060 2107 1130; x_wconf 79' lang='lat' dir='ltr'><strong><em>lea</em></strong></span> 
     </span>
     <span class='ocr_line' id='line_1_6' title="bbox 748 1168 2109 1266; baseline 0.01 -30"><span class='ocrx_word' id='word_1_40' title='bbox 748 1170 877 1237; x_wconf 80' lang='lat' dir='ltr'><strong><em>statuat</em></strong></span> <span class='ocrx_word' id='word_1_41' title='bbox 913 1168 1135 1262; x_wconf 81' lang='lat' dir='ltr'><strong><em>supplicandi.</em></strong></span> <span class='ocrx_word' id='word_1_42' title='bbox 1199 1169 1279 1240; x_wconf 83' lang='lat' dir='ltr'><strong><em>Cam</em></strong></span> <span class='ocrx_word' id='word_1_43' title='bbox 1313 1171 1399 1239; x_wconf 85' lang='lat' dir='ltr'><strong><em>enim</em></strong></span> <span class='ocrx_word' id='word_1_44' title='bbox 1438 1175 1631 1242; x_wconf 85' lang='lat' dir='ltr'><strong><em>eoactaram</em></strong></span> <span class='ocrx_word' id='word_1_45' title='bbox 1664 1171 1895 1244; x_wconf 83' lang='lat' dir='ltr'><strong><em>Ecclesiaram</em></strong></span> <span class='ocrx_word' id='word_1_46' title='bbox 1930 1175 2109 1266; x_wconf 82' lang='lat' dir='ltr'><strong><em>proeralee</em></strong></span> 
     </span>
     <span class='ocr_line' id='line_1_7' title="bbox 751 1283 2107 1380; baseline 0.009 -29"><span class='ocrx_word' id='word_1_47' title='bbox 751 1283 912 1354; x_wconf 85' lang='lat' dir='ltr'><strong><em>mandata</em></strong></span> <span class='ocrx_word' id='word_1_48' title='bbox 935 1283 1068 1355; x_wconf 76' lang='lat' dir='ltr'><strong><em>sibimet</em></strong></span> <span class='ocrx_word' id='word_1_49' title='bbox 1091 1284 1261 1379; x_wconf 73' lang='lat' dir='ltr'><strong><em>legatione</em></strong></span> <span class='ocrx_word' id='word_1_50' title='bbox 1283 1289 1468 1379; x_wconf 80' lang='lat' dir='ltr'><strong><em>supparetur</em></strong></span> <span class='ocrx_word' id='word_1_51' title='bbox 1501 1286 1592 1380; x_wconf 86' lang='lat' dir='ltr'><strong><em>apud</em></strong></span> <span class='ocrx_word' id='word_1_52' title='bbox 1623 1286 1769 1358; x_wconf 78' lang='lat' dir='ltr'><strong><em>diuinam</em></strong></span> <span class='ocrx_word' id='word_1_53' title='bbox 1799 1288 2007 1360; x_wconf 87' lang='lat' dir='ltr'><strong><em>cleraeatiam</em></strong></span> <span class='ocrx_word' id='word_1_54' title='bbox 2037 1289 2107 1364; x_wconf 86' lang='lat' dir='ltr'><strong><em>ha-</em></strong></span> 
     </span>
     <span class='ocr_line' id='line_1_8' title="bbox 752 1402 2108 1499; baseline 0.007 -31"><span class='ocrx_word' id='word_1_55' title='bbox 752 1402 843 1468; x_wconf 89' lang='lat' dir='ltr'><strong><em>meai</em></strong></span> <span class='ocrx_word' id='word_1_56' title='bbox 867 1403 1003 1494; x_wconf 79' lang='lat' dir='ltr'><strong><em>perceris</em></strong></span> <span class='ocrx_word' id='word_1_57' title='bbox 1027 1406 1131 1496; x_wconf 71' lang='lat' dir='ltr'><strong><em>agant</em></strong></span> <span class='ocrx_word' id='word_1_58' title='bbox 1156 1423 1306 1488; x_wconf 77' lang='lat' dir='ltr'><strong><em>camora,</em></strong></span> <span class='ocrx_word' id='word_1_59' title='bbox 1334 1406 1369 1474; x_wconf 87' lang='lat' dir='ltr'><strong><em>et</em></strong></span> <span class='ocrx_word' id='word_1_60' title='bbox 1393 1405 1466 1471; x_wconf 90' lang='lat' dir='ltr'><strong><em>teta</em></strong></span> <span class='ocrx_word' id='word_1_61' title='bbox 1495 1420 1606 1472; x_wconf 78' lang='lat' dir='ltr'><strong><em>recma</em></strong></span> <span class='ocrx_word' id='word_1_62' title='bbox 1640 1402 1799 1476; x_wconf 78' lang='lat' dir='ltr'><strong><em>Ecclesia</em></strong></span> <span class='ocrx_word' id='word_1_63' title='bbox 1831 1408 2108 1499; x_wconf 72' lang='lat' dir='ltr'><strong><em>congemiscente,</em></strong></span> 
     </span>
     <span class='ocr_line' id='line_1_9' title="bbox 748 1515 2106 1611; baseline 0.005 -25"><span class='ocrx_word' id='word_1_64' title='bbox 748 1515 922 1607; x_wconf 78' lang='lat' dir='ltr'><strong><em>postulant</em></strong></span> <span class='ocrx_word' id='word_1_65' title='bbox 945 1522 980 1587; x_wconf 91' lang='lat' dir='ltr'><strong><em>et</em></strong></span> <span class='ocrx_word' id='word_1_66' title='bbox 999 1522 1199 1611; x_wconf 81' lang='lat' dir='ltr'><strong><em>precantur,</em></strong></span> <span class='ocrx_word' id='word_1_67' title='bbox 1222 1523 1261 1587; x_wconf 86' lang='lat' dir='ltr'><strong><em>at</em></strong></span> <span class='ocrx_word' id='word_1_68' title='bbox 1283 1515 1472 1609; x_wconf 68' lang='lat' dir='ltr'><strong><em>infidelibus</em></strong></span> <span class='ocrx_word' id='word_1_69' title='bbox 1497 1517 1755 1611; x_wconf 75' lang='lat' dir='ltr'><strong><em>doaetarfidea:</em></strong></span> <span class='ocrx_word' id='word_1_70' title='bbox 1781 1525 1818 1590; x_wconf 87' lang='grc' dir='ltr'><strong><em>ιιι</em></strong></span> <span class='ocrx_word' id='word_1_71' title='bbox 1831 1519 2036 1592; x_wconf 65' lang='lat' dir='ltr'><strong><em>idololatrae</em></strong></span> <span class='ocrx_word' id='word_1_72' title='bbox 2061 1522 2106 1594; x_wconf 83' lang='lat' dir='ltr'><strong><em>ab</em></strong></span> 
     </span>
     <span class='ocr_line' id='line_1_10' title="bbox 750 1625 2107 1725; baseline 0.003 -21"><span class='ocrx_word' id='word_1_73' title='bbox 750 1635 932 1725; x_wconf 80' lang='lat' dir='ltr'><strong><em>impietatis</em></strong></span> <span class='ocrx_word' id='word_1_74' title='bbox 956 1655 1039 1705; x_wconf 78' lang='lat' dir='ltr'><strong><em>suae</em></strong></span> <span class='ocrx_word' id='word_1_75' title='bbox 1063 1632 1248 1703; x_wconf 83' lang='lat' dir='ltr'><strong><em>liberentur</em></strong></span> <span class='ocrx_word' id='word_1_76' title='bbox 1274 1630 1462 1703; x_wconf 82' lang='lat' dir='ltr'><strong><em>erroribus:</em></strong></span> <span class='ocrx_word' id='word_1_77' title='bbox 1489 1638 1526 1702; x_wconf 89' lang='grc' dir='ltr'><strong><em>ιιι</em></strong></span> <span class='ocrx_word' id='word_1_78' title='bbox 1550 1633 1691 1705; x_wconf 83' lang='lat' dir='ltr'><strong><em>ludaeis</em></strong></span> <span class='ocrx_word' id='word_1_79' title='bbox 1717 1631 1831 1706; x_wconf 87' lang='lat' dir='ltr'><strong><em>oblate</em></strong></span> <span class='ocrx_word' id='word_1_80' title='bbox 1858 1635 1973 1707; x_wconf 85' lang='lat' dir='ltr'><strong><em>cordia</em></strong></span> <span class='ocrx_word' id='word_1_81' title='bbox 2005 1625 2107 1708; x_wconf 82' lang='lat' dir='ltr'><strong><em>uela&#39;-</em></strong></span> 
     </span>
     <span class='ocr_line' id='line_1_11' title="bbox 749 1748 2108 1846; baseline 0.003 -26"><span class='ocrx_word' id='word_1_82' title='bbox 749 1753 837 1820; x_wconf 88' lang='lat' dir='ltr'><strong><em>miae</em></strong></span> <span class='ocrx_word' id='word_1_83' title='bbox 870 1748 928 1819; x_wconf 78' lang='lat' dir='ltr'><strong><em>lea</em></strong></span> <span class='ocrx_word' id='word_1_84' title='bbox 958 1751 1112 1820; x_wconf 79' lang='lat' dir='ltr'><strong><em>ueritatis</em></strong></span> <span class='ocrx_word' id='word_1_85' title='bbox 1144 1754 1330 1842; x_wconf 81' lang='lat' dir='ltr'><strong><em>appareat:</em></strong></span> <span class='ocrx_word' id='word_1_86' title='bbox 1373 1755 1411 1818; x_wconf 90' lang='lat' dir='ltr'><strong><em>ut</em></strong></span> <span class='ocrx_word' id='word_1_87' title='bbox 1440 1748 1608 1822; x_wconf 87' lang='lat' dir='ltr'><strong><em>haeretici</em></strong></span> <span class='ocrx_word' id='word_1_88' title='bbox 1640 1750 1837 1823; x_wconf 73' lang='lat' dir='ltr'><strong><em>Catholiwe</em></strong></span> <span class='ocrx_word' id='word_1_89' title='bbox 1867 1753 1951 1845; x_wconf 79' lang='lat' dir='ltr'><strong><em>fidei</em></strong></span> <span class='ocrx_word' id='word_1_90' title='bbox 1975 1775 2108 1846; x_wconf 91' lang='lat' dir='ltr'><strong><em>perce-</em></strong></span> 
     </span>
     <span class='ocr_line' id='line_1_12' title="bbox 745 1863 2106 1961; baseline 0.008 -26"><span class='ocrx_word' id='word_1_91' title='bbox 745 1868 864 1958; x_wconf 85' lang='lat' dir='ltr'><strong><em>ptione</em></strong></span> <span class='ocrx_word' id='word_1_92' title='bbox 875 1867 1097 1959; x_wconf 81' lang='lat' dir='ltr'><strong><em>resipiscant.-</em></strong></span> <span class='ocrx_word' id='word_1_93' title='bbox 1114 1863 1376 1936; x_wconf 83' lang='lat' dir='ltr'><strong><em>utScbismatici</em></strong></span> <span class='ocrx_word' id='word_1_94' title='bbox 1388 1866 1541 1957; x_wconf 73' lang='lat' dir='ltr'><strong><em>spiritam</em></strong></span> <span class='ocrx_word' id='word_1_95' title='bbox 1555 1867 1729 1938; x_wconf 87' lang='lat' dir='ltr'><strong><em>redioicae</em></strong></span> <span class='ocrx_word' id='word_1_96' title='bbox 1745 1870 1901 1940; x_wconf 81' lang='lat' dir='ltr'><strong><em>caritatis</em></strong></span> <span class='ocrx_word' id='word_1_97' title='bbox 1914 1871 2106 1961; x_wconf 84' lang='lat' dir='ltr'><strong><em>accipiant:</em></strong></span> 
     </span>
     <span class='ocr_line' id='line_1_13' title="bbox 747 1980 2105 2077; baseline 0.004 -27"><span class='ocrx_word' id='word_1_98' title='bbox 747 1986 786 2050; x_wconf 91' lang='lat' dir='ltr'><strong><em>at</em></strong></span> <span class='ocrx_word' id='word_1_99' title='bbox 809 1980 914 2074; x_wconf 84' lang='lat' dir='ltr'><strong><em>lopeia</em></strong></span> <span class='ocrx_word' id='word_1_100' title='bbox 935 1983 1166 2074; x_wconf 83' lang='lat' dir='ltr'><strong><em>poenitentiae</em></strong></span> <span class='ocrx_word' id='word_1_101' title='bbox 1191 1981 1341 2051; x_wconf 85' lang='lat' dir='ltr'><strong><em>remedia</em></strong></span> <span class='ocrx_word' id='word_1_102' title='bbox 1367 1985 1605 2074; x_wconf 83' lang='lat' dir='ltr'><strong><em>conserantur:</em></strong></span> <span class='ocrx_word' id='word_1_103' title='bbox 1634 1989 1671 2053; x_wconf 88' lang='lat' dir='ltr'><strong><em>at</em></strong></span> <span class='ocrx_word' id='word_1_104' title='bbox 1691 1983 1834 2077; x_wconf 84' lang='lat' dir='ltr'><strong><em>denique</em></strong></span> <span class='ocrx_word' id='word_1_105' title='bbox 1851 1983 2105 2071; x_wconf 83' lang='lat' dir='ltr'><strong><em>catechumenis,</em></strong></span> 
     </span>
     <span class='ocr_line' id='line_1_14' title="bbox 749 2095 2107 2191; baseline 0.003 -25"><span class='ocrx_word' id='word_1_106' title='bbox 749 2095 796 2166; x_wconf 90' lang='lat' dir='ltr'><strong><em>ud</em></strong></span> <span class='ocrx_word' id='word_1_107' title='bbox 819 2099 1089 2191; x_wconf 76' lang='lat' dir='ltr'><strong><em>regenerationis</em></strong></span> <span class='ocrx_word' id='word_1_108' title='bbox 1113 2100 1328 2167; x_wconf 74' lang='lat' dir='ltr'><strong><em>commeatu</em></strong></span> <span class='ocrx_word' id='word_1_109' title='bbox 1347 2097 1540 2188; x_wconf 80' lang='lat' dir='ltr'><strong><em>perductis,</em></strong></span> <span class='ocrx_word' id='word_1_110' title='bbox 1568 2098 1725 2170; x_wconf 80' lang='lat' dir='ltr'><strong><em>caelestis</em></strong></span> <span class='ocrx_word' id='word_1_111' title='bbox 1741 2099 2000 2170; x_wconf 80' lang='lat' dir='ltr'><strong><em>misericordiae</em></strong></span> <span class='ocrx_word' id='word_1_112' title='bbox 2026 2099 2107 2170; x_wconf 89' lang='lat' dir='ltr'><strong><em>aula</em></strong></span> 
     </span>
     <span class='ocr_line' id='line_1_15' title="bbox 428 2201 2107 2288; baseline 0.002 -5"><span class='ocrx_word' id='word_1_113' title='bbox 428 2201 736 2274; x_wconf 56' lang='lat' dir='ltr'><strong><em>mmm-W·</em></strong></span> <span class='ocrx_word' id='word_1_114' title='bbox 747 2218 929 2284; x_wconf 81' lang='lat' dir='ltr'><strong><em>reseretur.</em></strong></span> <span class='ocrx_word' id='word_1_115' title='bbox 979 2210 1105 2283; x_wconf 91' lang='lat' dir='ltr'><strong><em>Eadem</em></strong></span> <span class='ocrx_word' id='word_1_116' title='bbox 1131 2212 1258 2282; x_wconf 80' lang='lat' dir='ltr'><strong><em>radone</em></strong></span> <span class='ocrx_word' id='word_1_117' title='bbox 1289 2231 1369 2284; x_wconf 90' lang='lat' dir='ltr'><strong><em>usus</em></strong></span> <span class='ocrx_word' id='word_1_118' title='bbox 1404 2220 1457 2284; x_wconf 90' lang='lat' dir='ltr'><strong><em>est</em></strong></span> <span class='ocrx_word' id='word_1_119' title='bbox 1489 2212 1608 2286; x_wconf 88' lang='lat' dir='ltr'><strong><em>Petrus</em></strong></span> <span class='ocrx_word' id='word_1_120' title='bbox 1641 2212 1810 2288; x_wconf 82' lang='lat' dir='ltr'><strong><em>Diaconos</em></strong></span> <span class='ocrx_word' id='word_1_121' title='bbox 1845 2215 2032 2286; x_wconf 89' lang='lat' dir='ltr'><strong><em>testimonio</em></strong></span> <span class='ocrx_word' id='word_1_122' title='bbox 2058 2237 2107 2286; x_wconf 85' lang='lat' dir='ltr'><strong><em>ex</em></strong></span> 
     </span>
     <span class='ocr_line' id='line_1_16' title="bbox 425 2289 2106 2422; baseline 0.004 -25"><span class='ocrx_word' id='word_1_123' title='bbox 425 2305 455 2357; x_wconf 59' lang='grc' dir='ltr'><strong><em>Ρ·</em></strong></span> <span class='ocrx_word' id='word_1_124' title='bbox 469 2289 531 2340; x_wconf 67' lang='lat' dir='ltr'><strong><em>m‘</em></strong></span> <span class='ocrx_word' id='word_1_125' title='bbox 747 2327 860 2401; x_wconf 89' lang='lat' dir='ltr'><strong><em>Basilii</em></strong></span> <span class='ocrx_word' id='word_1_126' title='bbox 886 2327 1036 2420; x_wconf 87' lang='lat' dir='ltr'><strong><em>Litargia</em></strong></span> <span class='ocrx_word' id='word_1_127' title='bbox 1061 2327 1250 2421; x_wconf 84' lang='lat' dir='ltr'><strong><em>desumpto,</em></strong></span> <span class='ocrx_word' id='word_1_128' title='bbox 1284 2334 1320 2397; x_wconf 91' lang='lat' dir='ltr'><strong><em>ut</em></strong></span> <span class='ocrx_word' id='word_1_129' title='bbox 1342 2326 1515 2421; x_wconf 84' lang='lat' dir='ltr'><strong><em>Remigius</em></strong></span> <span class='ocrx_word' id='word_1_130' title='bbox 1541 2326 1783 2422; x_wconf 84' lang='lat' dir='ltr'><strong><em>Lugdunensis.</em></strong></span> <span class='ocrx_word' id='word_1_131' title='bbox 1837 2329 1935 2417; x_wconf 83' lang='lat' dir='ltr'><strong><em>Quod</em></strong></span> <span class='ocrx_word' id='word_1_132' title='bbox 1961 2331 2060 2422; x_wconf 86' lang='lat' dir='ltr'><strong><em>igitur</em></strong></span> <span class='ocrx_word' id='word_1_133' title='bbox 2085 2354 2106 2402; x_wconf 91' lang='lat' dir='ltr'><strong><em>a</em></strong></span> 
     </span>
     <span class='ocr_line' id='line_1_17' title="bbox 746 2440 2106 2539; baseline 0.002 -23"><span class='ocrx_word' id='word_1_134' title='bbox 746 2447 868 2516; x_wconf 88' lang='lat' dir='ltr'><strong><em>sanctis</em></strong></span> <span class='ocrx_word' id='word_1_135' title='bbox 893 2442 1068 2516; x_wconf 86' lang='lat' dir='ltr'><strong><em>Ecclesiae</em></strong></span> <span class='ocrx_word' id='word_1_136' title='bbox 1092 2440 1283 2514; x_wconf 88' lang='lat' dir='ltr'><strong><em>doctoribus</em></strong></span> <span class='ocrx_word' id='word_1_137' title='bbox 1308 2441 1430 2514; x_wconf 78' lang='lat' dir='ltr'><strong><em>facum</em></strong></span> <span class='ocrx_word' id='word_1_138' title='bbox 1455 2453 1527 2536; x_wconf 86' lang='lat' dir='ltr'><strong><em>est,</em></strong></span> <span class='ocrx_word' id='word_1_139' title='bbox 1553 2443 1628 2516; x_wconf 93' lang='lat' dir='ltr'><strong><em>dum</em></strong></span> <span class='ocrx_word' id='word_1_140' title='bbox 1655 2467 1770 2518; x_wconf 87' lang='lat' dir='ltr'><strong><em>sanam</em></strong></span> <span class='ocrx_word' id='word_1_141' title='bbox 1797 2445 1959 2518; x_wconf 88' lang='lat' dir='ltr'><strong><em>adversus</em></strong></span> <span class='ocrx_word' id='word_1_142' title='bbox 1977 2443 2106 2539; x_wconf 77' lang='lat' dir='ltr'><strong><em>Pelagii</em></strong></span> 
     </span>
     <span class='ocr_line' id='line_1_18' title="bbox 746 2555 2105 2654; baseline 0.001 -22"><span class='ocrx_word' id='word_1_143' title='bbox 746 2569 930 2632; x_wconf 87' lang='lat' dir='ltr'><strong><em>sectatores</em></strong></span> <span class='ocrx_word' id='word_1_144' title='bbox 963 2558 1163 2648; x_wconf 85' lang='lat' dir='ltr'><strong><em>doctrinam,</em></strong></span> <span class='ocrx_word' id='word_1_145' title='bbox 1196 2555 1353 2651; x_wconf 88' lang='lat' dir='ltr'><strong><em>Liturgiis</em></strong></span> <span class='ocrx_word' id='word_1_146' title='bbox 1385 2566 1540 2654; x_wconf 84' lang='lat' dir='ltr'><strong><em>tanquam</em></strong></span> <span class='ocrx_word' id='word_1_147' title='bbox 1564 2558 1739 2634; x_wconf 81' lang='lat' dir='ltr'><strong><em>Ecclesiae</em></strong></span> <span class='ocrx_word' id='word_1_148' title='bbox 1764 2563 1862 2634; x_wconf 86' lang='lat' dir='ltr'><strong><em>totius</em></strong></span> <span class='ocrx_word' id='word_1_149' title='bbox 1894 2581 1983 2652; x_wconf 72' lang='lat' dir='ltr'><strong><em>uoce</em></strong></span> <span class='ocrx_word' id='word_1_150' title='bbox 2015 2583 2105 2636; x_wconf 90' lang='lat' dir='ltr'><strong><em>con-</em></strong></span> 
     </span>
     <span class='ocr_line' id='line_1_19' title="bbox 744 2672 2104 2770; baseline 0.003 -24"><span class='ocrx_word' id='word_1_151' title='bbox 744 2673 974 2766; x_wconf 80' lang='lat' dir='ltr'><strong><em>firmaverunt3</em></strong></span> <span class='ocrx_word' id='word_1_152' title='bbox 999 2695 1067 2747; x_wconf 92' lang='lat' dir='ltr'><strong><em>non</em></strong></span> <span class='ocrx_word' id='word_1_153' title='bbox 1091 2675 1208 2746; x_wconf 85' lang='lat' dir='ltr'><strong><em>mhmri</em></strong></span> <span class='ocrx_word' id='word_1_154' title='bbox 1232 2675 1307 2764; x_wconf 88' lang='lat' dir='ltr'><strong><em>jure</em></strong></span> <span class='ocrx_word' id='word_1_155' title='bbox 1332 2672 1482 2747; x_wconf 87' lang='lat' dir='ltr'><strong><em>lecerunt</em></strong></span> <span class='ocrx_word' id='word_1_156' title='bbox 1498 2687 1612 2749; x_wconf 87' lang='lat' dir='ltr'><strong><em>nostra</em></strong></span> <span class='ocrx_word' id='word_1_157' title='bbox 1634 2686 1744 2749; x_wconf 86' lang='lat' dir='ltr'><strong><em>aetate</em></strong></span> <span class='ocrx_word' id='word_1_158' title='bbox 1761 2680 1909 2769; x_wconf 89' lang='lat' dir='ltr'><strong><em>insigues</em></strong></span> <span class='ocrx_word' id='word_1_159' title='bbox 1926 2674 2104 2770; x_wconf 84' lang='lat' dir='ltr'><strong><em>Theologi,</em></strong></span> 
     </span>
     <span class='ocr_line' id='line_1_20' title="bbox 746 2790 2103 2868; baseline 0 -6"><span class='ocrx_word' id='word_1_160' title='bbox 746 2813 820 2862; x_wconf 91' lang='lat' dir='ltr'><strong><em>cum</em></strong></span> <span class='ocrx_word' id='word_1_161' title='bbox 844 2790 1070 2868; x_wconf 81' lang='lat' dir='ltr'><strong><em>Eucharistiae</em></strong></span> <span class='ocrx_word' id='word_1_162' title='bbox 1096 2790 1194 2862; x_wconf 89' lang='lat' dir='ltr'><strong><em>fidem</em></strong></span> <span class='ocrx_word' id='word_1_163' title='bbox 1220 2811 1333 2862; x_wconf 87' lang='lat' dir='ltr'><strong><em>earum</em></strong></span> <span class='ocrx_word' id='word_1_164' title='bbox 1359 2794 1533 2865; x_wconf 84' lang='lat' dir='ltr'><strong><em>autoritate</em></strong></span> <span class='ocrx_word' id='word_1_165' title='bbox 1559 2792 1721 2866; x_wconf 78' lang='lat' dir='ltr'><strong><em>aduersus</em></strong></span> <span class='ocrx_word' id='word_1_166' title='bbox 1746 2793 2003 2868; x_wconf 89' lang='lat' dir='ltr'><strong><em>Protestantium</em></strong></span> <span class='ocrx_word' id='word_1_167' title='bbox 2034 2812 2103 2862; x_wconf 93' lang='lat' dir='ltr'><strong><em>no-</em></strong></span> 
     </span>
     <span class='ocr_line' id='line_1_21' title="bbox 745 2901 2106 3004; baseline 0 -24"><span class='ocrx_word' id='word_1_168' title='bbox 745 2911 867 2981; x_wconf 87' lang='lat' dir='ltr'><strong><em>vitates</em></strong></span> <span class='ocrx_word' id='word_1_169' title='bbox 892 2915 1193 3004; x_wconf 84' lang='lat' dir='ltr'><strong><em>propugnaverant</em></strong></span> <span class='ocrx_word' id='word_1_170' title='bbox 1247 2901 1330 2977; x_wconf 86' lang='lat' dir='ltr'><strong><em>cum</em></strong></span> <span class='ocrx_word' id='word_1_171' title='bbox 1356 2909 1443 2978; x_wconf 90' lang='lat' dir='ltr'><strong><em>enim</em></strong></span> <span class='ocrx_word' id='word_1_172' title='bbox 1469 2906 1512 2979; x_wconf 93' lang='lat' dir='ltr'><strong><em>de</em></strong></span> <span class='ocrx_word' id='word_1_173' title='bbox 1537 2907 1610 2980; x_wconf 89' lang='lat' dir='ltr'><strong><em>aliis</em></strong></span> <span class='ocrx_word' id='word_1_174' title='bbox 1636 2907 1806 2980; x_wconf 77' lang='lat' dir='ltr'><strong><em>doctmnae</em></strong></span> <span class='ocrx_word' id='word_1_175' title='bbox 1832 2907 2011 3004; x_wconf 83' lang='lat' dir='ltr'><strong><em>capitibus,</em></strong></span> <span class='ocrx_word' id='word_1_176' title='bbox 2037 2928 2106 2980; x_wconf 90' lang='lat' dir='ltr'><strong><em>non</em></strong></span> 
     </span>
     <span class='ocr_line' id='line_1_22' title="bbox 745 3020 2103 3120; baseline 0.003 -26"><span class='ocrx_word' id='word_1_177' title='bbox 745 3025 809 3096; x_wconf 90' lang='lat' dir='ltr'><strong><em>nisi</em></strong></span> <span class='ocrx_word' id='word_1_178' title='bbox 833 3047 895 3119; x_wconf 92' lang='lat' dir='ltr'><strong><em>per</em></strong></span> <span class='ocrx_word' id='word_1_179' title='bbox 922 3027 1131 3098; x_wconf 88' lang='lat' dir='ltr'><strong><em>occasionem</em></strong></span> <span class='ocrx_word' id='word_1_180' title='bbox 1152 3025 1189 3094; x_wconf 88' lang='lat' dir='ltr'><strong><em>in</em></strong></span> <span class='ocrx_word' id='word_1_181' title='bbox 1217 3024 1323 3098; x_wconf 88' lang='lat' dir='ltr'><strong><em>sacris</em></strong></span> <span class='ocrx_word' id='word_1_182' title='bbox 1350 3020 1490 3114; x_wconf 87' lang='lat' dir='ltr'><strong><em>Officiis,</em></strong></span> <span class='ocrx_word' id='word_1_183' title='bbox 1517 3023 1637 3119; x_wconf 86' lang='lat' dir='ltr'><strong><em>aliquid</em></strong></span> <span class='ocrx_word' id='word_1_184' title='bbox 1663 3024 1728 3096; x_wconf 88' lang='lat' dir='ltr'><strong><em>dici</em></strong></span> <span class='ocrx_word' id='word_1_185' title='bbox 1750 3026 1877 3120; x_wconf 85' lang='lat' dir='ltr'><strong><em>possit,</em></strong></span> <span class='ocrx_word' id='word_1_186' title='bbox 1903 3032 1937 3094; x_wconf 87' lang='lat' dir='ltr'><strong><em>at</em></strong></span> <span class='ocrx_word' id='word_1_187' title='bbox 1949 3027 2103 3120; x_wconf 90' lang='lat' dir='ltr'><strong><em>proprius</em></strong></span> 
     </span>
     <span class='ocr_line' id='line_1_23' title="bbox 748 3136 2006 3234; baseline 0 -24"><span class='ocrx_word' id='word_1_188' title='bbox 748 3139 987 3233; x_wconf 90' lang='lat' dir='ltr'><strong><em>quodammode</em></strong></span> <span class='ocrx_word' id='word_1_189' title='bbox 1013 3139 1107 3213; x_wconf 89' lang='lat' dir='ltr'><strong><em>locus</em></strong></span> <span class='ocrx_word' id='word_1_190' title='bbox 1133 3138 1350 3234; x_wconf 85' lang='lat' dir='ltr'><strong><em>explicandae</em></strong></span> <span class='ocrx_word' id='word_1_191' title='bbox 1375 3137 1452 3211; x_wconf 87' lang='lat' dir='ltr'><strong><em>fidei</em></strong></span> <span class='ocrx_word' id='word_1_192' title='bbox 1479 3136 1521 3211; x_wconf 91' lang='lat' dir='ltr'><strong><em>de</em></strong></span> <span class='ocrx_word' id='word_1_193' title='bbox 1544 3137 1769 3231; x_wconf 89' lang='lat' dir='ltr'><strong><em>Eucharistia,</em></strong></span> <span class='ocrx_word' id='word_1_194' title='bbox 1794 3142 1830 3211; x_wconf 89' lang='lat' dir='ltr'><strong><em>in</em></strong></span> <span class='ocrx_word' id='word_1_195' title='bbox 1853 3138 1917 3212; x_wconf 87' lang='lat' dir='ltr'><strong><em>illis</em></strong></span> <span class='ocrx_word' id='word_1_196' title='bbox 1945 3149 2006 3214; x_wconf 87' lang='lat' dir='ltr'><strong><em>est.</em></strong></span> 
     </span>
     <span class='ocr_line' id='line_1_24' title="bbox 444 3251 2103 3352; baseline -0.001 -24"><span class='ocrx_word' id='word_1_197' title='bbox 444 3282 569 3344; x_wconf 75' lang='lat' dir='ltr'><strong><em>euenum</em></strong></span> <span class='ocrx_word' id='word_1_198' title='bbox 586 3286 689 3340; x_wconf 51' lang='lat' dir='ltr'><strong><em>aaa„</em></strong></span> <span class='ocrx_word' id='word_1_199' title='bbox 702 3288 734 3341; x_wconf 59' lang='lat' dir='ltr'><strong><em>,a</em></strong></span> <span class='ocrx_word' id='word_1_200' title='bbox 849 3255 974 3330; x_wconf 83' lang='lat' dir='ltr'><strong><em>Sacrae</em></strong></span> <span class='ocrx_word' id='word_1_201' title='bbox 1000 3255 1191 3352; x_wconf 75' lang='lat' dir='ltr'><strong><em>scriptione</em></strong></span> <span class='ocrx_word' id='word_1_202' title='bbox 1215 3253 1321 3328; x_wconf 88' lang='lat' dir='ltr'><strong><em>verba</em></strong></span> <span class='ocrx_word' id='word_1_203' title='bbox 1354 3255 1388 3326; x_wconf 94' lang='lat' dir='ltr'><strong><em>in</em></strong></span> <span class='ocrx_word' id='word_1_204' title='bbox 1422 3251 1539 3349; x_wconf 78' lang='lat' dir='ltr'><strong><em>qubus</em></strong></span> <span class='ocrx_word' id='word_1_205' title='bbox 1573 3258 1752 3351; x_wconf 88' lang='lat' dir='ltr'><strong><em>praecipue</em></strong></span> <span class='ocrx_word' id='word_1_206' title='bbox 1785 3253 1920 3328; x_wconf 79' lang='lat' dir='ltr'><strong><em>lumduta</em></strong></span> <span class='ocrx_word' id='word_1_207' title='bbox 1956 3263 2026 3345; x_wconf 89' lang='lat' dir='ltr'><strong><em>est,</em></strong></span> <span class='ocrx_word' id='word_1_208' title='bbox 2058 3256 2103 3326; x_wconf 90' lang='lat' dir='ltr'><strong><em>ita</em></strong></span> 
     </span>
     <span class='ocr_line' id='line_1_25' title="bbox 427 3369 2103 3468; baseline 0.002 -30"><span class='ocrx_word' id='word_1_209' title='bbox 427 3370 583 3438; x_wconf 69' lang='lat' dir='ltr'><strong><em>protanam</em></strong></span> <span class='ocrx_word' id='word_1_210' title='bbox 605 3371 679 3426; x_wconf 70' lang='lat' dir='ltr'><strong><em>ilem</em></strong></span> <span class='ocrx_word' id='word_1_211' title='bbox 697 3373 731 3427; x_wconf 73' lang='lat' dir='ltr'><strong><em>de</em></strong></span> <span class='ocrx_word' id='word_1_212' title='bbox 747 3371 936 3468; x_wconf 91' lang='lat' dir='ltr'><strong><em>simpliciter</em></strong></span> <span class='ocrx_word' id='word_1_213' title='bbox 961 3379 1275 3461; x_wconf 81' lang='lat' dir='ltr'><strong><em>commemorantur,</em></strong></span> <span class='ocrx_word' id='word_1_214' title='bbox 1300 3379 1336 3442; x_wconf 92' lang='lat' dir='ltr'><strong><em>ut</em></strong></span> <span class='ocrx_word' id='word_1_215' title='bbox 1363 3369 1501 3466; x_wconf 84' lang='lat' dir='ltr'><strong><em>simplici</em></strong></span> <span class='ocrx_word' id='word_1_216' title='bbox 1528 3380 1562 3444; x_wconf 86' lang='lat' dir='ltr'><strong><em>et</em></strong></span> <span class='ocrx_word' id='word_1_217' title='bbox 1579 3369 1699 3444; x_wconf 89' lang='lat' dir='ltr'><strong><em>literali</em></strong></span> <span class='ocrx_word' id='word_1_218' title='bbox 1716 3392 1816 3444; x_wconf 89' lang='lat' dir='ltr'><strong><em>sensu</em></strong></span> <span class='ocrx_word' id='word_1_219' title='bbox 1834 3369 1972 3463; x_wconf 86' lang='lat' dir='ltr'><strong><em>intelligi</em></strong></span> <span class='ocrx_word' id='word_1_220' title='bbox 1986 3369 2103 3442; x_wconf 89' lang='lat' dir='ltr'><strong><em>eudem</em></strong></span> 
     </span>
     <span class='ocr_line' id='line_1_26' title="bbox 425 3454 2102 3586; baseline -0.001 -26"><span class='ocrx_word' id='word_1_221' title='bbox 425 3454 592 3510; x_wconf 59' lang='lat' dir='ltr'><strong><em>³⁰⁰¹¹⁸&#39;³⁸⁸i⁸&#39;</em></strong></span> <span class='ocrx_word' id='word_1_222' title='bbox 746 3497 916 3584; x_wconf 85' lang='lat' dir='ltr'><strong><em>oporteat,</em></strong></span> <span class='ocrx_word' id='word_1_223' title='bbox 942 3512 962 3561; x_wconf 93' lang='lat' dir='ltr'><strong><em>a</em></strong></span> <span class='ocrx_word' id='word_1_224' title='bbox 988 3487 1087 3586; x_wconf 87' lang='lat' dir='ltr'><strong><em>plebe</em></strong></span> <span class='ocrx_word' id='word_1_225' title='bbox 1113 3489 1324 3586; x_wconf 87' lang='lat' dir='ltr'><strong><em>praesertim,</em></strong></span> <span class='ocrx_word' id='word_1_226' title='bbox 1350 3507 1436 3581; x_wconf 87' lang='lat' dir='ltr'><strong><em>quae</em></strong></span> <span class='ocrx_word' id='word_1_227' title='bbox 1466 3482 1629 3559; x_wconf 86' lang='lat' dir='ltr'><strong><em>subtilium</em></strong></span> <span class='ocrx_word' id='word_1_228' title='bbox 1663 3487 1963 3581; x_wconf 86' lang='lat' dir='ltr'><strong><em>interpretationum</em></strong></span> <span class='ocrx_word' id='word_1_229' title='bbox 1995 3487 2102 3558; x_wconf 89' lang='lat' dir='ltr'><strong><em>minus</em></strong></span> 
     </span>
     <span class='ocr_line' id='line_1_27' title="bbox 744 3600 2102 3702; baseline -0.003 -24"><span class='ocrx_word' id='word_1_230' title='bbox 744 3627 872 3702; x_wconf 87' lang='lat' dir='ltr'><strong><em>capax,</em></strong></span> <span class='ocrx_word' id='word_1_231' title='bbox 898 3605 974 3678; x_wconf 79' lang='lat' dir='ltr'><strong><em>hum</em></strong></span> <span class='ocrx_word' id='word_1_232' title='bbox 1000 3607 1161 3680; x_wconf 86' lang='lat' dir='ltr'><strong><em>elementa</em></strong></span> <span class='ocrx_word' id='word_1_233' title='bbox 1187 3607 1282 3702; x_wconf 90' lang='lat' dir='ltr'><strong><em>panis</em></strong></span> <span class='ocrx_word' id='word_1_234' title='bbox 1309 3611 1343 3675; x_wconf 89' lang='lat' dir='ltr'><strong><em>et</em></strong></span> <span class='ocrx_word' id='word_1_235' title='bbox 1366 3603 1435 3675; x_wconf 90' lang='lat' dir='ltr'><strong><em>vini</em></strong></span> <span class='ocrx_word' id='word_1_236' title='bbox 1460 3600 1610 3695; x_wconf 86' lang='lat' dir='ltr'><strong><em>intelligit</em></strong></span> <span class='ocrx_word' id='word_1_237' title='bbox 1626 3601 1698 3674; x_wconf 87' lang='lat' dir='ltr'><strong><em>lieri</em></strong></span> <span class='ocrx_word' id='word_1_238' title='bbox 1718 3623 1840 3698; x_wconf 89' lang='lat' dir='ltr'><strong><em>cerpus</em></strong></span> <span class='ocrx_word' id='word_1_239' title='bbox 1854 3611 1888 3674; x_wconf 86' lang='lat' dir='ltr'><strong><em>ct</em></strong></span> <span class='ocrx_word' id='word_1_240' title='bbox 1908 3603 2102 3694; x_wconf 84' lang='lat' dir='ltr'><strong><em>sanguinem</em></strong></span> 
     </span>
     <span class='ocr_line' id='line_1_28' title="bbox 745 3715 2102 3818; baseline -0.006 -22"><span class='ocrx_word' id='word_1_241' title='bbox 745 3722 884 3814; x_wconf 75' lang='lat' dir='ltr'><strong><em>Christi,</em></strong></span> <span class='ocrx_word' id='word_1_242' title='bbox 921 3743 1068 3818; x_wconf 84' lang='lat' dir='ltr'><strong><em>moxque</em></strong></span> <span class='ocrx_word' id='word_1_243' title='bbox 1098 3730 1135 3795; x_wconf 91' lang='lat' dir='ltr'><strong><em>ut</em></strong></span> <span class='ocrx_word' id='word_1_244' title='bbox 1167 3728 1362 3796; x_wconf 87' lang='lat' dir='ltr'><strong><em>consecrata</em></strong></span> <span class='ocrx_word' id='word_1_245' title='bbox 1398 3725 1491 3808; x_wconf 85' lang='lat' dir='ltr'><strong><em>sunt,</em></strong></span> <span class='ocrx_word' id='word_1_246' title='bbox 1524 3737 1592 3789; x_wconf 91' lang='lat' dir='ltr'><strong><em>non</em></strong></span> <span class='ocrx_word' id='word_1_247' title='bbox 1624 3717 1719 3790; x_wconf 85' lang='lat' dir='ltr'><strong><em>aliter</em></strong></span> <span class='ocrx_word' id='word_1_248' title='bbox 1753 3715 1930 3813; x_wconf 87' lang='lat' dir='ltr'><strong><em>appellari:</em></strong></span> <span class='ocrx_word' id='word_1_249' title='bbox 1961 3739 2102 3812; x_wconf 88' lang='lat' dir='ltr'><strong><em>eumque</em></strong></span> 
     </span>
     <span class='ocr_line' id='line_1_29' title="bbox 744 3831 2102 3934; baseline -0.004 -25"><span class='ocrx_word' id='word_1_250' title='bbox 744 3837 863 3910; x_wconf 86' lang='lat' dir='ltr'><strong><em>eadem</em></strong></span> <span class='ocrx_word' id='word_1_251' title='bbox 888 3836 1197 3912; x_wconf 85' lang='lat' dir='ltr'><strong><em>communicantibus</em></strong></span> <span class='ocrx_word' id='word_1_252' title='bbox 1229 3834 1446 3934; x_wconf 78' lang='lat' dir='ltr'><strong><em>praebentur,</em></strong></span> <span class='ocrx_word' id='word_1_253' title='bbox 1479 3832 1569 3906; x_wconf 90' lang='lat' dir='ltr'><strong><em>audit</em></strong></span> <span class='ocrx_word' id='word_1_254' title='bbox 1599 3855 1619 3904; x_wconf 87' lang='lat' dir='ltr'><strong><em>a</em></strong></span> <span class='ocrx_word' id='word_1_255' title='bbox 1654 3831 1882 3908; x_wconf 85' lang='lat' dir='ltr'><strong><em>sacerdotibus</em></strong></span> <span class='ocrx_word' id='word_1_256' title='bbox 1916 3831 1981 3905; x_wconf 87' lang='lat' dir='ltr'><strong><em>hoe</em></strong></span> <span class='ocrx_word' id='word_1_257' title='bbox 2013 3833 2102 3928; x_wconf 91' lang='lat' dir='ltr'><strong><em>quod</em></strong></span> 
     </span>
     <span class='ocr_line' id='line_1_30' title="bbox 743 3948 2102 4050; baseline -0.003 -24"><span class='ocrx_word' id='word_1_258' title='bbox 743 3953 807 4027; x_wconf 89' lang='lat' dir='ltr'><strong><em>illis</em></strong></span> <span class='ocrx_word' id='word_1_259' title='bbox 833 3955 945 4044; x_wconf 88' lang='lat' dir='ltr'><strong><em>datur,</em></strong></span> <span class='ocrx_word' id='word_1_260' title='bbox 969 3976 1037 4026; x_wconf 90' lang='lat' dir='ltr'><strong><em>non</em></strong></span> <span class='ocrx_word' id='word_1_261' title='bbox 1059 3957 1128 4046; x_wconf 88' lang='lat' dir='ltr'><strong><em>jam</em></strong></span> <span class='ocrx_word' id='word_1_262' title='bbox 1154 3974 1231 4028; x_wconf 86' lang='lat' dir='ltr'><strong><em>esse</em></strong></span> <span class='ocrx_word' id='word_1_263' title='bbox 1256 3973 1372 4050; x_wconf 90' lang='lat' dir='ltr'><strong><em>panem</em></strong></span> <span class='ocrx_word' id='word_1_264' title='bbox 1400 3960 1434 4023; x_wconf 90' lang='lat' dir='ltr'><strong><em>et</em></strong></span> <span class='ocrx_word' id='word_1_265' title='bbox 1457 3953 1571 4023; x_wconf 80' lang='lat' dir='ltr'><strong><em>vinum</em></strong></span> <span class='ocrx_word' id='word_1_266' title='bbox 1595 3959 1632 4022; x_wconf 90' lang='lat' dir='ltr'><strong><em>ut</em></strong></span> <span class='ocrx_word' id='word_1_267' title='bbox 1646 3950 1817 4040; x_wconf 87' lang='lat' dir='ltr'><strong><em>videntur,</em></strong></span> <span class='ocrx_word' id='word_1_268' title='bbox 1844 3948 1905 4024; x_wconf 89' lang='lat' dir='ltr'><strong><em>sed</em></strong></span> <span class='ocrx_word' id='word_1_269' title='bbox 1931 3969 2052 4045; x_wconf 90' lang='lat' dir='ltr'><strong><em>corpus</em></strong></span> <span class='ocrx_word' id='word_1_270' title='bbox 2066 3957 2102 4022; x_wconf 87' lang='lat' dir='ltr'><strong><em>et</em></strong></span> 
     </span>
     <span class='ocr_line' id='line_1_31' title="bbox 745 4063 2101 4165; baseline -0.008 -21"><span class='ocrx_word' id='word_1_271' title='bbox 745 4075 956 4165; x_wconf 85' lang='lat' dir='ltr'><strong><em>sanguinem,</em></strong></span> <span class='ocrx_word' id='word_1_272' title='bbox 989 4069 1096 4165; x_wconf 84' lang='lat' dir='ltr'><strong><em>deque</em></strong></span> <span class='ocrx_word' id='word_1_273' title='bbox 1121 4091 1164 4143; x_wconf 87' lang='lat' dir='ltr'><strong><em>ea</em></strong></span> <span class='ocrx_word' id='word_1_274' title='bbox 1188 4068 1253 4142; x_wconf 87' lang='lat' dir='ltr'><strong><em>fide</em></strong></span> <span class='ocrx_word' id='word_1_275' title='bbox 1279 4067 1446 4142; x_wconf 82' lang='lat' dir='ltr'><strong><em>consessio</em></strong></span> <span class='ocrx_word' id='word_1_276' title='bbox 1479 4069 1729 4163; x_wconf 82' lang='lat' dir='ltr'><strong><em>pronunciatur,</em></strong></span> <span class='ocrx_word' id='word_1_277' title='bbox 1761 4087 1829 4139; x_wconf 90' lang='lat' dir='ltr'><strong><em>non</em></strong></span> <span class='ocrx_word' id='word_1_278' title='bbox 1861 4073 1972 4162; x_wconf 88' lang='lat' dir='ltr'><strong><em>potest</em></strong></span> <span class='ocrx_word' id='word_1_279' title='bbox 2003 4063 2101 4134; x_wconf 86' lang='lat' dir='ltr'><strong><em>eliam</em></strong></span> 
     </span>
     <span class='ocr_line' id='line_1_32' title="bbox 743 4177 2099 4282; baseline -0.009 -22"><span class='ocrx_word' id='word_1_280' title='bbox 743 4191 776 4260; x_wconf 92' lang='lat' dir='ltr'><strong><em>in</em></strong></span> <span class='ocrx_word' id='word_1_281' title='bbox 803 4191 911 4260; x_wconf 88' lang='lat' dir='ltr'><strong><em>animo</em></strong></span> <span class='ocrx_word' id='word_1_282' title='bbox 938 4188 1122 4282; x_wconf 90' lang='lat' dir='ltr'><strong><em>opinionem</em></strong></span> <span class='ocrx_word' id='word_1_283' title='bbox 1149 4185 1292 4275; x_wconf 83' lang='lat' dir='ltr'><strong><em>habere,</em></strong></span> <span class='ocrx_word' id='word_1_284' title='bbox 1317 4194 1450 4281; x_wconf 84' lang='lat' dir='ltr'><strong><em>praeter</em></strong></span> <span class='ocrx_word' id='word_1_285' title='bbox 1476 4205 1549 4254; x_wconf 89' lang='lat' dir='ltr'><strong><em>eam</em></strong></span> <span class='ocrx_word' id='word_1_286' title='bbox 1575 4204 1673 4277; x_wconf 67' lang='grc' dir='ltr'><strong>ιιιιιιιιι</strong></span> <span class='ocrx_word' id='word_1_287' title='bbox 1687 4181 1794 4256; x_wconf 89' lang='lat' dir='ltr'><strong><em>verba</em></strong></span> <span class='ocrx_word' id='word_1_288' title='bbox 1810 4185 1883 4278; x_wconf 90' lang='lat' dir='ltr'><strong><em>ipsa</em></strong></span> <span class='ocrx_word' id='word_1_289' title='bbox 1896 4177 2099 4275; x_wconf 81' lang='lat' dir='ltr'><strong><em>praetemunt.</em></strong></span> 
     </span>
     <span class='ocr_line' id='line_1_33' title="bbox 744 4293 2099 4402; baseline -0.009 -27"><span class='ocrx_word' id='word_1_290' title='bbox 744 4301 896 4375; x_wconf 88' lang='lat' dir='ltr'><strong><em>Omnium</em></strong></span> <span class='ocrx_word' id='word_1_291' title='bbox 921 4305 1042 4398; x_wconf 88' lang='lat' dir='ltr'><strong><em>quippe</em></strong></span> <span class='ocrx_word' id='word_1_292' title='bbox 1067 4303 1381 4402; x_wconf 82' lang='lat' dir='ltr'><strong><em>interpretationum,</em></strong></span> <span class='ocrx_word' id='word_1_293' title='bbox 1408 4298 1524 4394; x_wconf 88' lang='lat' dir='ltr'><strong><em>quibus</em></strong></span> <span class='ocrx_word' id='word_1_294' title='bbox 1540 4296 1701 4371; x_wconf 87' lang='lat' dir='ltr'><strong><em>literalem</em></strong></span> <span class='ocrx_word' id='word_1_295' title='bbox 1728 4308 1763 4371; x_wconf 87' lang='lat' dir='ltr'><strong><em>et</em></strong></span> <span class='ocrx_word' id='word_1_296' title='bbox 1780 4295 1959 4393; x_wconf 87' lang='lat' dir='ltr'><strong><em>simplicem</em></strong></span> <span class='ocrx_word' id='word_1_297' title='bbox 1979 4293 2099 4368; x_wconf 84' lang='lat' dir='ltr'><strong><em>Christi</em></strong></span> 
     </span>
     <span class='ocr_line' id='line_1_34' title="bbox 743 4409 2100 4512; baseline -0.012 -18"><span class='ocrx_word' id='word_1_298' title='bbox 743 4420 923 4494; x_wconf 87' lang='lat' dir='ltr'><strong><em>verborum</em></strong></span> <span class='ocrx_word' id='word_1_299' title='bbox 950 4418 1220 4512; x_wconf 73' lang='lat' dir='ltr'><strong><em>significationem</em></strong></span> <span class='ocrx_word' id='word_1_300' title='bbox 1246 4421 1413 4489; x_wconf 88' lang='lat' dir='ltr'><strong><em>invertere</em></strong></span> <span class='ocrx_word' id='word_1_301' title='bbox 1437 4412 1689 4489; x_wconf 83' lang='lat' dir='ltr'><strong><em>Reformatores</em></strong></span> <span class='ocrx_word' id='word_1_302' title='bbox 1707 4416 1816 4487; x_wconf 86' lang='lat' dir='ltr'><strong><em>conati</em></strong></span> <span class='ocrx_word' id='word_1_303' title='bbox 1843 4422 1934 4500; x_wconf 88' lang='lat' dir='ltr'><strong><em>sunt,</em></strong></span> <span class='ocrx_word' id='word_1_304' title='bbox 1961 4409 2048 4482; x_wconf 89' lang='lat' dir='ltr'><strong><em>nulla</em></strong></span> <span class='ocrx_word' id='word_1_305' title='bbox 2065 4411 2100 4478; x_wconf 89' lang='lat' dir='ltr'><strong><em>in</em></strong></span> 
     </span>
     <span class='ocr_line' id='line_1_35' title="bbox 611 4531 2100 4632; baseline -0.01 -22"><span class='ocrx_word' id='word_1_306' title='bbox 611 4571 618 4590; x_wconf 75' lang='lat'>=</span> <span class='ocrx_word' id='word_1_307' title='bbox 744 4539 933 4632; x_wconf 87' lang='lat' dir='ltr'><strong><em>antiquitate</em></strong></span> <span class='ocrx_word' id='word_1_308' title='bbox 958 4535 1157 4632; x_wconf 89' lang='lat' dir='ltr'><strong><em>praesidium</em></strong></span> <span class='ocrx_word' id='word_1_309' title='bbox 1182 4532 1297 4626; x_wconf 87' lang='lat' dir='ltr'><strong><em>habet,</em></strong></span> <span class='ocrx_word' id='word_1_310' title='bbox 1323 4541 1379 4604; x_wconf 89' lang='lat' dir='ltr'><strong><em>aut</em></strong></span> <span class='ocrx_word' id='word_1_311' title='bbox 1402 4531 1459 4604; x_wconf 92' lang='lat' dir='ltr'><strong><em>ulli</em></strong></span> <span class='ocrx_word' id='word_1_312' title='bbox 1484 4540 1635 4604; x_wconf 85' lang='lat' dir='ltr'><strong><em>veterum</em></strong></span> <span class='ocrx_word' id='word_1_313' title='bbox 1652 4531 1784 4604; x_wconf 90' lang='lat' dir='ltr'><strong><em>Patrum</em></strong></span> <span class='ocrx_word' id='word_1_314' title='bbox 1810 4532 2004 4601; x_wconf 85' lang='lat' dir='ltr'><strong><em>mmentem</em></strong></span> <span class='ocrx_word' id='word_1_315' title='bbox 2028 4545 2100 4597; x_wconf 85' lang='lat' dir='ltr'><strong><em>ve-</em></strong></span> 
     </span>
     <span class='ocr_line' id='line_1_36' title="bbox 742 4645 2096 4748; baseline -0.01 -22"><span class='ocrx_word' id='word_1_316' title='bbox 742 4657 800 4728; x_wconf 90' lang='lat' dir='ltr'><strong><em>nit.</em></strong></span> <span class='ocrx_word' id='word_1_317' title='bbox 852 4652 959 4724; x_wconf 90' lang='lat' dir='ltr'><strong><em>Nemo</em></strong></span> <span class='ocrx_word' id='word_1_318' title='bbox 987 4656 1071 4726; x_wconf 89' lang='lat' dir='ltr'><strong><em>inter</em></strong></span> <span class='ocrx_word' id='word_1_319' title='bbox 1097 4675 1158 4726; x_wconf 86' lang='lat' dir='ltr'><strong><em>eos</em></strong></span> <span class='ocrx_word' id='word_1_320' title='bbox 1185 4671 1320 4748; x_wconf 90' lang='lat' dir='ltr'><strong><em>qaorum</em></strong></span> <span class='ocrx_word' id='word_1_321' title='bbox 1354 4649 1396 4721; x_wconf 93' lang='lat' dir='ltr'><strong><em>ad</em></strong></span> <span class='ocrx_word' id='word_1_322' title='bbox 1428 4669 1492 4724; x_wconf 90' lang='lat' dir='ltr'><strong><em>uos</em></strong></span> <span class='ocrx_word' id='word_1_323' title='bbox 1526 4651 1648 4744; x_wconf 85' lang='lat' dir='ltr'><strong><em>scripte</em></strong></span> <span class='ocrx_word' id='word_1_324' title='bbox 1679 4655 1903 4742; x_wconf 88' lang='lat' dir='ltr'><strong><em>pervenerunt</em></strong></span> <span class='ocrx_word' id='word_1_325' title='bbox 1927 4645 2096 4717; x_wconf 87' lang='lat' dir='ltr'><strong><em>monuisse</em></strong></span> 
     </span>
     <span class='ocr_line' id='line_1_37' title="bbox 744 4760 2098 4859; baseline -0.01 -17"><span class='ocrx_word' id='word_1_326' title='bbox 744 4768 1013 4842; x_wconf 87' lang='lat' dir='ltr'><strong><em>animadvertitur</em></strong></span> <span class='ocrx_word' id='word_1_327' title='bbox 1036 4771 1070 4840; x_wconf 90' lang='lat' dir='ltr'><strong><em>in</em></strong></span> <span class='ocrx_word' id='word_1_328' title='bbox 1094 4768 1244 4841; x_wconf 91' lang='lat' dir='ltr'><strong><em>Homiliis</em></strong></span> <span class='ocrx_word' id='word_1_329' title='bbox 1270 4775 1327 4838; x_wconf 89' lang='lat' dir='ltr'><strong><em>aot</em></strong></span> <span class='ocrx_word' id='word_1_330' title='bbox 1351 4761 1586 4840; x_wconf 73' lang='lat' dir='ltr'><strong><em>catechesibus</em></strong></span> <span class='ocrx_word' id='word_1_331' title='bbox 1611 4761 1782 4859; x_wconf 84' lang='lat' dir='ltr'><strong><em>populum,</em></strong></span> <span class='ocrx_word' id='word_1_332' title='bbox 1808 4784 1851 4833; x_wconf 90' lang='lat' dir='ltr'><strong><em>ne</em></strong></span> <span class='ocrx_word' id='word_1_333' title='bbox 1876 4760 2027 4832; x_wconf 89' lang='lat' dir='ltr'><strong><em>crederet</em></strong></span> <span class='ocrx_word' id='word_1_334' title='bbox 2052 4779 2098 4828; x_wconf 84' lang='lat' dir='ltr'><strong><em>ex</em></strong></span> 
     </span>
     <span class='ocr_line' id='line_1_38' title="bbox 744 4876 2098 4981; baseline -0.009 -22"><span class='ocrx_word' id='word_1_335' title='bbox 744 4883 882 4981; x_wconf 90' lang='lat' dir='ltr'><strong><em>simplici</em></strong></span> <span class='ocrx_word' id='word_1_336' title='bbox 906 4883 1087 4956; x_wconf 89' lang='lat' dir='ltr'><strong><em>verborum</em></strong></span> <span class='ocrx_word' id='word_1_337' title='bbox 1113 4883 1372 4978; x_wconf 82' lang='lat' dir='ltr'><strong><em>significatione,</em></strong></span> <span class='ocrx_word' id='word_1_338' title='bbox 1397 4880 1430 4953; x_wconf 90' lang='lat' dir='ltr'><strong><em>id</em></strong></span> <span class='ocrx_word' id='word_1_339' title='bbox 1456 4879 1543 4975; x_wconf 90' lang='lat' dir='ltr'><strong><em>quod</em></strong></span> <span class='ocrx_word' id='word_1_340' title='bbox 1569 4876 1775 4974; x_wconf 88' lang='lat' dir='ltr'><strong><em>accipiebant</em></strong></span> <span class='ocrx_word' id='word_1_341' title='bbox 1799 4899 1883 4950; x_wconf 89' lang='lat' dir='ltr'><strong><em>vere</em></strong></span> <span class='ocrx_word' id='word_1_342' title='bbox 1909 4897 1988 4950; x_wconf 87' lang='lat' dir='ltr'><strong><em>esse</em></strong></span> <span class='ocrx_word' id='word_1_343' title='bbox 2013 4895 2098 4947; x_wconf 88' lang='lat' dir='ltr'><strong><em>car-</em></strong></span> 
     </span>
     <span class='ocr_line' id='line_1_39' title="bbox 744 4991 2098 5096; baseline -0.01 -22"><span class='ocrx_word' id='word_1_344' title='bbox 744 5021 806 5096; x_wconf 90' lang='lat' dir='ltr'><strong><em>pus</em></strong></span> <span class='ocrx_word' id='word_1_345' title='bbox 825 4997 962 5094; x_wconf 83' lang='lat' dir='ltr'><strong><em>Christi,</em></strong></span> <span class='ocrx_word' id='word_1_346' title='bbox 988 5003 1054 5076; x_wconf 90' lang='lat' dir='ltr'><strong><em>imo</em></strong></span> <span class='ocrx_word' id='word_1_347' title='bbox 1072 5003 1222 5096; x_wconf 79' lang='lat' dir='ltr'><strong><em>gravitm</em></strong></span> <span class='ocrx_word' id='word_1_348' title='bbox 1237 4995 1453 5090; x_wconf 76' lang='lat' dir='ltr'><strong><em>inculcabant,</em></strong></span> <span class='ocrx_word' id='word_1_349' title='bbox 1479 5006 1515 5070; x_wconf 91' lang='lat' dir='ltr'><strong><em>ut</em></strong></span> <span class='ocrx_word' id='word_1_350' title='bbox 1536 4997 1581 5070; x_wconf 87' lang='lat' dir='ltr'><strong><em>ita</em></strong></span> <span class='ocrx_word' id='word_1_351' title='bbox 1598 4994 1758 5068; x_wconf 88' lang='lat' dir='ltr'><strong><em>crederet.</em></strong></span> <span class='ocrx_word' id='word_1_352' title='bbox 1801 4991 1964 5070; x_wconf 88' lang='lat' dir='ltr'><strong><em>Sensuum</em></strong></span> <span class='ocrx_word' id='word_1_353' title='bbox 1989 5011 2098 5086; x_wconf 90' lang='lat' dir='ltr'><strong><em>repu-</em></strong></span> 
     </span>
    </p>
   </div>
   <div class='ocr_carea' id='block_1_3' title="bbox 0 0 2394 6034">
    <p class='ocr_par' dir='ltr' id='par_1_3' title="bbox 0 0 2394 6034">
     <span class='ocr_line' id='line_1_40' title="bbox 0 0 2394 6034; baseline 0 1"><span class='ocrx_word' id='word_1_354' title='bbox 0 0 2394 6034; x_wconf 95' lang='lat' dir='ltr'><strong><em> </em></strong></span> 
     </span>
    </p>
   </div>
  </div>
 </body>
</html>
