4760 6038
698 695 1318 776 SANCTIBASILII.
1482 703 1484 710 ‘
1660 701 1709 774 17

431 889 601 960 Memento
627 883 770 958 Domine
796 887 933 958 seminis
958 882 1158 976 herbarum,
1186 891 1221 958 et
1246 889 1370 960 viroris
1402 889 1476 981 agri
1511 887 1576 960 hoo
1607 911 1709 979 anno,

329 1003 381 1075 iac
406 1013 443 1076 ut
468 1011 644 1092 crescant,
671 1011 827 1096 quantum
853 1001 925 1074 tieri
955 1010 1083 1097 potest,
1117 1025 1181 1099 per
1213 1006 1356 1096 gratiam
1392 1014 1491 1076 tuam.
1543 1002 1707 1077 Laetibca

329 1120 450 1192 faciem
476 1128 609 1208 terrae,
635 1126 671 1188 ut
698 1127 860 1213 appareat
885 1115 1093 1190 foecunditas
1121 1122 1214 1210 ejus,
1242 1130 1276 1192 et
1301 1119 1427 1192 fructus
1454 1122 1558 1216 ipsius
1592 1120 1708 1193 multi-

329 1234 508 1330 plicentur3
535 1255 702 1329 praepara
738 1235 769 1303 ei
804 1243 987 1304 sementem
1020 1244 1054 1305 et
1086 1256 1250 1307 messem:
1290 1240 1394 1308 vitam
1428 1245 1578 1308 nostram
1610 1244 1710 1330 prout

330 1349 467 1446 expedit
492 1347 660 1441 guberna:
687 1346 831 1420 benedic
857 1370 1004 1420 coronae
1032 1351 1109 1420 anni
1131 1373 1193 1445 per
1219 1349 1458 1444 benignitatem
1479 1359 1587 1442 tuam,
1620 1340 1708 1448 p'ro-

330 1474 402 1560 pter
419 1485 550 1558 egenos
566 1465 680 1561 populi
707 1467 766 1554 tui,
793 1463 1066 1560 propteruiduas
1094 1475 1128 1536 et
1140 1464 1326 1560 orphanos,
1352 1477 1491 1563 propter
1508 1471 1707 1562 peregrinos

332 1590 364 1652 et
387 1583 625 1652 necessitatem
651 1585 832 1675 patientes,
860 1589 894 1651 et
919 1590 1058 1676 propter
1083 1602 1146 1654 nos
1174 1602 1291 1654 omnes
1320 1585 1433 1677 quiin
1460 1593 1493 1654 te
1513 1581 1707 1654 confidimus

331 1706 364 1767 et
387 1717 510 1768 nomen
537 1706 687 1770 sanctum
714 1707 803 1768 tuum
836 1694 992 1768 ardenter
1024 1701 1229 1791 quaerimus3
1265 1701 1341 1792 quia
1372 1698 1461 1771 oculi
1498 1701 1641 1769 omnium
1674 1699 1708 1766 in

332 1821 364 1882 te
390 1821 543 1907 sperant,
576 1810 665 1906 quod
691 1813 724 1882 in
761 1821 911 1906 tempore
939 1834 1001 1885 suo
1034 1816 1080 1884 sis
1112 1815 1195 1907 ipsis
1228 1811 1353 1885 bonum
1386 1813 1576 1906 largitums.
1628 1812 1708 1903 Age

331 1926 503 2000 nobiscum
526 1929 623 2018 juxta
649 1925 833 1998 bonitatem
859 1937 970 2019 tuam,
997 1937 1030 1999 tu
1058 1931 1113 2024 qui
1141 1928 1201 2000 das
1229 1951 1343 2002 escam
1362 1933 1451 2002 omni
1473 1931 1584 2001 carni:
1610 1926 1710 2023 imple

333 2042 433 2114 corda
459 2051 577 2115 nostra
603 2041 728 2114 laetitia
756 2051 791 2113 et
817 2044 1001 2132 suavitate,
1027 2053 1063 2116 ut
1088 2043 1184 2116 nobis
1212 2066 1346 2140 semper
1372 2049 1407 2115 in
1434 2043 1586 2118 omnibus
1607 2041 1710 2116 rebus

334 2166 508 2254 suppetant
533 2159 749 2247 necessaria,
776 2166 810 2229 et
837 2157 1041 2232 abundemus
1067 2161 1102 2230 in
1129 2163 1220 2232 omni
1246 2182 1351 2256 opere
1377 2159 1478 2232 bono.

436 2273 626 2345 Diaconos.
681 2271 785 2345 Orate
811 2295 885 2369 pro.

434 2389 611 2461 Sacerdos
635 2389 693 2460 hic
708 2392 817 2460 innuit
828 2411 935 2482 super
950 2411 1076 2483 panem
1092 2396 1128 2460 et
1142 2393 1253 2462 ninum
1269 2390 1423 2462 inanibus
1437 2394 1516 2478 ruis,
1541 2391 1706 2485 dicetque.

433 2504 603 2577 Memento
629 2502 774 2576 Domine
801 2527 935 2595 eorum,
964 2508 1018 2600 qui
1033 2504 1117 2578 haec
1135 2504 1222 2578 dona
1242 2507 1300 2579 tibi
1314 2505 1516 2598 obtulerunt,
1544 2517 1709 2580 eteorum

333 2643 393 2716 pro
421 2619 541 2716 quibus
568 2643 610 2692 ea
639 2617 841 2706 obtulerunt,
870 2630 904 2692 et
931 2625 987 2716 qui
1013 2620 1203 2694 obtulerunt
1227 2643 1291 2717 pro
1326 2643 1365 2696 se
1401 2634 1435 2695 et
1467 2644 1529 2696 suo
1563 2626 1709 2713 nomine,

334 2734 374 2808 da
399 2738 441 2809 iis
469 2735 620 2810 omnibus
646 2735 836 2809 mercedem
864 2759 884 2808 e
911 2737 1019 2809 coelo.

436 2851 604 2924 Circuibit
628 2853 804 2924 Sacerdos
829 2856 944 2925 coetus
969 2853 1083 2924 altare
1110 2875 1183 2924 eron
1210 2852 1390 2940 thuribulo,
1419 2860 1454 2924 et
1479 2855 1523 2926 ab
1549 2857 1710 2948 inferiori
1814 2911 1815 2914 ,

331 2975 433 3061 porte
459 2969 536 3040 thus
561 2968 726 3056 adolebit,
755 2969 951 3065 locabitque
976 2992 1095 3040 monas
1125 2992 1224 3058 eoas,
1259 2976 1294 3040 et
1320 2992 1381 3041 ear
1406 2970 1482 3041 celo
1509 2969 1708 3064 tantparao

333 3084 487 3155 incolcet.

719 3328 799 3400 Tmo
825 3329 917 3400 dicet
941 3329 1117 3403 Sacerdos
1144 3329 1332 3402 celebrans.

436 3547 533 3620 Nunc
568 3549 712 3619 Domine
747 3569 793 3618 ex
827 3557 1011 3648 praecepto
1046 3546 1122 3618 Filii
1157 3550 1203 3618 tui
1235 3549 1395 3640 rmigeniti
1430 3550 1710 3621 communicamus

334 3667 513 3736 memoriae
539 3661 739 3736 Sanctorum
765 3674 915 3753 tuorum,
942 3666 997 3757 qui
1022 3661 1081 3733 tibi
1106 3663 1302 3758 placuerunt
1317 3663 1359 3735 ab
1377 3665 1487 3750 initio,
1514 3671 1710 3757 patrumque

335 3789 524 3852 nostrorum
547 3778 758 3870 Sanctorum,
776 3775 1056 3868 Patriarcbarum,
1070 3776 1323 3873 Prophetarum,
1338 3777 1592 3874 Apostolorum,
1611 3777 1711 3849 hiar-

334 3905 462 3992 tprum,
488 3895 772 3983 Praedicatorum,
798 3891 1106 3985 Evangelistarum,
1124 3897 1335 3988 omniumque
1350 3896 1520 3987 spirituum
1532 3897 1710 3985 iustorum,

335 4015 389 4106 qui
415 4010 541 4084 infide
566 4015 669 4083 vitam
694 4011 857 4083 tinienmt.
910 4010 1098 4105 Praecipue
1123 4029 1209 4081 vero
1243 4018 1277 4080 et
1307 4011 1473 4098 maxime,
1508 4020 1646 4082 sanctae
1677 4020 1712 4083 et

336 4128 442 4220 gloria
469 4127 591 4223 plenae
617 4148 753 4222 semper
779 4125 928 4218 Virginis
956 4124 1132 4199 Genitricis
1159 4126 1243 4218 Dei,
1269 4125 1381 4198 Divae
1409 4134 1546 4198 sanotae
1563 4126 1710 4215 Mariae3

336 4246 441 4318 sancti
475 4244 614 4316 loannis
647 4244 819 4337 Baptistae
854 4242 1090 4314 Praecursoris
1132 4251 1166 4314 et
1199 4241 1378 4337 Martyris3
1414 4245 1519 4314 sancti
1551 4241 1711 4337 Stephani

335 4362 430 4454 primi
456 4359 597 4458 Diaconi
624 4368 658 4430 ot
677 4360 773 4454 primi
789 4357 965 4453 Martyris,
990 4359 1202 4452 ridentisque
1220 4359 1328 4429 Deum
1343 4355 1586 4448 Evangebstae
1603 4357 1711 4429 Marci

337 4480 441 4548 sancti
466 4475 625 4572 Apostoli
652 4483 685 4546 et
713 4474 892 4570 Martyris3
919 4474 1133 4546 Patriarcbac
1167 4477 1273 4546 sancti
1308 4471 1448 4560 Severi,
1486 4482 1519 4542 et
1550 4472 1710 4544 Doctoris

336 4595 441 4666 nostri
467 4591 642 4681 Dioscori3
670 4593 775 4664 sancti
801 4590 938 4662 loannis
974 4588 1223 4687 chrysostomi,
1259 4591 1364 4660 sancti
1397 4586 1570 4659 Athanasii
1604 4589 1710 4683 Apo-

338 4707 463 4799 stolici,
491 4710 597 4780 sancti
625 4705 758 4803 cyrilli,
785 4709 893 4780 sancti
917 4704 1053 4796 Basilii,
1080 4710 1186 4779 sancti
1204 4703 1374 4798 Gregorii,
1401 4702 1577 4797 Patrisque
1604 4705 1711 4776 nostri

338 4827 443 4896 sancti
468 4821 612 4900 Abbatis
638 4823 775 4896 Antonii
802 4840 950 4895 summae
977 4823 1165 4892 sanctitatis*
1187 4825 1268 4910 viri,
1297 4821 1444 4914 justique
1469 4819 1578 4890 Patris
1605 4817 1711 4909 Pauli,

337 4939 599 5034 Sanctorumque
626 4941 723 5010 trium
749 4937 993 5026 Macariorum,
1021 4946 1055 5008 et
1081 4939 1187 5008 sancti
1213 4935 1322 5006 Patris
1349 4937 1455 5008 nostri
1471 4935 1611 5007 loannis
1634 4934 1712 5006 He-

337 5059 488 5149 gumeni,
514 5056 623 5126 Patris
649 5057 755 5127 nostri
781 5053 917 5126 Biscboi
943 5051 1083 5124 bominis
1110 5050 1271 5147 perfecti,
1297 5049 1497 5144 Patrumque
1514 5051 1712 5123 Sanctorum

337 5173 585 5278 Romaeorum,
622 5169 762 5242 blaximi
795 5180 830 5242 et
866 5166 1059 5259 Diomedis,
1103 5167 1322 5260 quadraginta
1356 5187 1480 5238 novem
1513 5166 1712 5262 Martpuum,

1421 5281 1470 5352 18
1483 5283 1504 5324 a
