4778 6034
450 491 501 566 ou
519 485 777 566 numanam
795 486 1050 584 oammmmu
1067 471 1217 565 onrorm
1231 487 1279 563 m
1297 485 1549 578 amomum.
1626 465 1695 556 xv

316 677 437 750 luisse:
463 697 510 746 ex
536 691 579 747 ea
606 676 728 770 qnippe
754 674 857 766 longe
876 671 1005 744 facilius
1033 683 1067 745 et
1085 670 1249 744 efficacius
1276 669 1384 743 refelli
1403 669 1597 744 Novatores
1622 690 1694 765 po-

316 795 473 878 tuissent,
502 811 600 886 quam
628 791 830 882 argumentis
857 787 1091 880 Theologicis,
1119 809 1205 882 quae
1226 785 1399 860 subtilibus
1418 785 1694 881 responsionibus

317 906 405 978 eludi
430 916 591 1003 possunt3
618 915 654 976 ut
680 906 779 976 etiam
806 914 997 976 sanctorum
1023 905 1157 976 Petrum
1183 905 1380 976 testimonia.
1434 901 1482 974 At
1502 901 1694 997 disciplinae

317 1031 480 1116 perpetuo
513 1020 716 1094 observatae
749 1021 835 1092 ratio
875 1018 950 1091 talis
986 1029 1055 1108 est,
1089 1028 1125 1090 ut
1158 1017 1263 1091 falsas
1296 1020 1587 1113 interpretationes
1625 1037 1694 1088 non

317 1136 484 1209 admittat:
512 1146 546 1207 et
573 1137 806 1209 caeremoniae
832 1132 987 1229 precibus
1006 1133 1241 1207 Eucharisticis
1260 1135 1456 1225 conjunctae
1474 1155 1588 1204 earum
1607 1152 1694 1205 sen-

317 1255 453 1324 tentiam
479 1255 524 1324 ita
551 1251 787 1339 determinant,
813 1248 921 1323 nullus
947 1260 984 1320 ut
1008 1249 1211 1344 relinquatur
1237 1247 1439 1342 ambiguitati
1465 1247 1570 1322 locus.

859 1783 1048 1866 llll'lll'
1092 1784 1149 1867 lll.

322 2009 515 2082 ostenditur
540 2013 675 2079 ueteres
699 2005 876 2100 Liturpias
903 2005 1059 2076 Graccus
1085 2011 1121 2076 et
1141 2005 1334 2078 Mestum
1360 2029 1433 2076 cusu
1449 2007 1585 2082 Latinus
1603 2030 1693 2079 cou—
1717 2101 1720 2108 A

200 2133 201 2136 ’
319 2127 442 2236 oenus·
469 2130 504 2194 et
535 2129 697 2216 abusque
731 2120 957 2216 Apostolicue
981 2119 1262 2192 celebrandorum
1296 2125 1529 2214 mysteriorum
1557 2127 1694 2217 formae

656 2241 693 2308 iu
715 2238 916 2330 praecipuis
942 2235 1110 2328 capitibus
1135 2237 1354 2328 umescere.

419 2479 485 2602 ¹Si
513 2513 586 2605 quis
613 2531 658 2582 ex
685 2512 849 2582 varietate
874 2509 994 2578 rituum
1021 2504 1079 2578 vel
1112 2509 1309 2597 orationum,
1344 2530 1429 2603 quae
1460 2511 1547 2581 inter
1573 2508 1694 2584 diver·
1707 2530 1748 2584 ux
1759 2530 1910 2583 nuvercam
1926 2533 2019 2586 ausuum

322 2651 378 2704 sas
409 2628 585 2701 Romanae
617 2625 792 2697 Ecclesiae
828 2622 997 2713 Litargios
1034 2622 1325 2714 animadvertitur,
1352 2623 1430 2695 dum
1457 2635 1593 2699 veteres
1619 2651 1695 2702 cum
1708 2617 1840 2716 liturgiae
1870 2619 1958 2670 '⁰⁰“i
1991 2619 2019 2670 ¹¹¹

321 2741 563 2818 recentioribus
597 2749 851 2835 comparantur,
884 2747 941 2809 aut
974 2759 1021 2810 ex
1053 2761 1114 2828 ea,
1149 2761 1235 2833 quae
1267 2741 1376 2831 magis
1409 2739 1515 2813 adhuc
1542 2754 1693 2838 apparet,
1706 2717 2018 2842 :pprcuoamaonpos-

321 2865 407 2933 inter
444 2855 596 2945 Gothica,
632 2854 856 2945 Mosarabica,
893 2852 1075 2942 Gallicana,
1103 2863 1159 2925 aut
1184 2852 1408 2928 Ambrosiana
1435 2855 1555 2948 officia,
1583 2881 1695 2932 cona-

320 2987 413 3048 retur
440 2973 585 3059 efficere,
621 2971 866 3044 Occidentalem
892 2968 1079 3041 Ecclesiam
1106 2969 1336 3042 Eucharistiae
1362 2970 1586 3046 celebrandae
1613 2998 1696 3048 cer-

322 3103 389 3164 tam
415 3090 536 3162 nubam
563 3090 726 3159 rationem
752 3085 920 3175 babuisse,
946 3083 1047 3156 facile
1072 3084 1291 3158 refelleretur.
1333 3085 1464 3182 Quippe
1491 3093 1599 3161 statim
1629 3089 1695 3162 de-

321 3213 574 3293 monstraretur,
609 3204 790 3291 orationes,
825 3203 855 3273 si
889 3199 1003 3272 verbis
1037 3199 1199 3290 dillcrant,
1232 3205 1327 3276 unius
1368 3225 1447 3276 esse
1481 3205 1696 3300 ejusdemque

324 3323 529 3394 sententiae:
555 3321 589 3389 in
618 3315 769 3408 Conone,
797 3319 852 3411 qui
879 3338 998 3388 sacrae
1026 3319 1165 3390 actionis
1179 3339 1259 3412 pars
1281 3327 1333 3390 est
1359 3321 1551 3414 praecipua,
1579 3325 1696 3392 maxi-

323 3459 409 3508 mam
446 3457 524 3509 esse
560 3457 628 3506 non
670 3433 770 3505 modo
807 3435 1063 3522 sententiarum,
1097 3432 1158 3504 sed
1192 3431 1374 3505 verborum
1410 3434 1696 3527 conformitatem

322 3551 421 3624 iidem
450 3551 622 3638 eamdem;
649 3553 731 3622 ritus
759 3552 814 3643 qui
841 3546 969 3642 absque
1002 3546 1058 3617 tali
1085 3547 1149 3618 lida
1172 3548 1282 3619 locum
1304 3547 1430 3620 habere
1449 3571 1519 3621 non
1537 3562 1696 3644 possunt3

323 3667 454 3739 tandem
482 3664 637 3761 quidquid
665 3666 862 3758 ‘suspicionis
893 3664 983 3754 injici
1017 3671 1132 3733 contra
1165 3665 1321 3732 unitatem
1348 3662 1541 3758 disciplinae
1567 3676 1696 3758 posset,

324 3807 371 3854 ex
398 3783 623 3876 antiquissima
650 3779 888 3868 Ecolesiauum,
917 3799 1002 3872 quae
1029 3775 1172 3848 diversis
1198 3774 1315 3848 ritibus
1342 3800 1426 3850 usae
1453 3778 1531 3849 olim
1552 3777 1697 3871 luerunt,

323 3895 503 3969 concordia
530 3903 760 3968 evanesceret.
801 3893 890 3965 Nota
918 3893 1044 3965 scilicet
1071 3901 1143 3962 erat
1169 3888 1321 3966 omnibus
1348 3890 1530 3988 Episcopis
1563 3904 1597 3966 et
1623 3895 1697 3967 Sa-

324 4009 517 4084 cerdotibus
544 4010 661 4103 regula
690 4029 862 4082 sacrorum
875 4010 1123 4104 mysteriorum,
1151 4016 1186 4078 et
1211 4012 1240 4081 si
1267 4008 1343 4103 quid
1362 4019 1479 4081 contra
1506 4033 1581 4080 eam
1608 4033 1696 4105 pec-

324 4137 432 4198 catum
460 4125 579 4198 alicubi
606 4125 736 4214 luisset,
762 4146 831 4195 non
857 4128 966 4218 magis
986 4125 1020 4196 id
1048 4126 1211 4217 tulissent,
1238 4150 1337 4221 quam
1364 4125 1554 4224 Cyprianus
1582 4150 1695 4199 eoram

323 4245 518 4331 novitatem,
546 4244 601 4335 qui
633 4263 751 4334 aquam
789 4243 869 4313 vino
896 4263 963 4314 non
991 4240 1237 4332 admiscebarit3
1265 4252 1321 4314 aut
1348 4240 1555 4316 Caecilianus
1582 4252 1695 4315 teme-

324 4362 454 4429 ritatem
480 4356 641 4447 basillae,
670 4379 755 4451 qaac
781 4359 874 4452 pacis
903 4357 1070 4448 osculnm,
1105 4360 1237 4453 privato
1265 4359 1382 4432 osculo
1418 4359 1507 4452 quod
1533 4360 1603 4430 ossi
1629 4381 1697 4429 cu-

321 4473 455 4566 jusdam
490 4475 646 4568 martyris
681 4470 799 4562 dabat,
826 4482 1030 4544 commutare
1065 4495 1146 4545 ausa
1179 4482 1263 4565 erat,
1296 4484 1351 4545 aut
1376 4474 1695 4570 HydroparastataS,

324 4588 381 4661 vel
409 4592 520 4683 siqui
548 4588 602 4659 alii
628 4597 745 4659 contra
770 4599 924 4683 receptas
951 4589 1220 4680 consuetudines,
1247 4591 1396 4685 ritusque
1423 4611 1539 4663 sacros
1566 4612 1696 4685 pccca-

325 4702 414 4776 bant.
468 4704 635 4776 Fecermrt
669 4712 781 4776 tamen
813 4704 846 4775 id
879 4706 1126 4796 Protestantes,
1162 4715 1196 4777 et
1235 4727 1301 4799 quo
1343 4705 1483 4801 quisquc
1514 4708 1698 4801 imperitior

327 4821 552 4913 antiquitatum
577 4819 889 4893 Ecclesiasticarum
914 4821 992 4912 brit,
1020 4830 1111 4894 tanto
1139 4823 1289 4895 securius
1323 4824 1496 4895 innoxiam
1529 4821 1617 4894 illam
1644 4825 1697 4893 ri-

326 4943 415 5005 tuum
446 4938 642 5008 varietmem
678 4935 868 5010 calumniari
902 4947 1178 5031 aggressusest.
1229 4938 1382 5012 Diximus
1411 4937 1452 5012 de
1479 4937 1585 5014 Missa
1610 4938 1699 5035 llly-
