4760 6038
1224 460 1585 542 LITURGIA

1201 863 1622 1044 LITURGIA

974 1182 1331 1302 sinent
1406 1161 1833 1404 einrici.

811 1537 988 1610 SWdM
1012 1545 1157 1610 wew-
1213 1524 1377 1634 Creator
1409 1579 1520 1630 rerum
1552 1565 1697 1634 omnium
1723 1565 1903 1638 visibilium
1930 1577 1964 1640 et
1989 1574 2084 1644 invi-

708 1668 869 1761 sibilium,
903 1675 958 1766 qni
982 1675 1093 1744 omnia
1119 1695 1181 1768 per
1212 1673 1457 1768 providentiam
1492 1679 1606 1768 regis,
1641 1687 1696 1749 tua
1729 1683 1815 1751 enim
1850 1694 1927 1755 sunt
1960 1691 2083 1780 omnia,

708 1786 870 1878 Domine,
904 1797 1032 1861 amator
1065 1791 1261 1861 animarum:
1298 1789 1464 1884 deprecor
1497 1800 1551 1880 te,
1583 1793 1727 1865 Domine
1762 1799 1989 1893 omnipotens,
2015 1825 2083 1895 ego

706 1899 871 1992 imbellis,
897 1906 1021 1975 virtute
1048 1927 1187 1994 carens,
1214 1915 1248 1976 et
1274 1905 1395 1975 inutilis
1422 1927 1506 2000 prae
1533 1907 1687 1980 omnibus
1712 1913 1870 1984 ministris
1895 1918 1979 2004 tuis,
2007 1917 2084 1990 dum

707 2015 835 2089 accedo
854 2018 898 2090 ad
919 2031 1033 2092 sancta
1051 2031 1241 2093 sanctorum
1256 2031 1331 2108 tua,
1354 2019 1397 2090 ad
1412 2022 1618 2093 tractandum
1630 2021 1694 2095 boc
1709 2030 1904 2121 mysterium
1922 2041 2082 2104 sanctum.

705 2134 759 2204 Da
785 2135 881 2224 mibi,
907 2138 1068 2226 Domine,
1095 2139 1245 2232 spiritum
1272 2147 1361 2207 nuum
1388 2147 1556 2226 sanctum,
1583 2141 1697 2230 ignem
1722 2145 1883 2215 materiae
1896 2155 2082 2240 expertem,

705 2253 761 2344 qui
787 2253 990 2343 cogitatione
1016 2252 1253 2347 comprehendi
1278 2273 1347 2324 non
1372 2261 1509 2347 potest3
1545 2256 1601 2347 qui
1636 2253 1773 2328 duritias
1801 2279 1919 2332 omnes
1952 2281 2082 2332 consu-

702 2367 778 2455 mit,
811 2369 867 2462 qui
901 2367 1048 2440 incendit
1079 2370 1289 2440 inventiones
1321 2367 1446 2458 malas,
1480 2378 1515 2440 et
1547 2369 1668 2441 occidit
1697 2369 1847 2444 membra
1879 2383 2014 2447 terrena
2045 2388 2081 2449 et

702 2503 887 2577 corporea,
913 2481 1148 2578 refraenatque
1172 2493 1282 2556 motus
1310 2487 1427 2574 animi,
1464 2486 1520 2578 qui
1554 2485 1727 2580 impellunt
1758 2486 1799 2557 ad
1825 2491 2080 2581 imaginationes

700 2595 819 2691 plenas
844 2602 1004 2693 passione
1032 2608 1066 2671 et
1093 2599 1227 2671 dolore:
1258 2597 1303 2670 Et
1328 2604 1412 2671 sicut
1439 2599 1537 2671 decet
1563 2601 1777 2674 sacerdotes:
1811 2603 1906 2676 allice
1931 2629 1987 2677 me
2013 2629 2079 2679 su-

697 2716 867 2807 periorem
893 2719 982 2788 omni
1009 2717 1215 2808 cogitatione
1240 2713 1391 2805 mortali,
1418 2723 1452 2785 et
1478 2715 1521 2788 da
1547 2714 1625 2787 mibi
1651 2717 1764 2790 verba
1790 2741 1896 2814 pura,
1930 2731 1966 2792 ut
1990 2743 2077 2816 pcr-

698 2827 807 2901 ficiam
832 2830 917 2902 banc
944 2830 1146 2905 oblationem
1171 2835 1396 2926 propositam,
1423 2853 1511 2926 quae
1537 2842 1590 2904 est
1614 2835 1810 2928 mysterium
1832 2838 1977 2907 omnium
1992 2858 2077 2933 my-

697 2947 892 3040 steriorum,
919 2949 953 3020 in
979 2951 1142 3021 societate
1168 2957 1203 3019 et
1229 2950 1462 3020 communione
1488 2946 1611 3020 Christi
1637 2951 1703 3037 tui,
1731 2952 1783 3020 cni
1807 2960 1916 3022 tecum
1935 2950 2076 3046 debetur

695 3059 821 3154 gloria,
848 3071 882 3135 et
907 3062 1045 3161 Spiritui
1070 3072 1187 3138 sancto
1213 3063 1416 3153 vivificanti,
1443 3063 1566 3158 tibique
1592 3062 1866 3136 consubstantiali
1891 3087 1980 3138 nnnc
2008 3077 2072 3139 etc.

1153 3319 1275 3390 Oratio
1298 3321 1401 3413 pacis
1426 3317 1464 3390 S.
1493 3319 1621 3412 Cyrilli.

794 3522 980 3599 Sacerdos.
1032 3529 1143 3601 Autor
1168 3529 1260 3599 vitae
1288 3536 1322 3599 et
1346 3549 1413 3597 rex
1446 3525 1679 3615 saeculorum,
1713 3527 1807 3598 Deus
1842 3529 1896 3598 cui
1929 3523 2071 3600 flectitur

691 3662 791 3712 omne
817 3663 907 3733 genu
934 3666 1051 3716 eorum
1078 3667 1165 3739 quae
1192 3647 1226 3715 in
1252 3643 1358 3715 coelis
1385 3651 1478 3733 sunt,
1515 3663 1616 3738 snper
1643 3651 1786 3730 terram,
1819 3649 1854 3712 et
1887 3663 1972 3736 quae
2007 3640 2068 3714 sub

690 3765 796 3828 terra:
831 3761 884 3829 cui
911 3764 1021 3831 omnia
1048 3759 1266 3854 subjiciuntur
1293 3756 1455 3852 obsequio
1484 3759 1673 3846 servitutis,
1707 3767 1741 3828 et
1775 3755 1973 3830 inclinantur
2005 3755 2066 3832 sub

690 3881 824 3965 sceptro
851 3873 963 3967 Regni
990 3877 1085 3968 ejus,
1120 3898 1219 3971 quem
1245 3874 1381 3946 laudant
1406 3876 1577 3946 exercitus
1613 3872 1775 3965 angelici,
1810 3873 1944 3945 ordines
1978 3894 2067 3945 coc-

688 3984 811 4077 lestes,
838 3999 872 4060 et
896 4001 1037 4063 naturae
1062 3991 1329 4079 intellectuales,
1355 3987 1549 4062 incessabib
1575 4010 1666 4062 voce
1696 3987 1871 4082 loquentes
1905 3988 2066 4060 divinita-

688 4111 754 4173 tem
782 4105 872 4194 ejus:
900 4109 955 4199 qui
981 4109 1026 4177 ita
1053 4107 1211 4197 voluisti,
1237 4116 1273 4178 ut
1297 4128 1362 4180 nos
1388 4104 1540 4179 imbelles
1567 4115 1601 4177 et
1628 4107 1770 4192 terreni,
1802 4105 2064 4178 ministraremus

687 4218 764 4308 tibi,
793 4240 859 4291 non
886 4231 1026 4318 propter
1051 4225 1227 4317 puritatem
1253 4243 1408 4293 manuum
1440 4231 1649 4310 nostrarum,
1686 4227 1743 4292 aut
1777 4217 1908 4313 abquod
1940 4219 2065 4293 bonum

688 4355 772 4430 opus
798 4343 947 4408 nostrum
975 4349 1246 4433 superterram,
1273 4338 1334 4412 sed
1361 4339 1437 4432 quia
1463 4337 1587 4432 placuit
1613 4335 1671 4407 tibi
1699 4337 1945 4407 communicare
1965 4333 2063 4405 nobis

686 4452 798 4522 servis
824 4452 888 4522 tuis
914 4452 1033 4525 infimis
1060 4463 1094 4525 et
1119 4454 1281 4546 indignis,
1309 4452 1464 4549 quiddam
1490 4475 1536 4523 ex
1562 4455 1706 4547 puritate
1732 4460 1795 4522 tua.
1828 4449 1972 4544 Suscipe
1997 4467 2061 4516 nos

686 4563 729 4636 ad
755 4575 807 4655 te,
835 4587 856 4639 o
882 4565 991 4660 bone,
1019 4577 1053 4641 et
1079 4579 1208 4642 amator
1233 4569 1421 4658 bominum,
1450 4579 1487 4639 ut
1519 4567 1719 4640 accedamus
1753 4565 1796 4637 ad
1830 4565 1935 4636 altare
1971 4572 2062 4633 tuum

684 4693 856 4771 sanctum,
883 4683 1065 4756 secundum
1091 4707 1248 4778 maguam
1274 4683 1537 4756 misericordiam
1563 4692 1667 4754 tuam:
1702 4691 1735 4752 et
1767 4679 1823 4752 fac
1848 4701 1911 4753 nos
1938 4678 2060 4768 dignos

682 4816 768 4888 pace
795 4795 934 4870 coelesti
961 4822 1047 4893 quae
1074 4800 1172 4874 decet
1198 4800 1403 4873 divinitatem
1425 4811 1528 4871 mam:
1557 4820 1708 4893 quaeque
1735 4795 1843 4868 salute
1868 4794 1968 4891 plena
1995 4800 2059 4880 est,

683 4918 720 4982 ut
746 4909 861 4985 demus
889 4933 964 4985 eam
989 4915 1134 4990 invicem
1159 4921 1194 4989 in
1220 4919 1359 4990 caritate
1385 4913 1556 5011 perlecta,
1582 4925 1617 4986 et
1644 4911 1832 4987 osculemur
1851 4932 1916 4983 nos
1933 4915 2061 4995 mutuo,
