4670 6046
679 408 755 482 292
1291 418 1521 498 NOTAE

678 611 776 674 pauca
798 595 1001 680 Liturgiarum
1025 599 1195 663 testimonia
1217 599 1374 681 vellicant,
1397 610 1430 666 ut
1453 605 1637 669 obscuritate
1660 607 1786 689 alicujus
1809 607 1869 672 loci
1883 609 2056 692 abutantur,

679 695 840 775 perspicua
863 703 894 756 et
916 714 994 777 quae
1017 696 1135 761 illorum
1156 700 1304 763 novitates
1326 698 1458 766 funditus
1480 711 1634 786 evertunt,
1658 725 1697 769 ne
1719 706 1851 770 iudicant
1873 708 2004 790 quidem.

765 793 908 875 Sequitur
934 795 964 856 in
988 795 1093 858 eadem
1123 800 1277 876 oratione,
1308 807 1338 862 et
1364 804 1509 884 mysteria
1538 803 1595 866 tibi
1616 805 1676 867 soli
1697 807 1827 886 ooyaita.
1872 807 1905 869 ln
1935 806 2055 874 Graeco

677 896 763 952 textu
786 891 838 970 qui
860 892 1017 957 manifeste
1039 895 1177 958 vitiosam
1200 899 1378 979 scripturam
1401 899 1493 964 habet
1510 889 1678 987 μυστήρια
1689 889 1734 966 ὦν
1747 902 1945 989 προνοοῦσιν
1967 896 2056 972 ariaci

677 1003 730 1050 σοι
753 975 859 1074 κύριοι
884 992 966 1054 nullo
988 1011 1099 1070 seusu3
1122 994 1202 1058 bunc
1225 998 1379 1078 expressit
1400 999 1500 1062 Arabs
1523 1001 1692 1084 interpres,
1717 1021 1776 1082 per
1797 1007 1944 1086 mysterio
1973 1009 2056 1070 inci-

675 1079 795 1164 sihilie,
818 1091 968 1152 intellecta
990 1092 1046 1155 tibi
1066 1094 1203 1156 Domine.
1252 1094 1376 1178 Coptica
1400 1096 1501 1160 lectio.
1525 1099 1567 1161 Et
1587 1103 1733 1182 mysterio
1754 1120 1833 1182 paee
1855 1103 1911 1164 tibi
1930 1109 2053 1186 coynite

675 1194 754 1262 sant,
778 1185 914 1265 Domine,
943 1207 1146 1277 μμοσνηοιον
1168 1214 1241 1258 arou
1263 1214 1369 1282 ερνοιη
1389 1216 1506 1275 μμωου
1529 1218 1612 1281 prex
1631 1219 1737 1274 πενος.
1767 1201 1880 1266 Versio
1905 1201 2054 1268 Arabica:

674 1286 817 1366 mysterio
835 1288 928 1368 pleian
949 1291 1031 1372 qaod
1051 1291 1108 1354 tibi
1142 1295 1292 1374 coprribrm
1319 1301 1378 1374 est,
1408 1296 1554 1358 Domine:
1585 1299 1664 1361 male
1694 1299 1857 1362 Maronita:
1880 1307 2055 1384 mysterium

675 1384 841 1463 spirituale.
881 1387 1035 1452 Sententia
1058 1409 1098 1453 ex
1111 1391 1364 1473 praecedentibus
1383 1393 1460 1457 haec
1483 1404 1539 1460 est.
1576 1395 1687 1460 Fecisti
1710 1397 1886 1461 Oblationes
1910 1401 2053 1466 invisibi-

673 1481 719 1544 les
743 1501 783 1544 ex
805 1485 988 1565 visibilibus,
1024 1497 1055 1552 et
1077 1492 1267 1571 mysterium,
1297 1491 1363 1556 sive
1384 1511 1442 1575 per
1464 1496 1640 1575 mysterium
1667 1495 1750 1577 'quod
1780 1497 1883 1576 solus,
1913 1499 2053 1581 Domine,

674 1581 835 1664 intelligis,
870 1604 937 1648 cum
966 1587 1113 1652 humanae
1142 1591 1251 1653 mentis
1279 1591 1360 1654 vires
1389 1601 1526 1674 superet.
1570 1593 1645 1656 Nam
1667 1596 1814 1678 προνοεῖν
1836 1596 1917 1676 quod
1946 1607 1993 1679 est
2022 1601 2054 1662 iu

674 1679 792 1744 Graeco
817 1693 918 1763 textu,
943 1685 1104 1769 Copticus,
1128 1696 1160 1751 ut
1182 1690 1322 1771 superius
1346 1691 1477 1773 explicat
1498 1710 1556 1772 per
1578 1712 1679 1778 ερνοιν
1700 1694 1759 1757 boc
1782 1703 1830 1757 est
1852 1695 1945 1777 νοεῖν,
1968 1698 2050 1762 hra-

673 1781 728 1843 bcs
751 1800 809 1864 per
831 1803 868 1848 ea
892 1785 986 1849 verba
1009 1806 1086 1869 quae
1110 1789 1289 1869 intellipere,
1313 1797 1344 1851 et
1364 1792 1466 1852 animo
1489 1794 1649 1871 concipere
1671 1793 1851 1875 significant.

834 2045 1011 2118 Sacerdos
1037 2047 1122 2118 dicit
1150 2048 1412 2142 Confessionem.
1467 2050 1600 2144 Corpus
1624 2059 1787 2139 ranetam,
1816 2059 1879 2122 ete.

762 2255 817 2334 Ds
840 2267 890 2330 illa
907 2267 1022 2344 eximia
1045 2285 1103 2330 nec
1126 2267 1214 2331 ullius
1238 2268 1275 2330 ad
1298 2269 1530 2332 Protestantium
1557 2276 1686 2332 mentem
1713 2272 1971 2352 interpretationis
1994 2292 2053 2336 ca-

673 2389 752 2452 pace
775 2367 995 2444 Coniessione,
1019 2366 1128 2429 dictum
1152 2367 1259 2430 estad
1282 2367 1446 2451 liturgiam
1470 2367 1501 2433 S.
1524 2369 1639 2432 basilii:
1670 2387 1766 2451 pauca
1794 2377 1908 2432 tantum
1939 2371 2053 2436 obser-

672 2470 824 2544 vabimus,
847 2485 925 2548 quae
949 2465 984 2527 ad
1008 2466 1094 2528 istam
1116 2468 1240 2547 proprie
1269 2474 1417 2548 spactant.
1461 2469 1553 2531 Extat
1582 2470 1613 2530 iu
1636 2487 1672 2532 ea
1702 2469 1767 2550 ipsa
1795 2469 1930 2553 Librrgia
1961 2491 2052 2554 quam

673 2571 775 2632 citavit
804 2566 985 2643 Salmasius,
1018 2572 1052 2626 ut
1083 2574 1259 2647 argumenta
1294 2566 1581 2645 subministrantem,
1616 2567 1724 2650 quibus
1755 2576 1784 2630 et
1818 2567 1983 2633 Catholicis
2015 2590 2050 2635 os

672 2665 900 2741 occluderetur,
924 2672 956 2726 et
978 2662 1169 2742 Calvinistica
1194 2682 1285 2726 causa
1308 2665 1515 2747 triumpharet.
1562 2664 1625 2729 Cur
1647 2668 1738 2748 igitur
1763 2667 1801 2728 de
1827 2669 1885 2729 ista
1914 2669 2052 2734 Coales-

673 2768 761 2828 sioue
788 2767 830 2827 ita
859 2765 977 2828 locutus
1007 2765 1106 2826 estin
1130 2780 1185 2825 sua
1208 2763 1245 2825 ad
1268 2764 1424 2828 Dallaeum
1452 2765 1605 2846 Epistola,
1638 2773 1671 2828 ut
1701 2766 1849 2850 integram
1879 2770 2052 2834 orationem

673 2883 733 2928 non
756 2865 909 2943 retulerit,
934 2863 1015 2945 quod
1038 2871 1104 2928 erat
1125 2871 1224 2924 tamen
1246 2865 1467 2944 necessarium,
1490 2873 1521 2927 et
1542 2873 1644 2928 uotam
1666 2864 1855 2928 falsissimam
1878 2866 2051 2948 adjecerit?

673 2964 775 3027 Verba
798 2965 863 3047 ejus
886 2969 963 3026 sunt.
995 2963 1066 3025 Post
1089 2961 1321 3026 celebrationem
1346 2962 1481 3041 Coeuae,
1504 2970 1535 3026 et
1557 2964 1814 3046 participationem
1838 2965 1904 3042 ejus
1927 2966 2050 3049 iactam,

674 3062 752 3126 idem
781 3061 932 3126 Sacerdos
960 3069 1078 3139 mouet,
1109 3061 1139 3124 id
1166 3061 1246 3143 quod
1277 3081 1294 3125 a
1322 3063 1608 3126 communicantibus
1639 3072 1813 3143 susceptum
1844 3073 1910 3144 est,
1940 3085 2050 3131 verum

673 3181 745 3226 esse
768 3180 879 3244 corpus
903 3170 934 3224 et
957 3161 1136 3244 sanguinem
1159 3161 1286 3240 Christi,
1310 3161 1340 3224 id
1363 3169 1410 3226 est
1431 3161 1560 3225 fructum
1582 3163 1651 3225 vitis
1672 3180 1787 3242 verae,
1811 3164 1862 3245 qui
1885 3171 1933 3226 est
1954 3163 2051 3229 Cbri·

674 3270 762 3342 stus,
793 3262 833 3323 ita
864 3261 1060 3344 significans,
1090 3261 1192 3322 vinum
1220 3260 1340 3340 calicis,
1374 3279 1436 3324 nou
1471 3260 1558 3323 aliter
1585 3263 1690 3323 vocari
1721 3263 1900 3345 sanguinem
1928 3263 2051 3329 Domini

674 3379 801 3438 verum,
831 3380 919 3443 quam
942 3367 975 3422 ut
997 3362 1063 3441 ipse
1086 3377 1190 3422 veram
1213 3378 1248 3423 se
1270 3361 1361 3422 vitem
1384 3360 1557 3441 appellavit.
1601 3359 1749 3422 Excusari
1776 3378 1850 3423 sane
1881 3359 2049 3427 Calvinista

672 3468 792 3542 potest,
816 3459 999 3523 Calvinistae
1021 3459 1148 3540 loquens
1171 3459 1210 3521 de
1233 3477 1290 3522 usu
1312 3457 1439 3521 ridiculo
1462 3459 1548 3521 vocis
1571 3456 1711 3536 Coeuae,
1736 3459 1771 3521 ad
1795 3459 1973 3542 Litargiam,
1996 3470 2049 3525 to-

673 3568 793 3641 tamque
815 3576 930 3622 sacram
955 3558 1162 3622 Eucharistiae
1193 3556 1396 3620 celebrandae
1428 3559 1575 3621 actionem
1604 3557 1841 3641 significandam.
1886 3560 1948 3624 Sed
1979 3581 2049 3628 cum

673 3658 794 3740 publice
816 3657 970 3736 scribunt,
998 3659 1041 3720 uti
1064 3656 1176 3720 debent
1205 3657 1262 3719 illis
1290 3656 1434 3731 vocibus,
1463 3675 1537 3738 quas
1565 3658 1707 3719 universa
1729 3656 1870 3720 Ecclesia
1897 3657 1966 3722 usu'
1986 3680 2049 3725 nou

672 3761 842 3839 interrupto
865 3757 1025 3820 multorum
1048 3756 1239 3820 sacculorum
1262 3757 1468 3830 consecravit3
1497 3773 1564 3817 cum
1587 3755 1669 3817 nulla
1693 3773 1771 3836 geas
1796 3755 1964 3820 Christiana
1989 3777 2049 3822 cu-

668 3859 848 3940 juscumque
876 3858 952 3919 ritus
984 3863 1016 3918 et
1044 3855 1184 3937 liuguae,
1214 3855 1254 3917 ita
1283 3853 1384 3917 locuta
1417 3873 1547 3934 uuquam
1576 3854 1671 3918 luisse
1699 3855 1882 3936 reperiatur.
1927 3857 2048 3922 Cedant

672 3956 781 4019 eruditi
804 3955 863 4034 illi,
887 3956 938 4036 qui
960 3963 1069 4018 tautam
1093 3952 1288 4016 Orientalium
1309 3952 1477 4036 linguarum
1500 3955 1637 4035 peritiam
1661 3953 1773 4034 ubique
1797 3963 1958 4035 ostentant,
1988 3976 2047 4020 au-

671 4064 768 4118 torem
791 4053 892 4134 ullum,
917 4056 968 4136 qui
991 4053 1125 4116 Caesiam
1146 4055 1303 4116 vocaverit
1326 4053 1559 4116 celebrationem
1581 4053 1800 4132 Eucharistiae,
1824 4053 1957 4135 Graece,
1981 4056 2047 4120 La-

670 4156 750 4233 tine,
774 4153 917 4236 Syriaco,
940 4153 1147 4236 Aegyptiace,
1170 4151 1369 4234 Aethiopiae,
1392 4153 1529 4227 Persice,
1554 4160 1605 4215 aut
1626 4151 1814 4216 Mmenice?

758 4237 818 4318 sed
840 4252 913 4315 illud
936 4253 1060 4314 minoris
1083 4253 1223 4314 momenti
1246 4259 1308 4314 est:
1339 4270 1375 4314 ea
1399 4269 1478 4332 quae
1500 4251 1672 4334 subjungit,
1695 4253 1835 4332 mentita,
1857 4251 1950 4331 falsa,
1973 4255 2046 4336 ple-

670 4371 769 4433 naque
798 4354 930 4430 erroris,
962 4352 1152 4436 ignorantiae
1185 4359 1216 4414 et
1249 4352 1442 4430 temeritatis,
1477 4353 1618 4414 excusari
1648 4351 1729 4414 nulla
1757 4354 1874 4415 ratione
1903 4365 2045 4435 possunt,

672 4454 729 4515 nisi
753 4471 792 4514 ex
815 4451 928 4515 autoris
952 4450 1116 4531 imperitia,
1140 4468 1218 4531 quae
1241 4451 1396 4513 excusatio
1419 4451 1519 4514 locum
1540 4468 1601 4514 nou
1625 4451 1722 4513 hahet.
1769 4452 1843 4525 Quis
1877 4455 1956 4515 enim
1985 4473 2045 4518 co-

672 4551 765 4633 gebat
787 4551 954 4630 hominem,
978 4551 1028 4631 qui
1051 4550 1079 4612 in
1103 4549 1240 4612 Ecclesia
1263 4549 1418 4613 Catholica
1447 4558 1534 4613 natus
1562 4559 1592 4613 ct
1621 4550 1787 4632 baptisatus
1817 4551 1925 4614 avitam
1953 4553 2044 4616 fidem

669 4650 845 4734 juveniliter
867 4649 1063 4728 deseruerat,
1086 4649 1125 4711 de
1147 4649 1239 4711 rebus
1263 4648 1456 4731 Theologicis
1478 4650 1638 4713 scribere?

759 4749 863 4813 Oratio
899 4769 977 4830 quae
1013 4748 1241 4812 confessionem
1277 4751 1431 4828 continet,
1464 4767 1525 4810 nou
1559 4749 1667 4811 dicitur
1700 4757 1771 4830 post
1805 4750 2042 4813 celebrationem

672 4847 848 4933 liturgiae,
873 4867 970 4931 neque
992 4857 1062 4930 post
1086 4849 1339 4927 communionem,
1361 4847 1416 4911 sed
1439 4857 1597 4930 antequam
1620 4867 1656 4911 ea
1679 4847 1889 4911 distribuatur:
1920 4855 1952 4910 ut
1975 4848 2044 4929 ipsa
