4670 6046
687 579 728 654 nv
745 577 952 655 burmann
969 575 1163 655 coruram
1180 577 1211 656 s.
1230 577 1413 656 amoeno.
1659 563 1735 650 aaa

364 762 432 826 diae
465 763 572 826 aetatis
603 761 849 841 lamitiarissirna,
887 778 980 842 saepe
1010 761 1108 824 fraudi
1138 759 1378 844 descriptoribus
1408 762 1520 838 luisse,
1557 762 1656 824 sciunt
1686 759 1737 841 qui

363 863 584 943 manuscriptos
601 860 725 925 codices
746 868 963 924 tractaverunt.
982 859 1037 922 lile
1053 878 1128 923 vero
1149 863 1199 941 qui
1213 860 1341 943 Regium
1361 860 1532 942 descripsit,
1552 877 1625 922 suae
1642 860 1736 941 ipsius

364 961 532 1043 imperitiae
554 960 644 1022 multa
667 959 788 1041 reliquit
810 959 938 1036 indicia,
961 959 1015 1022 sed
1038 976 1126 1040 quam
1150 959 1300 1022 dubitaret
1323 959 1361 1022 de
1384 958 1604 1044 significatione
1626 977 1736 1021 vocum

365 1059 581 1140 compendiose
603 1059 781 1139 scriptarum
805 1064 930 1121 testatus
953 1055 1022 1136 est‚'
1046 1057 1115 1120 dum
1145 1057 1271 1121 indicem
1303 1077 1424 1138 earum,
1454 1077 1531 1141 quae
1560 1059 1591 1120 in
1620 1055 1736 1120 duabus

364 1159 429 1222 istis
451 1157 595 1241 liturgiis
618 1159 727 1220 obviae
749 1167 837 1236 mint,
860 1157 897 1220 ad
920 1157 1009 1219 linem
1032 1157 1151 1238 adjecit.

452 1257 567 1320 Textus
589 1273 664 1320 vero
688 1255 849 1337 Copticus,
879 1257 929 1337 qui
951 1257 1120 1336 primariam
1143 1256 1251 1318 Graeci
1279 1257 1452 1319 versionem
1481 1255 1621 1332 exhibet,
1649 1252 1737 1315 aliter

365 1359 486 1420 omnino
509 1356 612 1418 eadem
636 1355 728 1418 verba
751 1362 972 1438 repraesentat,
995 1371 1033 1418 eo
1057 1354 1173 1418 scilicet
1195 1373 1255 1436 quo
1280 1356 1485 1436 expressimus
1508 1355 1610 1417 modo:
1633 1349 1736 1432 offero

364 1455 420 1518 tibi
440 1454 583 1537 Symbola
609 1454 800 1538 liberationis
819 1473 918 1530 meae,
945 1455 997 1517 ubi
1013 1471 1075 1515 vox
1090 1451 1207 1516 Graeca
1229 1441 1447 1536 νισύμβολονε
1475 1471 1607 1534 sequens
1624 1450 1735 1530 Aegy-

363 1555 463 1635 ptiaca
497 1546 705 1638 ἐλευθερίαν,
737 1546 970 1638 ἐλευθέρωσιν,
998 1552 1279 1634 absolutionemque
1312 1552 1477 1634 signifieat,
1513 1557 1737 1632 usurpaturque

363 1652 448 1713 initio
470 1651 673 1735 liturgiarum
692 1651 729 1714 ad
748 1651 864 1714 titulum
879 1652 1030 1716 Orationis
1049 1651 1140 1729 iilius,
1163 1669 1241 1733 quae
1260 1651 1368 1715 dicitur
1387 1650 1605 1713 Absolutionis.
1628 1647 1737 1710 Scribo

364 1769 459 1830 opera
480 1769 548 1813 mea
570 1753 733 1813 comoedum
754 1751 847 1814 cerba
870 1759 940 1813 toa:
968 1753 1009 1815 ita
1038 1751 1076 1814 ad
1099 1751 1225 1813 verbum
1253 1751 1356 1813 versio
1378 1749 1508 1812 Arabica
1539 1766 1616 1830 quae
1638 1745 1737 1808 ambi-

364 1851 509 1932 guitatem
532 1850 639 1929 habet,
672 1853 740 1932 quun
761 1849 881 1913 Arabes
904 1868 1051 1931 praesens
1081 1858 1112 1912 et
1139 1849 1270 1911 laturum
1299 1867 1360 1911 non
1388 1849 1574 1929 distinguunt
1603 1848 1632 1908 in
1662 1864 1737 1907 ver-

363 1949 472 2013 borum
499 1949 678 2012 inflexione:
719 1950 777 2012 imo
807 1950 1003 2030 imperativus
1031 1950 1137 2012 modus
1173 1949 1343 2011 nullatenus
1374 1947 1482 2010 differt.
1525 1947 1629 2027 ltaque
1657 1945 1737 2008 verti

363 2055 480 2130 potest,
504 2048 629 2124 Scribo,
658 2055 691 2109 ut
723 2048 899 2110 vertendum
928 2057 974 2110 est
1004 2047 1169 2112 secundum
1200 2049 1347 2110 Graecum
1376 2046 1531 2126 exemplar
1554 2046 1736 2126 primarium,

364 2147 520 2224 Scribam,
541 2153 592 2208 aut
609 2147 689 2208 sicut
707 2141 855 2210 Maronita
875 2147 982 2225 vertit,
1005 2148 1112 2211 Scribe
1131 2165 1224 2227 opera
1243 2165 1312 2208 mco
1329 2147 1492 2208 acciendum
1506 2145 1631 2208 vebum
1645 2154 1736 2208 taam.

365 2244 435 2306 Vox
465 2244 636 2328 Symbolum
663 2246 756 2308 variis
778 2243 917 2308 Arabicis
939 2247 1064 2309 vocibus
1088 2247 1282 2328 exprimitur,
1313 2264 1390 2326 quae
1420 2253 1518 2308 tamen
1541 2244 1579 2307 ad
1602 2244 1736 2307 eamdem

365 2343 616 2426 significationem
645 2343 836 2424 referuntur,
867 2362 975 2424 nempe
1002 2358 1114 2414 ntroin·
1147 2355 1249 2428 typus,
1285 2355 1397 2413 nunno
1427 2347 1560 2426 mquam,
1592 2353 1735 2414 bennun

365 2444 548 2522 exemplam,
571 2451 626 2505 alc.
639 2423 686 2506 'Ut
709 2442 935 2506 observavimus
959 2463 999 2506 ex
1022 2445 1248 2524 comparatione
1271 2445 1461 2508 diversorum
1483 2443 1634 2521 codicum,
1658 2460 1737 2523 quae

364 2541 495 2603 varietas
518 2541 749 2622 perplexitatem
771 2543 969 2624 interpretum
991 2543 1064 2606 satis
1087 2543 1205 2606 indicat.
1229 2545 1382 2609 Sententia
1401 2561 1489 2624 quam
1501 2541 1619 2605 Graeca
1642 2542 1737 2604 verba

364 2640 557 2720 praeierunt,
580 2640 743 2723 simplicior
766 2650 827 2704 est:
851 2642 977 2704 aliorum
999 2643 1214 2722 interpretum,
1239 2643 1463 2724 qualiscumque
1487 2643 1541 2720 sit,
1564 2659 1624 2704 non
1646 2641 1736 2703 vide-

364 2747 413 2800 tur
435 2738 505 2801 huie
527 2738 594 2801 loco
617 2742 791 2804 convenire.
835 2741 943 2822 Neque
965 2741 1067 2804 mirari
1090 2743 1245 2824 quisquam
1269 2742 1359 2804 debet
1381 2741 1462 2823 quod
1484 2741 1515 2802 in
1539 2740 1663 2803 Graecis
1685 2739 1737 2801 in-

363 2838 565 2918 terpretandis
589 2838 747 2920 aliquando
770 2839 941 2902 hallucinati
964 2841 1023 2903 sint
1045 2843 1218 2904 versionum
1248 2849 1386 2919 autores,
1416 2840 1615 2903 Arabicarum
1643 2857 1737 2920 prae-

363 2939 484 3015 sertim,
508 2939 558 3017 qui
581 2937 713 3001 Graecas
736 2957 831 3002 voees
854 2937 998 3020 Copticae
1021 2941 1149 3003 orationi
1171 2940 1306 3020 inlusae,
1330 2959 1424 3022 saepe
1451 2957 1512 3002 non
1542 2940 1615 3001 satis
1643 2937 1737 3001 intel-

364 3035 520 3098 lexernnt:
552 3035 654 3118 quod,
683 3037 734 3100 ubi
766 3055 842 3120 opus
872 3039 946 3118 erit,
977 3039 1173 3104 monebimus.
1224 3041 1268 3102 lta
1296 3042 1327 3102 in
1357 3057 1393 3102 aa
1421 3056 1515 3119 prece
1546 3055 1623 3118 quae
1648 3039 1736 3100 istam

363 3135 501 3214 proxime
524 3134 683 3215 antecedit,
706 3135 844 3199 Elecasti
860 3139 1016 3216 primitias
1036 3155 1123 3200 meaa
1144 3157 1237 3219 araque
1260 3140 1303 3200 ad
1325 3139 1449 3214 coclea,
1471 3144 1503 3198 ut
1525 3136 1615 3199 babet
1635 3143 1736 3198 textus

365 3231 527 3315 Copticus,
555 3234 671 3298 Graece
693 3228 741 3309 εἰς
764 3223 900 3319 adpavo'v
920 3255 986 3313 μου
1007 3225 1064 3321 τὴν
1094 3225 1245 3324 α’παρχῆν
1267 3225 1486 3318 οἷνεβίβασας,
1510 3235 1661 3298 sententia
1689 3242 1736 3296 est

363 3333 502 3414 simplex,
525 3335 713 3416 maximeque
729 3334 928 3417 Theologioa:
953 3333 1103 3398 Christum
1126 3355 1248 3399 carnem
1270 3352 1365 3412 suam,
1388 3334 1439 3398 vel
1460 3334 1561 3417 potius
1584 3334 1732 3396 hominem

365 3452 405 3496 ex
425 3431 534 3495 Adami
555 3433 706 3516 progenie
729 3440 906 3513 assumtum,
931 3441 1071 3516 tanquam
1093 3434 1213 3497 humani
1234 3436 1356 3516 generis
1379 3435 1539 3516 primitias,
1562 3435 1592 3496 in
1616 3432 1735 3496 coelum

364 3533 513 3612 elevasse,
537 3541 676 3614 lumper
699 3533 838 3596 unionem
862 3534 981 3597 divinae
1005 3541 1141 3612 naturae,
1165 3542 1225 3595 turn
1248 3551 1305 3614 per
1327 3533 1537 3595 escensionem
1559 3533 1590 3594 in
1604 3531 1733 3595 eoelum.

365 3631 487 3696 Scilicet
505 3634 661 3711 primitiae
683 3630 1006 3712 Caramantesium
1028 3635 1256 3696 domnimatiam:
1280 3641 1310 3695 et
1333 3631 1442 3696 eodem
1464 3650 1557 3696 sensu
1579 3635 1609 3694 iu
1631 3632 1735 3694 bitur-

363 3731 414 3813 gia
436 3730 570 3792 Nestorii
591 3731 780 3794 Eucharistia
801 3741 928 3795 vocatur
954 3731 1074 3795 Oblatio
1102 3735 1176 3796 oica
1204 3740 1234 3795 et
1258 3733 1443 3812 saevilimam
1471 3751 1532 3794 non
1560 3737 1735 3808 annotatam,

360 3831 567 3910 primitiaram
587 3839 772 3896 nostrarum.
797 3830 871 3894 Cum
893 3850 968 3896 vero
983 3829 1121 3912 Coptitae
1143 3831 1322 3893 retinuerint
1343 3847 1452 3893 vocem
1474 3833 1568 3913 ipsam
1589 3831 1735 3894 Graecam

363 3945 533 4013 ταπαρχη,
568 3929 708 4013 ambigue
731 3929 850 4011 quidem
873 3949 939 3993 earn
961 3930 1090 3993 reddidit
1117 3930 1232 4010 Arabs,
1268 3930 1319 4010 qui
1343 3928 1485 3993 CodIcem
1509 3929 1656 3993 Graecum
1686 3933 1737 3993 in-

364 4033 547 4107 terpretatus
578 4037 626 4092 est
655 4041 786 4097 *mentm
818 4031 869 4113 qui
899 4031 1057 4112 Copticum
1091 4031 1242 4110 pessime3
1280 4047 1388 4111 nempe
1423 4028 1604 4093 oblationem
1639 4050 1737 4092 meam

362 4135 490 4219 ’ΜΨ
534 4126 571 4188 Ut
600 4129 631 4189 in
661 4127 774 4192 Codice
805 4129 1017 4213 Scaligerano:
1053 4129 1103 4191 alii
1132 4136 1204 4191 oola
1232 4148 1316 4207 noea,
1345 4136 1378 4191 ut
1408 4126 1521 4212 Regius
1553 4136 1583 4190 et
1612 4136 1735 4192 noster:

362 4222 446 4287 nullo
469 4243 571 4289 sensu.
594 4226 659 4288 Neo
682 4227 762 4290 enim
786 4226 923 4292 Christus
947 4227 1077 4292 elevavit
1099 4227 1137 4290 ad
1160 4226 1265 4290 coelos
1290 4227 1435 4307 primitias
1458 4235 1488 4290 et
1507 4226 1686 4306 oblationes,
1710 4230 1736 4290 si

363 4322 400 4385 de
425 4323 512 4386 donis
534 4326 699 4406 propositis
722 4325 907 4409 intelligatur
929 4329 1004 4390 baec
1027 4327 1173 4389 orationis
1195 4326 1361 4406 particula,
1392 4344 1470 4408 quae
1500 4326 1631 4389 nondum
1659 4344 1737 4389 cou-

362 4429 481 4483 secrata
504 4431 583 4486 sunt.
611 4423 719 4506 Neque
741 4425 923 4489 oblationem
947 4425 1098 4489 Sacerdos
1121 4433 1206 4487 recte
1229 4444 1344 4488 vocare
1366 4433 1467 4506 potest
1487 4427 1642 4506 primitiae
1663 4445 1738 4488 anos

362 4526 393 4581 ct
413 4529 485 4582 cota
507 4540 575 4596 aaa,
598 4539 666 4585 cum
688 4541 786 4605 neque
808 4526 958 4605 primitiae
981 4525 1057 4602 sint,
1081 4525 1204 4605 proprie
1227 4524 1398 4604 loquendo,
1428 4543 1529 4606 neque
1551 4531 1622 4587 vota
1645 4525 1736 4604 itlius,

362 4617 418 4681 sed
442 4621 532 4683 totius
555 4620 713 4685 Ecclesiae
737 4631 768 4686 et
790 4624 1045 4686 circumstantium
1068 4639 1195 4706 quorum
1217 4625 1337 4688 nomine
1368 4624 1418 4687 illa
1449 4623 1555 4686 offert:
1586 4625 1738 4703 totiusque

363 4719 509 4782 orationis
532 4721 639 4805 series,
663 4728 697 4783 ut
720 4722 959 4787 animadvertere
979 4721 1068 4786 facile
1092 4723 1220 4804 quisque
1249 4717 1368 4806 potest,
1400 4722 1481 4786 aliud
1510 4724 1581 4805 quid
1615 4725 1736 4788 omnino

363 4817 521 4900 significat.

387 4939 503 4984 nomast.
1478 4925 1528 5000 52

1783 3642 1807 3694 l.
1827 3639 1885 3697 Cor.
1905 3642 1946 3694 15.
1964 3643 2008 3696 23.
