4680 6044
691 557 764 631 160
1014 626 1018 638 ,
1171 557 1591 644 COMMENTARIUS

690 743 869 821 tentionem,
893 743 1083 823 imponentur
1104 744 1146 807 illi
1168 763 1225 808 sex
1248 745 1560 830 quadragesimarum,
1585 751 1636 815 vel
1658 752 1769 816 biennii
1789 753 1918 835 jejunia:
1941 754 2055 836 duplex

688 842 897 923 eleemosyna:
909 849 1096 922 metanoeae,
1110 863 1165 907 seu
1176 845 1397 924 prostrationes
1411 850 1563 930 corpora,
1576 851 1739 930 ducentae,
1756 858 1787 913 et
1803 852 1847 914 sic
1859 851 1897 915 de
1913 853 2052 936 reliquis:

686 949 776 1022 atque
792 944 908 1004 interea
925 941 1084 1006 abstinebit
1099 943 1137 1006 ab
1150 943 1251 1006 altaris
1264 944 1438 1010 ministerio.
1467 946 1572 1030 ltaque
1593 950 1673 1032 apud
1692 951 1786 1034 Syros
1807 950 1961 1015 lacobitas
1981 955 2053 1018 nihil

684 1048 904 1127 praescriptum
926 1046 1038 1128 legitur
1060 1048 1097 1109 de
1121 1047 1270 1128 frequenti
1293 1047 1485 1113 confessione
1507 1057 1576 1112 ante
1592 1050 1803 1113 celebrandam
1816 1051 1867 1113 vel
1882 1055 2053 1134 suscipien-

685 1140 752 1202 dam
774 1145 1007 1224 Eucharistiam,
1030 1148 1088 1208 nisi
1114 1145 1194 1228 quod
1216 1147 1343 1230 singulis
1366 1149 1467 1226 annis,
1491 1148 1597 1211 saltem
1623 1150 1732 1229 semel,
1761 1149 1888 1231 quisque
1916 1152 2053 1216 confiteri

686 1239 786 1305 debet.
830 1244 921 1326 Apud
945 1245 1091 1326 Coptitas,
1116 1247 1153 1310 de
1177 1264 1302 1328 quorum
1325 1247 1481 1329 disciplina
1503 1254 1658 1327 tractatur,
1681 1249 1738 1311 alia
1753 1250 1872 1311 omnino
1894 1251 1973 1314 ratio
1995 1259 2051 1316 est.

685 1338 760 1403 Cum
783 1345 861 1406 enim
882 1364 940 1426 per
968 1363 1062 1410 annos
1091 1345 1186 1408 ferme
1216 1345 1361 1410 ducentos
1395 1345 1573 1409 duodecimo
1601 1356 1633 1410 et
1666 1349 1781 1411 decimo
1811 1350 1900 1412 tertio
1929 1353 2052 1415 saeculo

686 1439 846 1507 Confessio
868 1451 1062 1526 peccatorum
1084 1461 1144 1506 non
1166 1445 1254 1507 modo
1277 1448 1482 1523 omitteretur,
1512 1446 1568 1509 sed
1597 1449 1686 1510 etiam
1708 1466 1766 1528 per
1786 1445 1970 1512 nefariorum
1992 1450 2052 1512 Pa-

684 1543 883 1605 triarcharum
899 1542 1054 1607 audaciam
1075 1545 1191 1607 sublata
1215 1553 1307 1625 esset,
1331 1546 1450 1608 tandem
1471 1564 1556 1609 more
1578 1547 1700 1628 antiquo
1717 1549 1868 1628 restituto,
1892 1547 2051 1612 Confessio

683 1647 843 1722 tantopere
867 1643 1067 1707 commendari
1095 1645 1208 1724 coepit,
1238 1651 1272 1706 ut
1300 1644 1473 1727 quotidiana
1502 1663 1597 1726 prope
1620 1647 1722 1724 ficret,
1745 1663 1910 1728 omnesque
1931 1649 2052 1728 pietatis

683 1739 812 1804 studiosi
834 1761 900 1804 eam
923 1743 1043 1806 assidue
1065 1742 1306 1824 frequentarent,
1329 1762 1388 1806 nec
1410 1743 1564 1824 auderent,
1588 1745 1659 1807 lieet
1681 1745 1832 1808 lethalium
1855 1754 2052 1828 peccatorum

684 1838 840 1919 immunes,
865 1841 902 1904 ad
925 1843 1162 1905 communionem
1191 1843 1250 1904 nisi
1279 1845 1404 1925 praevia
1428 1842 1628 1906 Confessione
1660 1844 1817 1908 accedere.
1861 1844 1905 1907 lta
1929 1848 2052 1926 praeei-

683 1938 768 2019 piunt
797 1940 924 2003 lllicbael
952 1941 1159 2004 Antiochenus
1189 1943 1219 2002 in
1250 1942 1392 2004 Tractatu
1420 1941 1457 2004 de
1488 1945 1720 2024 praeparatione
1751 1942 1790 2006 ad
1818 1943 2051 2009 Eucharistiam:

683 2037 860 2102 Paraenesis
883 2042 1003 2122 antiqua
1025 2039 1063 2103 ad
1086 2043 1300 2121 poenitentiam
1324 2039 1530 2122 Cbrysostomi
1553 2043 1690 2105 nomine:
1720 2041 1921 2122 Ebnassalus,
1951 2044 2053 2108 Abul-

682 2135 788 2214 bboat,
812 2147 842 2201 et
863 2142 1041 2220 praesertim
1064 2139 1209 2204 Homiliae
1236 2144 1267 2204 in
1296 2141 1462 2224 Evangelia
1493 2148 1525 2203 et
1545 2141 1696 2222 Epistulas
1719 2141 1757 2204 de
1780 2142 1894 2205 circulo
1917 2145 1997 2224 anni,
2020 2145 2052 2208 in

681 2235 820 2300 Ecclesia
842 2238 967 2321 Coptica
990 2239 1051 2322 legi
1075 2240 1192 2306 solitae.
1237 2241 1282 2303 Ea
1305 2242 1397 2324 igitur
1418 2241 1606 2321 postmodum
1629 2240 1815 2304 consuetudo
1838 2242 1916 2322 apud
1942 2242 2052 2323 Capti-

682 2343 728 2397 tas
751 2355 873 2419 quoque
895 2346 1019 2420 recepta
1043 2347 1103 2416 est,
1134 2347 1166 2401 ut
1191 2341 1280 2402 etiarn
1310 2339 1348 2402 de
1369 2339 1535 2402 venialibus
1560 2349 1591 2402 et
1620 2341 1799 2422 quotidianis
1827 2340 1951 2404 olicnsis
1990 2343 2051 2407 Sa-

627 2423 628 2430 *
681 2436 822 2499 cerdotes
846 2437 1079 2501 confiterentur:
1102 2439 1202 2522 legem
1224 2446 1323 2501 tamen
1346 2438 1505 2502 confitendi
1528 2439 1638 2502 nullam
1660 2439 1796 2502 vidimus.

397 2547 550 2602 ornamenta
573 2551 605 2603 ad
621 2550 667 2603 Li·
767 2536 907 2600 Proxima
929 2536 1037 2600 deinde
1061 2555 1134 2599 cura
1157 2546 1203 2600 est
1225 2547 1258 2600 ut
1280 2547 1453 2602 ornamenta
1475 2538 1601 2618 accipiat
1624 2539 1720 2601 ordini
1742 2556 1797 2602 suo
1820 2540 2049 2606 convenientia:

357 2636 722 2706 rurgtamcaenranmmpa
743 2635 879 2698 Rituales
902 2636 988 2699 libri:
1016 2638 1146 2701 Scientia
1169 2637 1407 2701 Ecclesiastico:
1431 2637 1570 2701 Canones
1594 2640 1668 2701 varii
1692 2637 1805 2720 absque
1828 2645 1966 2701 autorum
1988 2657 2051 2703 no-

679 2736 779 2797 mina:
803 2735 941 2814 Epitome
965 2735 1120 2798 doctrinae
1143 2735 1376 2800 Ecclesiasticae
1399 2756 1439 2799 ex
1461 2739 1618 2800 sententiis
1645 2738 1774 2800 Petrum.
1820 2737 1942 2800 Gabriel
1972 2739 2051 2803 lilius

681 2833 790 2896 Tarich
813 2834 986 2897 Patriaroha
1006 2835 1234 2898 Alexandrinus
1256 2837 1286 2898 in
1311 2836 1578 2900 constitutionibus
1600 2844 1630 2911 §.
1654 2836 1706 2900 2t.
1730 2836 1835 2900 Nullus
1857 2857 1874 2898 e
1896 2835 1985 2902 Claro
2007 2841 2053 2902 ad

680 2933 848 2996 oblationes
869 2933 1065 3013 inserendas,
1096 2943 1149 2996 aut
1175 2937 1218 2997 ad
1238 2937 1434 2998 ministerium
1456 2937 1565 2998 altaria
1586 2937 1715 2998 accedat
1748 2955 1815 2998 mim
1836 2937 1896 2998 illis
1916 2937 2053 3000 aestibus

680 3032 787 3114 quibus
805 3036 932 3095 amicum
949 3036 981 3095 in
993 3033 1143 3113 prrblicum
1159 3036 1285 3113 prodire
1301 3035 1394 3096 solet:
1417 3036 1472 3096 sed
1483 3036 1588 3097 induet
1603 3044 1702 3096 aester
1719 3034 1878 3114 Liturpioe
1890 3039 2050 3116 proprias,

681 3139 711 3192 et
732 3132 774 3192 ad
796 3133 854 3195 boc
875 3132 1007 3214 officiam
1029 3135 1224 3214 sirapulariter
1246 3135 1427 3208 destinatas,
1457 3141 1488 3194 et
1515 3141 1584 3195 tnnc
1606 3135 1707 3196 oacrio
1736 3133 1929 3213 operabitur:
1955 3155 2052 3217 nequae

678 3229 758 3291 banc
779 3231 914 3311 rapulam
936 3233 1181 3312 tranrpredietur.
1213 3231 1257 3294 lta
1279 3250 1399 3312 quoque
1414 3230 1615 3312 libnassalus,
1638 3232 1855 3295 Echmimensis
1879 3240 1910 3294 et
1923 3232 2050 3298 aliiCa-

679 3346 790 3391 nonum
813 3330 1007 3411 interpretes.
1031 3330 1095 3394 Nec
1118 3331 1302 3412 praecipitur
1323 3338 1435 3393 tantum
1459 3330 1585 3393 Cleriois
1609 3340 1723 3394 utnon
1754 3331 1898 3394 accedant
1928 3334 1966 3397 ad
1987 3335 2050 3397 tti-

678 3429 832 3491 nisterium
855 3430 957 3494 altaris
980 3430 1094 3511 absque
1116 3439 1240 3509 ornatu,
1270 3431 1321 3512 qui
1348 3429 1475 3514 singulis
1503 3433 1646 3494 convenit
1665 3432 1751 3514 juxta
1778 3431 1891 3495 ordinis
1921 3432 1968 3494 sui
1998 3432 2050 3494 di-

679 3529 843 3610 gnitatem,
871 3529 926 3592 sed
953 3549 992 3592 ne
1016 3530 1103 3592 aliter
1125 3529 1270 3592 accedant
1298 3529 1336 3592 ad
1365 3547 1475 3610 preces
1502 3529 1654 3611 publicas,
1684 3539 1736 3593 aut
1764 3531 1801 3593 ad
1827 3530 2050 3611 suscipiendam

680 3629 927 3693 communionem.
972 3629 1110 3711 Epitome
1133 3649 1172 3692 cx
1196 3630 1351 3692 sententiis
1374 3626 1512 3692 Patrem
1545 3629 1613 3692 Non
1640 3631 1710 3692 licet
1729 3629 1926 3694 Sacerdotem
1945 3650 2049 3709 orare,

680 3731 983 3791 antcommnnionem
1004 3731 1144 3809 accipere
1165 3731 1227 3792 nisi
1247 3731 1384 3790 vestitum
1413 3723 1558 3810 χιτωνίῳ.
1598 3729 1695 3792 Aliter
1716 3748 1768 3792 rea
1789 3731 1936 3792 moerore
1957 3741 2047 3811 esset,

680 3835 711 3888 et
732 3836 840 3889 contra
858 3828 933 3907 fidei
952 3837 1078 3890 sunctae
1101 3827 1262 3891 Cononem.
1290 3827 1373 3890 ldem
1394 3831 1542 3910 praecipit
1565 3828 1695 3911 Cyrillus
1719 3829 1797 3892 filius
1819 3827 1945 3891 Lalrlalri
1967 3830 2047 3895 Patr.

679 3926 902 3989 Alexandrinus
926 3925 1176 3991 Constitutionum
1198 3946 1332 4006 suarum,
1357 3946 1423 4008 cap.
1434 3925 1504 3989 34⁰.
1525 3927 1594 3991 Non
1607 3927 2048 3992 accedetSacerdoaadcom-

678 4027 847 4087 munionem
865 4028 1102 4106 ancipiercdam,
1124 4047 1214 4107 uapor
1227 4029 1343 4107 prades
1354 4028 1479 4104 altaris,
1501 4029 1564 4089 nisi
1577 4029 1702 4090 certitas
1717 4028 1887 4090 Sticbario:
1909 4031 1962 4108 qai
1974 4031 2050 4094 illud

679 4144 741 4187 non
762 4124 868 4200 babet,
891 4117 1124 4188 communicabit
1143 4135 1234 4188 entra
1256 4127 1360 4189 abore.
1408 4127 1441 4189 ln
1469 4126 1655 4191 Collectioue
1684 4126 1858 4206 Ebnassali‚
1889 4145 1955 4209 cap.
1980 4126 2047 4192 12⁰.

679 4223 812 4286 refertur
835 4223 938 4290 Canon
961 4230 1100 4306 tanquam
1122 4224 1223 4288 Basilii
1244 4228 1347 4309 magni
1368 4227 1399 4289 in
1419 4227 1496 4290 baec
1518 4228 1620 4289 verba.
1658 4227 1759 4289 Vestes
1779 4227 1887 4307 quibus
1906 4229 2049 4290 atendmn

679 4331 727 4386 eat
747 4325 790 4385 ad
811 4342 906 4385 sacra
924 4323 1085 4403 samaria,
1108 4325 1172 4386 albi
1192 4326 1303 4388 commis
1325 4333 1537 4405 esaeoportet,
1559 4327 1772 4405 mocinius,
1796 4333 1915 4406 atquae
1929 4325 2048 4390 Sacer-

679 4423 800 4485 dotibus
822 4425 1009 4488 conoeuiant.
1055 4422 1193 4486 Christus
1214 4427 1292 4486 enim
1314 4445 1381 4488 cum
1403 4427 1631 4506 transfipnratus
1652 4434 1713 4501 est,
1738 4427 1916 4488 nocumenta
1942 4425 2049 4488 taam

679 4523 757 4584 lans
774 4524 874 4584 instar
893 4524 1035 4585 candida.
1058 4522 1139 4586 ldem
1150 4525 1367 4605 praescribitur
1388 4525 1419 4588 in
1443 4523 1619 4588 Canonibus
1634 4541 1711 4606 quos
1725 4522 1898 4605 bnperiales
1916 4531 2045 4590 vocant:

677 4630 713 4684 ut
731 4629 830 4684 aester
851 4620 1065 4686 secedentes
1093 4625 1208 4687 talares
1228 4625 1305 4702 aiut,
1334 4625 1497 4706 candidae,
1524 4643 1585 4686 non
1615 4625 1787 4699 coloratae,
1815 4632 1904 4705 atquc
1932 4624 2047 4687 adser-

679 4729 786 4782 aeutur
806 4721 840 4782 in
860 4722 927 4783 loco
948 4723 1125 4785 ministeriis
1134 4722 1360 4786 Ecclesiasticio
1380 4725 1545 4798 destinato,
1568 4725 1664 4786 autin
1676 4723 1834 4786 Ecclesiae
1847 4725 2046 4804 repositorio.-

678 4837 773 4900 neqae
796 4827 885 4882 extra
897 4820 974 4882 baec
995 4822 1064 4884 loca
1084 4823 1307 4903 relinquantur,
1328 4843 1422 4904 neque
1433 4825 1524 4885 etiam
1537 4823 1576 4885 ab
1590 4823 1650 4886 ulio
1663 4825 1744 4885 intra
1760 4823 1859 4884 altare
1870 4825 2045 4886 aestuantia.

375 4940 552 4995 smum,
571 4949 666 4998 mm,
770 4917 974 4982 Sacerdotalia
996 4922 1174 4984 vestimenta
1197 4929 1353 4985 enumerat
1376 4919 1497 4985 Gabriel
1512 4923 1684 4985 Patriarcha
1705 4923 1736 4986 in
1754 4920 1873 4985 Rituali.
1898 4922 1973 4986 Sunt
1989 4941 2044 4986 au·

681 5022 741 5079 tem
762 5017 863 5080 Vestis
885 5017 978 5102 longa
1000 5020 1138 5086 sericea:
1166 5020 1308 5104 Epomis,
1338 5023 1404 5086 siro
1433 5022 1592 5086 amicrdum
1618 5023 1758 5106 eserico
1781 5021 1923 5101 candid03
1951 5023 2047 5104 Stola,
