<?xml version="1.0" encoding="UTF-8"?>
<!DOCTYPE html PUBLIC "-//W3C//DTD XHTML 1.0 Transitional//EN"
    "http://www.w3.org/TR/xhtml1/DTD/xhtml1-transitional.dtd">
<html xmlns="http://www.w3.org/1999/xhtml" xml:lang="en" lang="en">
 <head>
  <title>
</title>
<meta http-equiv="Content-Type" content="text/html;charset=utf-8" />
  <meta name='ocr-system' content='tesseract 3.04.00' />
  <meta name='ocr-capabilities' content='ocr_page ocr_carea ocr_par ocr_line ocrx_word'/>
</head>
<body>
  <div class='ocr_page' id='page_1' title='image "./liturgiarumorie03renagoog_0589.png"; bbox 0 0 4686 6060; ppageno 0'>
   <div class='ocr_carea' id='block_1_1' title="bbox 557 593 1677 695">
    <p class='ocr_par' dir='ltr' id='par_1_1' title="bbox 557 593 1677 695">
     <span class='ocr_line' id='line_1_1' title="bbox 557 593 1677 695; baseline 0.005 -7"><span class='ocrx_word' id='word_1_1' title='bbox 557 593 567 616; x_wconf 84' lang='lat'>‘</span> <span class='ocrx_word' id='word_1_2' title='bbox 673 613 751 689; x_wconf 79' lang='lat' dir='ltr'><strong>sac</strong></span> <span class='ocrx_word' id='word_1_3' title='bbox 1075 614 1677 695; x_wconf 81' lang='lat' dir='ltr'><strong>ournrainaoun</strong></span> 
     </span>
    </p>
   </div>
   <div class='ocr_carea' id='block_1_2' title="bbox 672 801 2045 1597">
    <p class='ocr_par' dir='ltr' id='par_1_2' title="bbox 672 801 2044 1340">
     <span class='ocr_line' id='line_1_2' title="bbox 672 801 2042 896; baseline 0.003 -23"><span class='ocrx_word' id='word_1_4' title='bbox 672 802 853 876; x_wconf 88' lang='lat' dir='ltr'><strong>Kowisna:</strong></span> <span class='ocrx_word' id='word_1_5' title='bbox 881 802 1018 877; x_wconf 88' lang='lat' dir='ltr'><strong>Garbiet</strong></span> <span class='ocrx_word' id='word_1_6' title='bbox 1045 806 1119 876; x_wconf 89' lang='lat' dir='ltr'><strong>sive</strong></span> <span class='ocrx_word' id='word_1_7' title='bbox 1138 801 1359 875; x_wconf 80' lang='lat' dir='ltr'><strong>Occidentalis</strong></span> <span class='ocrx_word' id='word_1_8' title='bbox 1385 808 1483 895; x_wconf 91' lang='lat' dir='ltr'><strong>regio</strong></span> <span class='ocrx_word' id='word_1_9' title='bbox 1499 803 1683 876; x_wconf 90' lang='lat' dir='ltr'><strong>Semnoud:</strong></span> <span class='ocrx_word' id='word_1_10' title='bbox 1710 803 1933 896; x_wconf 86' lang='lat' dir='ltr'><strong>Denjahowa,</strong></span> <span class='ocrx_word' id='word_1_11' title='bbox 1961 803 2042 877; x_wconf 86' lang='lat' dir='ltr'><strong>lle-</strong></span> 
     </span>
     <span class='ocr_line' id='line_1_3' title="bbox 672 917 2042 1010; baseline 0.002 -22"><span class='ocrx_word' id='word_1_12' title='bbox 672 917 771 1007; x_wconf 83' lang='lat' dir='ltr'><strong>noul‚</strong></span> <span class='ocrx_word' id='word_1_13' title='bbox 804 918 1002 1010; x_wconf 86' lang='lat' dir='ltr'><strong>Sirabowa,</strong></span> <span class='ocrx_word' id='word_1_14' title='bbox 1028 919 1115 991; x_wconf 87' lang='lat' dir='ltr'><strong>Fua:</strong></span> <span class='ocrx_word' id='word_1_15' title='bbox 1151 919 1395 1008; x_wconf 88' lang='lat' dir='ltr'><strong>Murahmasin,</strong></span> <span class='ocrx_word' id='word_1_16' title='bbox 1429 917 1563 991; x_wconf 85' lang='lat' dir='ltr'><strong>Geziret</strong></span> <span class='ocrx_word' id='word_1_17' title='bbox 1603 919 1681 992; x_wconf 94' lang='lat' dir='ltr'><strong>bani</strong></span> <span class='ocrx_word' id='word_1_18' title='bbox 1716 919 1862 1006; x_wconf 89' lang='lat' dir='ltr'><strong>Nasser,</strong></span> <span class='ocrx_word' id='word_1_19' title='bbox 1895 918 2042 1010; x_wconf 86' lang='lat' dir='ltr'><strong>Bebiret,</strong></span> 
     </span>
     <span class='ocr_line' id='line_1_4' title="bbox 672 1034 2044 1131; baseline 0.001 -26"><span class='ocrx_word' id='word_1_20' title='bbox 672 1034 881 1107; x_wconf 80' lang='lat' dir='ltr'><strong>Alexandria</strong></span> <span class='ocrx_word' id='word_1_21' title='bbox 917 1046 950 1108; x_wconf 86' lang='lat' dir='ltr'><strong>et</strong></span> <span class='ocrx_word' id='word_1_22' title='bbox 986 1039 1059 1128; x_wconf 91' lang='lat' dir='ltr'><strong>ejus</strong></span> <span class='ocrx_word' id='word_1_23' title='bbox 1094 1034 1301 1123; x_wconf 89' lang='lat' dir='ltr'><strong>suburbana,</strong></span> <span class='ocrx_word' id='word_1_24' title='bbox 1338 1058 1464 1131; x_wconf 90' lang='lat' dir='ltr'><strong>oraque</strong></span> <span class='ocrx_word' id='word_1_25' title='bbox 1495 1036 1642 1113; x_wconf 90' lang='lat' dir='ltr'><strong>Domsis.</strong></span> <span class='ocrx_word' id='word_1_26' title='bbox 1694 1037 1731 1109; x_wconf 91' lang='lat' dir='ltr'><strong>lu</strong></span> <span class='ocrx_word' id='word_1_27' title='bbox 1761 1045 1868 1107; x_wconf 88' lang='lat' dir='ltr'><strong>tractu</strong></span> <span class='ocrx_word' id='word_1_28' title='bbox 1893 1035 2044 1108; x_wconf 73' lang='lat' dir='ltr'><strong>Australi</strong></span> 
     </span>
     <span class='ocr_line' id='line_1_5' title="bbox 675 1150 2042 1244; baseline -0.001 -22"><span class='ocrx_word' id='word_1_29' title='bbox 675 1150 786 1241; x_wconf 84' lang='lat' dir='ltr'><strong>Ginet,</strong></span> <span class='ocrx_word' id='word_1_30' title='bbox 812 1151 938 1243; x_wconf 89' lang='lat' dir='ltr'><strong>Atlige,</strong></span> <span class='ocrx_word' id='word_1_31' title='bbox 964 1152 1106 1242; x_wconf 89' lang='lat' dir='ltr'><strong>Basour,</strong></span> <span class='ocrx_word' id='word_1_32' title='bbox 1133 1152 1241 1240; x_wconf 90' lang='lat' dir='ltr'><strong>Fium,</strong></span> <span class='ocrx_word' id='word_1_33' title='bbox 1266 1151 1409 1240; x_wconf 90' lang='lat' dir='ltr'><strong>Benhsa,</strong></span> <span class='ocrx_word' id='word_1_34' title='bbox 1437 1151 1654 1244; x_wconf 90' lang='lat' dir='ltr'><strong>Ascbmonin,</strong></span> <span class='ocrx_word' id='word_1_35' title='bbox 1672 1151 1868 1244; x_wconf 86' lang='lat' dir='ltr'><strong>blenfalout,</strong></span> <span class='ocrx_word' id='word_1_36' title='bbox 1895 1151 2042 1238; x_wconf 90' lang='lat' dir='ltr'><strong>0ssi0ut‚</strong></span> 
     </span>
     <span class='ocr_line' id='line_1_6' title="bbox 672 1265 1010 1340; baseline 0 -3"><span class='ocrx_word' id='word_1_37' title='bbox 672 1265 823 1338; x_wconf 85' lang='lat' dir='ltr'><strong>Echmim</strong></span> <span class='ocrx_word' id='word_1_38' title='bbox 850 1278 883 1339; x_wconf 93' lang='lat' dir='ltr'><strong>et</strong></span> <span class='ocrx_word' id='word_1_39' title='bbox 908 1267 1010 1340; x_wconf 87' lang='lat' dir='ltr'><strong>llous.</strong></span> 
     </span>
    </p>

    <p class='ocr_par' dir='ltr' id='par_1_3' title="bbox 674 1383 2045 1597">
     <span class='ocr_line' id='line_1_7' title="bbox 779 1383 2043 1480; baseline -0.001 -25"><span class='ocrx_word' id='word_1_40' title='bbox 779 1383 947 1456; x_wconf 85' lang='lat' dir='ltr'>CXXVII.</span> <span class='ocrx_word' id='word_1_41' title='bbox 979 1383 1091 1456; x_wconf 90' lang='lat' dir='ltr'><strong>Aliam</strong></span> <span class='ocrx_word' id='word_1_42' title='bbox 1118 1407 1250 1480; x_wconf 89' lang='lat' dir='ltr'><strong>quoque</strong></span> <span class='ocrx_word' id='word_1_43' title='bbox 1277 1383 1474 1458; x_wconf 89' lang='lat' dir='ltr'><strong>divisionem</strong></span> <span class='ocrx_word' id='word_1_44' title='bbox 1500 1387 1533 1456; x_wconf 92' lang='lat' dir='ltr'><strong>in</strong></span> <span class='ocrx_word' id='word_1_45' title='bbox 1559 1383 1732 1476; x_wconf 86' lang='lat' dir='ltr'><strong>Regiones</strong></span> <span class='ocrx_word' id='word_1_46' title='bbox 1759 1406 1820 1456; x_wconf 89' lang='lat' dir='ltr'><strong>seu</strong></span> <span class='ocrx_word' id='word_1_47' title='bbox 1846 1385 2043 1479; x_wconf 89' lang='lat' dir='ltr'><strong>provincias</strong></span> 
     </span>
     <span class='ocr_line' id='line_1_8' title="bbox 674 1483 2045 1597; baseline -0.001 -26"><span class='ocrx_word' id='word_1_48' title='bbox 674 1503 819 1591; x_wconf 84' lang='lat' dir='ltr'><strong>triginta,</strong></span> <span class='ocrx_word' id='word_1_49' title='bbox 846 1499 948 1572; x_wconf 89' lang='lat' dir='ltr'><strong>relert</strong></span> <span class='ocrx_word' id='word_1_50' title='bbox 974 1499 1168 1591; x_wconf 85' lang='lat' dir='ltr'><strong>Makrizius,</strong></span> <span class='ocrx_word' id='word_1_51' title='bbox 1195 1523 1293 1597; x_wconf 90' lang='lat' dir='ltr'><strong>quam</strong></span> <span class='ocrx_word' id='word_1_52' title='bbox 1318 1500 1522 1589; x_wconf 81' lang='lat' dir='ltr'><strong>reseremus,</strong></span> <span class='ocrx_word' id='word_1_53' title='bbox 1550 1500 1711 1592; x_wconf 82' lang='lat' dir='ltr'><strong>adjunctis</strong></span> <span class='ocrx_word' id='word_1_54' title='bbox 1726 1483 1730 1493; x_wconf 74' lang='grc'>’</span> <span class='ocrx_word' id='word_1_55' title='bbox 1743 1521 1829 1594; x_wconf 89' lang='lat' dir='ltr'><strong>quae</strong></span> <span class='ocrx_word' id='word_1_56' title='bbox 1864 1498 1905 1570; x_wconf 92' lang='lat' dir='ltr'><strong>ad</strong></span> <span class='ocrx_word' id='word_1_57' title='bbox 1932 1521 2045 1570; x_wconf 89' lang='lat' dir='ltr'><strong>rerum</strong></span> 
     </span>
    </p>
   </div>
   <div class='ocr_carea' id='block_1_3' title="bbox 673 1615 2119 1713">
    <p class='ocr_par' dir='ltr' id='par_1_4' title="bbox 673 1615 2119 1713">
     <span class='ocr_line' id='line_1_9' title="bbox 673 1615 2119 1713; baseline 0.001 -27"><span class='ocrx_word' id='word_1_58' title='bbox 673 1615 985 1689; x_wconf 83' lang='lat' dir='ltr'><strong>Ecclesiasticamm</strong></span> <span class='ocrx_word' id='word_1_59' title='bbox 1011 1615 1169 1689; x_wconf 77' lang='lat' dir='ltr'><strong>Notitiam</strong></span> <span class='ocrx_word' id='word_1_60' title='bbox 1196 1621 1353 1708; x_wconf 90' lang='lat' dir='ltr'><strong>attinent,</strong></span> <span class='ocrx_word' id='word_1_61' title='bbox 1385 1627 1539 1713; x_wconf 79' lang='lat' dir='ltr'><strong>quanbmr</strong></span> <span class='ocrx_word' id='word_1_62' title='bbox 1576 1638 1616 1687; x_wconf 90' lang='lat' dir='ltr'><strong>ea</strong></span> <span class='ocrx_word' id='word_1_63' title='bbox 1649 1615 1834 1688; x_wconf 90' lang='lat' dir='ltr'><strong>observare</strong></span> <span class='ocrx_word' id='word_1_64' title='bbox 1867 1619 2044 1710; x_wconf 88' lang='lat' dir='ltr'><strong>potuimus.</strong></span> <span class='ocrx_word' id='word_1_65' title='bbox 2115 1659 2119 1666; x_wconf 91' lang='lat'>-</span> 
     </span>
    </p>
   </div>
   <div class='ocr_carea' id='block_1_4' title="bbox 672 1729 2045 1944">
    <p class='ocr_par' dir='ltr' id='par_1_5' title="bbox 672 1729 2045 1944">
     <span class='ocr_line' id='line_1_10' title="bbox 776 1729 2044 1829; baseline 0 -26"><span class='ocrx_word' id='word_1_66' title='bbox 776 1732 870 1804; x_wconf 90' lang='lat' dir='ltr'><strong>Fium</strong></span> <span class='ocrx_word' id='word_1_67' title='bbox 897 1732 977 1804; x_wconf 94' lang='lat' dir='ltr'><strong>urbs</strong></span> <span class='ocrx_word' id='word_1_68' title='bbox 1003 1731 1215 1829; x_wconf 88' lang='lat' dir='ltr'><strong>Episcopalis</strong></span> <span class='ocrx_word' id='word_1_69' title='bbox 1242 1735 1398 1805; x_wconf 91' lang='lat' dir='ltr'><strong>territorii</strong></span> <span class='ocrx_word' id='word_1_70' title='bbox 1433 1732 1577 1804; x_wconf 89' lang='lat' dir='ltr'><strong>celebris</strong></span> <span class='ocrx_word' id='word_1_71' title='bbox 1613 1742 1732 1826; x_wconf 87' lang='lat' dir='ltr'><strong>caput,</strong></span> <span class='ocrx_word' id='word_1_72' title='bbox 1762 1729 1818 1802; x_wconf 95' lang='lat' dir='ltr'><strong>ubi</strong></span> <span class='ocrx_word' id='word_1_73' title='bbox 1855 1730 1933 1804; x_wconf 90' lang='lat' dir='ltr'><strong>olim</strong></span> <span class='ocrx_word' id='word_1_74' title='bbox 1966 1741 2044 1803; x_wconf 90' lang='lat' dir='ltr'><strong>tre-</strong></span> 
     </span>
     <span class='ocr_line' id='line_1_11' title="bbox 672 1847 2045 1944; baseline 0 -26"><span class='ocrx_word' id='word_1_75' title='bbox 672 1852 759 1920; x_wconf 90' lang='lat' dir='ltr'><strong>centi</strong></span> <span class='ocrx_word' id='word_1_76' title='bbox 791 1851 968 1941; x_wconf 85' lang='lat' dir='ltr'><strong>sexaginta</strong></span> <span class='ocrx_word' id='word_1_77' title='bbox 1001 1851 1099 1944; x_wconf 86' lang='lat' dir='ltr'><strong>pagi,</strong></span> <span class='ocrx_word' id='word_1_78' title='bbox 1132 1859 1188 1921; x_wconf 92' lang='lat' dir='ltr'><strong>aut</strong></span> <span class='ocrx_word' id='word_1_79' title='bbox 1221 1852 1288 1920; x_wconf 90' lang='lat' dir='ltr'><strong>vici</strong></span> <span class='ocrx_word' id='word_1_80' title='bbox 1323 1847 1598 1937; x_wconf 72' lang='lat' dir='ltr'><strong>numerabantur,</strong></span> <span class='ocrx_word' id='word_1_81' title='bbox 1633 1847 1845 1943; x_wconf 85' lang='lat' dir='ltr'><strong>quodetiam</strong></span> <span class='ocrx_word' id='word_1_82' title='bbox 1881 1858 2045 1919; x_wconf 88' lang='lat' dir='ltr'><strong>memorat</strong></span> 
     </span>
    </p>
   </div>
   <div class='ocr_carea' id='block_1_5' title="bbox 569 1963 2043 2062">
    <p class='ocr_par' dir='ltr' id='par_1_6' title="bbox 569 1963 2043 2062">
     <span class='ocr_line' id='line_1_12' title="bbox 569 1963 2043 2062; baseline -0.001 -26"><span class='ocrx_word' id='word_1_83' title='bbox 569 1965 572 1970; x_wconf 74' lang='grc'><em>“</em></span> <span class='ocrx_word' id='word_1_84' title='bbox 671 1963 747 2036; x_wconf 84' lang='lat' dir='ltr'><strong>Ebu</strong></span> <span class='ocrx_word' id='word_1_85' title='bbox 773 1963 893 2037; x_wconf 92' lang='lat' dir='ltr'><strong>Werdi</strong></span> <span class='ocrx_word' id='word_1_86' title='bbox 921 1963 1159 2060; x_wconf 74' lang='lat' dir='ltr'><strong>Geographus:</strong></span> <span class='ocrx_word' id='word_1_87' title='bbox 1192 1975 1343 2062; x_wconf 88' lang='lat' dir='ltr'><strong>tempore</strong></span> <span class='ocrx_word' id='word_1_88' title='bbox 1374 1964 1528 2037; x_wconf 86' lang='lat' dir='ltr'><strong>Makrizii</strong></span> <span class='ocrx_word' id='word_1_89' title='bbox 1554 1975 1684 2037; x_wconf 90' lang='lat' dir='ltr'><strong>centum</strong></span> <span class='ocrx_word' id='word_1_90' title='bbox 1714 1966 1951 2059; x_wconf 87' lang='lat' dir='ltr'><strong>quinquaginta</strong></span> <span class='ocrx_word' id='word_1_91' title='bbox 1979 1985 2043 2036; x_wconf 88' lang='lat' dir='ltr'><strong>sex</strong></span> 
     </span>
    </p>
   </div>
   <div class='ocr_carea' id='block_1_6' title="bbox 585 2078 2044 5200">
    <p class='ocr_par' dir='ltr' id='par_1_7' title="bbox 670 2078 2044 2992">
     <span class='ocr_line' id='line_1_13' title="bbox 670 2078 2041 2178; baseline -0.001 -24"><span class='ocrx_word' id='word_1_92' title='bbox 670 2089 796 2154; x_wconf 71' lang='lat' dir='ltr'><strong>tanum</strong></span> <span class='ocrx_word' id='word_1_93' title='bbox 830 2091 1055 2178; x_wconf 76' lang='lat' dir='ltr'><strong>supererant·</strong></span> <span class='ocrx_word' id='word_1_94' title='bbox 1089 2081 1159 2153; x_wconf 91' lang='lat' dir='ltr'><strong>Sita</strong></span> <span class='ocrx_word' id='word_1_95' title='bbox 1196 2092 1247 2154; x_wconf 92' lang='lat' dir='ltr'><strong>est</strong></span> <span class='ocrx_word' id='word_1_96' title='bbox 1283 2103 1383 2178; x_wconf 92' lang='lat' dir='ltr'><strong>super</strong></span> <span class='ocrx_word' id='word_1_97' title='bbox 1417 2079 1551 2153; x_wconf 88' lang='lat' dir='ltr'><strong>fluvium</strong></span> <span class='ocrx_word' id='word_1_98' title='bbox 1578 2079 1717 2178; x_wconf 68' lang='lat' dir='ltr'><strong>‚losephi</strong></span> <span class='ocrx_word' id='word_1_99' title='bbox 1743 2078 1881 2166; x_wconf 92' lang='lat' dir='ltr'><strong>dictum,</strong></span> <span class='ocrx_word' id='word_1_100' title='bbox 1919 2082 1974 2173; x_wconf 87' lang='lat' dir='ltr'><strong>qui</strong></span> <span class='ocrx_word' id='word_1_101' title='bbox 2008 2084 2041 2152; x_wconf 93' lang='lat' dir='ltr'><strong>in</strong></span> 
     </span>
     <span class='ocr_line' id='line_1_14' title="bbox 671 2195 2043 2289; baseline -0.001 -20"><span class='ocrx_word' id='word_1_102' title='bbox 671 2196 779 2269; x_wconf 91' lang='lat' dir='ltr'><strong>Nilum</strong></span> <span class='ocrx_word' id='word_1_103' title='bbox 806 2198 919 2284; x_wconf 87' lang='lat' dir='ltr'><strong>iniluit,</strong></span> <span class='ocrx_word' id='word_1_104' title='bbox 948 2209 982 2269; x_wconf 88' lang='lat' dir='ltr'><strong>et</strong></span> <span class='ocrx_word' id='word_1_105' title='bbox 1007 2197 1164 2271; x_wconf 85' lang='lat' dir='ltr'><strong>aCabira</strong></span> <span class='ocrx_word' id='word_1_106' title='bbox 1191 2198 1317 2272; x_wconf 90' lang='lat' dir='ltr'><strong>distans</strong></span> <span class='ocrx_word' id='word_1_107' title='bbox 1344 2198 1448 2273; x_wconf 93' lang='lat' dir='ltr'><strong>tribus</strong></span> <span class='ocrx_word' id='word_1_108' title='bbox 1472 2198 1601 2289; x_wconf 89' lang='lat' dir='ltr'><strong>diaetis,</strong></span> <span class='ocrx_word' id='word_1_109' title='bbox 1629 2220 1690 2270; x_wconf 89' lang='lat' dir='ltr'><strong>seu</strong></span> <span class='ocrx_word' id='word_1_110' title='bbox 1715 2195 1858 2268; x_wconf 92' lang='lat' dir='ltr'><strong>millibus</strong></span> <span class='ocrx_word' id='word_1_111' title='bbox 1883 2216 2043 2289; x_wconf 87' lang='lat' dir='ltr'><strong>passuum</strong></span> 
     </span>
     <span class='ocr_line' id='line_1_15' title="bbox 672 2309 2043 2412; baseline -0.001 -26"><span class='ocrx_word' id='word_1_112' title='bbox 672 2313 890 2408; x_wconf 86' lang='lat' dir='ltr'><strong>quadraginta</strong></span> <span class='ocrx_word' id='word_1_113' title='bbox 917 2324 995 2388; x_wconf 89' lang='lat' dir='ltr'><strong>octo</strong></span> <span class='ocrx_word' id='word_1_114' title='bbox 1023 2315 1065 2387; x_wconf 90' lang='lat' dir='ltr'><strong>ad</strong></span> <span class='ocrx_word' id='word_1_115' title='bbox 1091 2313 1395 2412; x_wconf 88' lang='lat' dir='ltr'><strong>Noto-Zephirum.</strong></span> <span class='ocrx_word' id='word_1_116' title='bbox 1448 2315 1505 2387; x_wconf 85' lang='lat' dir='ltr'><strong>Ex</strong></span> <span class='ocrx_word' id='word_1_117' title='bbox 1531 2337 1572 2386; x_wconf 93' lang='lat' dir='ltr'><strong>ea</strong></span> <span class='ocrx_word' id='word_1_118' title='bbox 1598 2312 1682 2386; x_wconf 91' lang='lat' dir='ltr'><strong>urbe</strong></span> <span class='ocrx_word' id='word_1_119' title='bbox 1716 2335 1800 2408; x_wconf 90' lang='lat' dir='ltr'><strong>quae</strong></span> <span class='ocrx_word' id='word_1_120' title='bbox 1833 2309 1943 2384; x_wconf 91' lang='lat' dir='ltr'><strong>multis</strong></span> <span class='ocrx_word' id='word_1_121' title='bbox 1977 2335 2043 2384; x_wconf 89' lang='lat' dir='ltr'><strong>ae-</strong></span> 
     </span>
     <span class='ocr_line' id='line_1_16' title="bbox 672 2427 2044 2521; baseline 0 -21"><span class='ocrx_word' id='word_1_122' title='bbox 672 2427 788 2501; x_wconf 89' lang='lat' dir='ltr'><strong>dificiis</strong></span> <span class='ocrx_word' id='word_1_123' title='bbox 822 2430 943 2503; x_wconf 91' lang='lat' dir='ltr'><strong>nobilis</strong></span> <span class='ocrx_word' id='word_1_124' title='bbox 976 2429 1056 2520; x_wconf 85' lang='lat' dir='ltr'><strong>fuit,</strong></span> <span class='ocrx_word' id='word_1_125' title='bbox 1083 2430 1230 2521; x_wconf 90' lang='lat' dir='ltr'><strong>balneis,</strong></span> <span class='ocrx_word' id='word_1_126' title='bbox 1257 2430 1446 2518; x_wconf 87' lang='lat' dir='ltr'><strong>Meschitis,</strong></span> <span class='ocrx_word' id='word_1_127' title='bbox 1482 2428 1613 2502; x_wconf 88' lang='lat' dir='ltr'><strong>Scholis</strong></span> <span class='ocrx_word' id='word_1_128' title='bbox 1648 2428 1826 2516; x_wconf 79' lang='lat' dir='ltr'><strong>Arabicis,</strong></span> <span class='ocrx_word' id='word_1_129' title='bbox 1861 2435 1896 2500; x_wconf 88' lang='lat' dir='ltr'><strong>ut</strong></span> <span class='ocrx_word' id='word_1_130' title='bbox 1929 2429 2044 2502; x_wconf 88' lang='lat' dir='ltr'><strong>scribit</strong></span> 
     </span>
     <span class='ocr_line' id='line_1_17' title="bbox 671 2542 2043 2640; baseline 0 -22"><span class='ocrx_word' id='word_1_131' title='bbox 671 2543 850 2636; x_wconf 86' lang='lat' dir='ltr'><strong>Abulleda,</strong></span> <span class='ocrx_word' id='word_1_132' title='bbox 877 2548 1039 2638; x_wconf 83' lang='lat' dir='ltr'><strong>originem</strong></span> <span class='ocrx_word' id='word_1_133' title='bbox 1067 2545 1208 2619; x_wconf 91' lang='lat' dir='ltr'><strong>ducebat</strong></span> <span class='ocrx_word' id='word_1_134' title='bbox 1233 2545 1344 2620; x_wconf 86' lang='lat' dir='ltr'><strong>Rabbi</strong></span> <span class='ocrx_word' id='word_1_135' title='bbox 1369 2544 1456 2617; x_wconf 87' lang='lat' dir='ltr'><strong>Juda</strong></span> <span class='ocrx_word' id='word_1_136' title='bbox 1484 2547 1581 2619; x_wconf 87' lang='lat' dir='ltr'><strong>Gaon</strong></span> <span class='ocrx_word' id='word_1_137' title='bbox 1606 2545 1750 2619; x_wconf 89' lang='lat' dir='ltr'><strong>celebris</strong></span> <span class='ocrx_word' id='word_1_138' title='bbox 1781 2542 1867 2640; x_wconf 91' lang='lat' dir='ltr'><strong>apud</strong></span> <span class='ocrx_word' id='word_1_139' title='bbox 1892 2546 2043 2618; x_wconf 82' lang='lat' dir='ltr'><strong>ludaeos</strong></span> 
     </span>
     <span class='ocr_line' id='line_1_18' title="bbox 673 2658 2042 2757; baseline 0.003 -26"><span class='ocrx_word' id='word_1_140' title='bbox 673 2668 773 2732; x_wconf 86' lang='lat' dir='ltr'><strong>autor·</strong></span> <span class='ocrx_word' id='word_1_141' title='bbox 794 2665 962 2736; x_wconf 87' lang='lat' dir='ltr'><strong>versionis</strong></span> <span class='ocrx_word' id='word_1_142' title='bbox 988 2662 1202 2735; x_wconf 88' lang='lat' dir='ltr'><strong>Pentateuchi</strong></span> <span class='ocrx_word' id='word_1_143' title='bbox 1233 2659 1423 2754; x_wconf 81' lang='lat' dir='ltr'><strong>Arabicae,</strong></span> <span class='ocrx_word' id='word_1_144' title='bbox 1458 2685 1543 2757; x_wconf 90' lang='lat' dir='ltr'><strong>quae</strong></span> <span class='ocrx_word' id='word_1_145' title='bbox 1578 2681 1664 2733; x_wconf 92' lang='lat' dir='ltr'><strong>anno</strong></span> <span class='ocrx_word' id='word_1_146' title='bbox 1691 2659 1813 2734; x_wconf 87' lang='lat' dir='ltr'>MDLI.</span> <span class='ocrx_word' id='word_1_147' title='bbox 1868 2658 2042 2735; x_wconf 84' lang='lat' dir='ltr'><strong>Constan-</strong></span> 
     </span>
     <span class='ocr_line' id='line_1_19' title="bbox 672 2776 2043 2876; baseline 0.002 -29"><span class='ocrx_word' id='word_1_148' title='bbox 672 2777 812 2874; x_wconf 93' lang='lat' dir='ltr'><strong>tinopoli</strong></span> <span class='ocrx_word' id='word_1_149' title='bbox 839 2778 926 2850; x_wconf 90' lang='lat' dir='ltr'><strong>edita</strong></span> <span class='ocrx_word' id='word_1_150' title='bbox 953 2789 1013 2850; x_wconf 89' lang='lat' dir='ltr'><strong>est</strong></span> <span class='ocrx_word' id='word_1_151' title='bbox 1065 2777 1120 2854; x_wconf 94' lang='lat' dir='ltr'><strong>Ab</strong></span> <span class='ocrx_word' id='word_1_152' title='bbox 1148 2789 1265 2852; x_wconf 90' lang='lat' dir='ltr'><strong>autore</strong></span> <span class='ocrx_word' id='word_1_153' title='bbox 1292 2783 1348 2876; x_wconf 83' lang='lat' dir='ltr'><strong>qui</strong></span> <span class='ocrx_word' id='word_1_154' title='bbox 1382 2779 1487 2872; x_wconf 90' lang='lat' dir='ltr'><strong>vulgo</strong></span> <span class='ocrx_word' id='word_1_155' title='bbox 1513 2781 1645 2864; x_wconf 71' lang='lat' dir='ltr'><strong>Flami,</strong></span> <span class='ocrx_word' id='word_1_156' title='bbox 1679 2776 1744 2851; x_wconf 89' lang='lat' dir='ltr'><strong>hoc</strong></span> <span class='ocrx_word' id='word_1_157' title='bbox 1776 2789 1828 2850; x_wconf 92' lang='lat' dir='ltr'><strong>est</strong></span> <span class='ocrx_word' id='word_1_158' title='bbox 1854 2777 2043 2850; x_wconf 86' lang='lat' dir='ltr'><strong>Fiumensis</strong></span> 
     </span>
     <span class='ocr_line' id='line_1_20' title="bbox 673 2894 1568 2992; baseline 0.003 -29"><span class='ocrx_word' id='word_1_159' title='bbox 673 2914 695 2964; x_wconf 88' lang='lat' dir='ltr'><strong>a</strong></span> <span class='ocrx_word' id='word_1_160' title='bbox 721 2896 829 2987; x_wconf 91' lang='lat' dir='ltr'><strong>patria</strong></span> <span class='ocrx_word' id='word_1_161' title='bbox 855 2894 960 2966; x_wconf 91' lang='lat' dir='ltr'><strong>dictus</strong></span> <span class='ocrx_word' id='word_1_162' title='bbox 987 2904 1050 2985; x_wconf 85' lang='lat' dir='ltr'><strong>est,</strong></span> <span class='ocrx_word' id='word_1_163' title='bbox 1077 2899 1150 2992; x_wconf 93' lang='lat' dir='ltr'><strong>ipsa</strong></span> <span class='ocrx_word' id='word_1_164' title='bbox 1176 2900 1292 2968; x_wconf 88' lang='lat' dir='ltr'><strong>versio</strong></span> <span class='ocrx_word' id='word_1_165' title='bbox 1318 2900 1364 2967; x_wconf 91' lang='lat' dir='ltr'><strong>ita</strong></span> <span class='ocrx_word' id='word_1_166' title='bbox 1391 2894 1568 2992; x_wconf 85' lang='lat' dir='ltr'><strong>appellata.</strong></span> 
     </span>
    </p>

    <p class='ocr_par' dir='ltr' id='par_1_8' title="bbox 671 3003 2043 3688">
     <span class='ocr_line' id='line_1_21' title="bbox 775 3003 2043 3107; baseline 0.002 -28"><span class='ocrx_word' id='word_1_167' title='bbox 775 3009 876 3103; x_wconf 86' lang='lat' dir='ltr'><strong>Mens</strong></span> <span class='ocrx_word' id='word_1_168' title='bbox 909 3019 942 3082; x_wconf 93' lang='lat' dir='ltr'><strong>et</strong></span> <span class='ocrx_word' id='word_1_169' title='bbox 981 3010 1100 3083; x_wconf 80' lang='lat' dir='ltr'><strong>Vtcaim</strong></span> <span class='ocrx_word' id='word_1_170' title='bbox 1131 3015 1366 3107; x_wconf 89' lang='lat' dir='ltr'><strong>quinquaginta</strong></span> <span class='ocrx_word' id='word_1_171' title='bbox 1401 3014 1544 3107; x_wconf 88' lang='lat' dir='ltr'><strong>quinque</strong></span> <span class='ocrx_word' id='word_1_172' title='bbox 1578 3030 1688 3106; x_wconf 88' lang='lat' dir='ltr'><strong>pagos</strong></span> <span class='ocrx_word' id='word_1_173' title='bbox 1724 3019 1780 3081; x_wconf 89' lang='lat' dir='ltr'><strong>aut</strong></span> <span class='ocrx_word' id='word_1_174' title='bbox 1818 3003 1930 3084; x_wconf 84' lang='lat' dir='ltr'><strong>vicos</strong></span> <span class='ocrx_word' id='word_1_175' title='bbox 1952 3033 2043 3082; x_wconf 89' lang='lat' dir='ltr'><strong>con-</strong></span> 
     </span>
     <span class='ocr_line' id='line_1_22' title="bbox 672 3125 2043 3225; baseline 0.002 -30"><span class='ocrx_word' id='word_1_176' title='bbox 672 3128 785 3196; x_wconf 90' lang='lat' dir='ltr'><strong>tinent.</strong></span> <span class='ocrx_word' id='word_1_177' title='bbox 838 3127 941 3220; x_wconf 85' lang='lat' dir='ltr'><strong>Mens</strong></span> <span class='ocrx_word' id='word_1_178' title='bbox 961 3137 1013 3200; x_wconf 92' lang='lat' dir='ltr'><strong>est</strong></span> <span class='ocrx_word' id='word_1_179' title='bbox 1039 3130 1172 3222; x_wconf 89' lang='lat' dir='ltr'><strong>antiqua</strong></span> <span class='ocrx_word' id='word_1_180' title='bbox 1198 3127 1375 3225; x_wconf 87' lang='lat' dir='ltr'><strong>Memphis,</strong></span> <span class='ocrx_word' id='word_1_181' title='bbox 1403 3127 1490 3222; x_wconf 84' lang='lat' dir='ltr'><strong>quod</strong></span> <span class='ocrx_word' id='word_1_182' title='bbox 1517 3137 1551 3198; x_wconf 91' lang='lat' dir='ltr'><strong>et</strong></span> <span class='ocrx_word' id='word_1_183' title='bbox 1577 3127 1718 3199; x_wconf 92' lang='lat' dir='ltr'><strong>nominis</strong></span> <span class='ocrx_word' id='word_1_184' title='bbox 1744 3130 1829 3198; x_wconf 90' lang='lat' dir='ltr'><strong>ratio</strong></span> <span class='ocrx_word' id='word_1_185' title='bbox 1865 3129 1946 3198; x_wconf 89' lang='lat' dir='ltr'><strong>satis</strong></span> <span class='ocrx_word' id='word_1_186' title='bbox 1974 3125 2043 3198; x_wconf 88' lang='lat' dir='ltr'><strong>de-</strong></span> 
     </span>
     <span class='ocr_line' id='line_1_23' title="bbox 672 3242 2041 3341; baseline 0.001 -30"><span class='ocrx_word' id='word_1_187' title='bbox 672 3251 847 3315; x_wconf 90' lang='lat' dir='ltr'><strong>monstrat:</strong></span> <span class='ocrx_word' id='word_1_188' title='bbox 875 3251 983 3341; x_wconf 81' lang='grc' dir='ltr'><strong>Μεφι</strong></span> <span class='ocrx_word' id='word_1_189' title='bbox 1010 3242 1157 3315; x_wconf 88' lang='lat' dir='ltr'><strong>scribunt</strong></span> <span class='ocrx_word' id='word_1_190' title='bbox 1184 3242 1353 3340; x_wconf 88' lang='lat' dir='ltr'><strong>Coptitae,</strong></span> <span class='ocrx_word' id='word_1_191' title='bbox 1388 3242 1563 3338; x_wconf 74' lang='lat' dir='ltr'><strong>hauritque</strong></span> <span class='ocrx_word' id='word_1_192' title='bbox 1597 3263 1675 3314; x_wconf 88' lang='lat' dir='ltr'><strong>essa</strong></span> <span class='ocrx_word' id='word_1_193' title='bbox 1700 3242 1836 3314; x_wconf 88' lang='lat' dir='ltr'><strong>llisram</strong></span> <span class='ocrx_word' id='word_1_194' title='bbox 1864 3246 2041 3337; x_wconf 89' lang='lat' dir='ltr'><strong>antiquam,</strong></span> 
     </span>
     <span class='ocr_line' id='line_1_24' title="bbox 671 3357 2040 3450; baseline 0 -20"><span class='ocrx_word' id='word_1_195' title='bbox 671 3368 708 3431; x_wconf 94' lang='lat' dir='ltr'><strong>ut</strong></span> <span class='ocrx_word' id='word_1_196' title='bbox 733 3357 912 3450; x_wconf 87' lang='lat' dir='ltr'><strong>Abulfeda,</strong></span> <span class='ocrx_word' id='word_1_197' title='bbox 937 3359 1117 3432; x_wconf 87' lang='lat' dir='ltr'><strong>Makrizius</strong></span> <span class='ocrx_word' id='word_1_198' title='bbox 1145 3371 1178 3433; x_wconf 90' lang='lat' dir='ltr'><strong>et</strong></span> <span class='ocrx_word' id='word_1_199' title='bbox 1205 3383 1321 3432; x_wconf 90' lang='lat' dir='ltr'><strong>omnes</strong></span> <span class='ocrx_word' id='word_1_200' title='bbox 1348 3359 1419 3432; x_wconf 89' lang='lat' dir='ltr'><strong>alii:</strong></span> <span class='ocrx_word' id='word_1_201' title='bbox 1447 3385 1467 3432; x_wconf 94' lang='lat' dir='ltr'><strong>a</strong></span> <span class='ocrx_word' id='word_1_202' title='bbox 1492 3380 1582 3432; x_wconf 92' lang='lat' dir='ltr'><strong>nova</strong></span> <span class='ocrx_word' id='word_1_203' title='bbox 1599 3359 1703 3430; x_wconf 85' lang='lat' dir='ltr'><strong>hiis&#39;ra</strong></span> <span class='ocrx_word' id='word_1_204' title='bbox 1726 3358 1825 3432; x_wconf 89' lang='lat' dir='ltr'><strong>distat</strong></span> <span class='ocrx_word' id='word_1_205' title='bbox 1850 3361 1945 3430; x_wconf 91' lang='lat' dir='ltr'><strong>unius</strong></span> <span class='ocrx_word' id='word_1_206' title='bbox 1974 3359 2040 3432; x_wconf 91' lang='lat' dir='ltr'><strong>diei</strong></span> 
     </span>
     <span class='ocr_line' id='line_1_25' title="bbox 672 3452 2040 3573; baseline 0.001 -25"><span class='ocrx_word' id='word_1_207' title='bbox 672 3478 799 3548; x_wconf 89' lang='lat' dir='ltr'><strong>itinere.</strong></span> <span class='ocrx_word' id='word_1_208' title='bbox 859 3476 979 3548; x_wconf 84' lang='lat' dir='ltr'><strong>Vissim</strong></span> <span class='ocrx_word' id='word_1_209' title='bbox 1004 3476 1147 3560; x_wconf 89' lang='lat' dir='ltr'><strong>celebris</strong></span> <span class='ocrx_word' id='word_1_210' title='bbox 1174 3476 1396 3573; x_wconf 82' lang='lat' dir='ltr'><strong>Episcopatus</strong></span> <span class='ocrx_word' id='word_1_211' title='bbox 1423 3475 1510 3572; x_wconf 91' lang='lat' dir='ltr'><strong>apud</strong></span> <span class='ocrx_word' id='word_1_212' title='bbox 1536 3474 1722 3566; x_wconf 89' lang='lat' dir='ltr'><strong>Jacobitas,</strong></span> <span class='ocrx_word' id='word_1_213' title='bbox 1749 3452 1868 3548; x_wconf 80' lang='lat' dir='ltr'><strong>mudtbs</strong></span> <span class='ocrx_word' id='word_1_214' title='bbox 1894 3475 2040 3550; x_wconf 88' lang='lat' dir='ltr'><strong>illustres</strong></span> 
     </span>
     <span class='ocr_line' id='line_1_26' title="bbox 672 3589 1797 3688; baseline -0.001 -25"><span class='ocrx_word' id='word_1_215' title='bbox 672 3591 821 3664; x_wconf 85' lang='lat' dir='ltr'><strong>doctrina</strong></span> <span class='ocrx_word' id='word_1_216' title='bbox 847 3591 1036 3688; x_wconf 85' lang='lat' dir='ltr'><strong>Episcopus</strong></span> <span class='ocrx_word' id='word_1_217' title='bbox 1064 3592 1184 3665; x_wconf 93' lang='lat' dir='ltr'><strong>habuit.</strong></span> <span class='ocrx_word' id='word_1_218' title='bbox 1245 3593 1412 3665; x_wconf 85' lang='lat' dir='ltr'><strong>Voucbcm</strong></span> <span class='ocrx_word' id='word_1_219' title='bbox 1439 3589 1594 3688; x_wconf 82' lang='lat' dir='ltr'><strong>Coptitae</strong></span> <span class='ocrx_word' id='word_1_220' title='bbox 1622 3591 1797 3688; x_wconf 87' lang='lat' dir='ltr'><strong>appellant</strong></span> 
     </span>
    </p>

    <p class='ocr_par' dir='ltr' id='par_1_9' title="bbox 672 3707 2042 4130">
     <span class='ocr_line' id='line_1_27' title="bbox 779 3707 2041 3804; baseline 0.003 -24"><span class='ocrx_word' id='word_1_221' title='bbox 779 3709 962 3800; x_wconf 81' lang='lat' dir='ltr'><strong>Cbarlttet,</strong></span> <span class='ocrx_word' id='word_1_222' title='bbox 990 3732 1076 3804; x_wconf 88' lang='lat' dir='ltr'><strong>qnae</strong></span> <span class='ocrx_word' id='word_1_223' title='bbox 1103 3708 1280 3782; x_wconf 88' lang='lat' dir='ltr'><strong>Orientahs</strong></span> <span class='ocrx_word' id='word_1_224' title='bbox 1314 3719 1366 3782; x_wconf 89' lang='lat' dir='ltr'><strong>est</strong></span> <span class='ocrx_word' id='word_1_225' title='bbox 1393 3719 1516 3781; x_wconf 90' lang='lat' dir='ltr'><strong>tractus</strong></span> <span class='ocrx_word' id='word_1_226' title='bbox 1543 3707 1628 3780; x_wconf 91' lang='lat' dir='ltr'><strong>illius</strong></span> <span class='ocrx_word' id='word_1_227' title='bbox 1660 3711 1844 3780; x_wconf 86' lang='lat' dir='ltr'><strong>maritimae</strong></span> <span class='ocrx_word' id='word_1_228' title='bbox 1877 3711 2041 3802; x_wconf 86' lang='lat' dir='ltr'><strong>regionis,</strong></span> 
     </span>
     <span class='ocr_line' id='line_1_28' title="bbox 674 3822 2042 3921; baseline 0.001 -25"><span class='ocrx_word' id='word_1_229' title='bbox 674 3827 772 3896; x_wconf 91' lang='lat' dir='ltr'><strong>etiam</strong></span> <span class='ocrx_word' id='word_1_230' title='bbox 797 3825 943 3919; x_wconf 79' lang='lat' dir='ltr'><strong>Atfipiet</strong></span> <span class='ocrx_word' id='word_1_231' title='bbox 974 3823 1091 3897; x_wconf 90' lang='lat' dir='ltr'><strong>dicitur</strong></span> <span class='ocrx_word' id='word_1_232' title='bbox 1126 3824 1168 3897; x_wconf 94' lang='lat' dir='ltr'><strong>ab</strong></span> <span class='ocrx_word' id='word_1_233' title='bbox 1203 3823 1287 3898; x_wconf 90' lang='lat' dir='ltr'><strong>urbe</strong></span> <span class='ocrx_word' id='word_1_234' title='bbox 1320 3825 1453 3920; x_wconf 64' lang='lat' dir='ltr'><strong>Ampe,</strong></span> <span class='ocrx_word' id='word_1_235' title='bbox 1487 3845 1573 3920; x_wconf 86' lang='lat' dir='ltr'><strong>quae</strong></span> <span class='ocrx_word' id='word_1_236' title='bbox 1606 3826 1705 3896; x_wconf 89' lang='lat' dir='ltr'><strong>etiam</strong></span> <span class='ocrx_word' id='word_1_237' title='bbox 1736 3822 1946 3921; x_wconf 83' lang='lat' dir='ltr'><strong>Episcopabs</strong></span> <span class='ocrx_word' id='word_1_238' title='bbox 1980 3824 2042 3897; x_wconf 86' lang='lat' dir='ltr'><strong>luit</strong></span> 
     </span>
     <span class='ocr_line' id='line_1_29' title="bbox 672 3938 2039 4038; baseline 0.001 -26"><span class='ocrx_word' id='word_1_239' title='bbox 672 3941 784 4012; x_wconf 84' lang='lat' dir='ltr'><strong>Etbeh</strong></span> <span class='ocrx_word' id='word_1_240' title='bbox 811 3963 831 4012; x_wconf 94' lang='lat' dir='ltr'><strong>a</strong></span> <span class='ocrx_word' id='word_1_241' title='bbox 858 3940 1000 4036; x_wconf 86' lang='lat' dir='ltr'><strong>Coptitis</strong></span> <span class='ocrx_word' id='word_1_242' title='bbox 1027 3940 1211 4038; x_wconf 90' lang='lat' dir='ltr'><strong>appellatur</strong></span> <span class='ocrx_word' id='word_1_243' title='bbox 1236 3963 1345 4037; x_wconf 87' lang='lat' dir='ltr'><strong>pagos</strong></span> <span class='ocrx_word' id='word_1_244' title='bbox 1363 3952 1397 4013; x_wconf 90' lang='lat' dir='ltr'><strong>et</strong></span> <span class='ocrx_word' id='word_1_245' title='bbox 1417 3945 1513 4014; x_wconf 89' lang='lat' dir='ltr'><strong>vicos</strong></span> <span class='ocrx_word' id='word_1_246' title='bbox 1538 3938 1638 4011; x_wconf 91' lang='lat' dir='ltr'><strong>habet</strong></span> <span class='ocrx_word' id='word_1_247' title='bbox 1662 3939 1746 4012; x_wconf 90' lang='lat' dir='ltr'><strong>hacc</strong></span> <span class='ocrx_word' id='word_1_248' title='bbox 1760 3944 1856 4033; x_wconf 87' lang='lat' dir='ltr'><strong>regio</strong></span> <span class='ocrx_word' id='word_1_249' title='bbox 1883 3949 2039 4035; x_wconf 91' lang='lat' dir='ltr'><strong>septem-</strong></span> 
     </span>
     <span class='ocr_line' id='line_1_30' title="bbox 675 4057 791 4130; baseline -0.017 -2"><span class='ocrx_word' id='word_1_250' title='bbox 675 4057 791 4130; x_wconf 88' lang='lat' dir='ltr'><strong>decim.</strong></span> 
     </span>
    </p>

    <p class='ocr_par' dir='ltr' id='par_1_10' title="bbox 673 4173 2040 4734">
     <span class='ocr_line' id='line_1_31' title="bbox 703 4173 2040 4269; baseline 0.001 -27"><span class='ocrx_word' id='word_1_251' title='bbox 703 4234 706 4242; x_wconf 91' lang='lat'>.</span> <span class='ocrx_word' id='word_1_252' title='bbox 778 4173 915 4266; x_wconf 75' lang='lat' dir='ltr'><strong>Abnas,</strong></span> <span class='ocrx_word' id='word_1_253' title='bbox 951 4182 1026 4246; x_wconf 91' lang='lat' dir='ltr'><strong>octo</strong></span> <span class='ocrx_word' id='word_1_254' title='bbox 1062 4181 1185 4246; x_wconf 73' lang='lat' dir='ltr'><strong>tantm</strong></span> <span class='ocrx_word' id='word_1_255' title='bbox 1218 4196 1326 4269; x_wconf 91' lang='lat' dir='ltr'><strong>pagos</strong></span> <span class='ocrx_word' id='word_1_256' title='bbox 1352 4173 1465 4264; x_wconf 90' lang='lat' dir='ltr'><strong>hahet,</strong></span> <span class='ocrx_word' id='word_1_257' title='bbox 1491 4173 1612 4245; x_wconf 76' lang='lat' dir='ltr'><strong>Honos</strong></span> <span class='ocrx_word' id='word_1_258' title='bbox 1643 4182 1768 4246; x_wconf 88' lang='lat' dir='ltr'><strong>vocant</strong></span> <span class='ocrx_word' id='word_1_259' title='bbox 1802 4174 1978 4269; x_wconf 78' lang='lat' dir='ltr'><strong>Aegyptii:</strong></span> <span class='ocrx_word' id='word_1_260' title='bbox 2006 4183 2040 4244; x_wconf 90' lang='lat' dir='ltr'><strong>et</strong></span> 
     </span>
     <span class='ocr_line' id='line_1_32' title="bbox 674 4287 2038 4385; baseline -0.003 -21"><span class='ocrx_word' id='word_1_261' title='bbox 674 4289 735 4364; x_wconf 89' lang='lat' dir='ltr'><strong>sub</strong></span> <span class='ocrx_word' id='word_1_262' title='bbox 767 4292 909 4382; x_wconf 89' lang='lat' dir='ltr'><strong>regione</strong></span> <span class='ocrx_word' id='word_1_263' title='bbox 934 4288 1073 4382; x_wconf 85' lang='lat' dir='ltr'><strong>Atfigiet</strong></span> <span class='ocrx_word' id='word_1_264' title='bbox 1100 4289 1402 4385; x_wconf 86' lang='lat' dir='ltr'><strong>comprehenditur:</strong></span> <span class='ocrx_word' id='word_1_265' title='bbox 1440 4292 1504 4362; x_wconf 90' lang='lat' dir='ltr'><strong>etsi</strong></span> <span class='ocrx_word' id='word_1_266' title='bbox 1536 4288 1601 4361; x_wconf 91' lang='lat' dir='ltr'><strong>duo</strong></span> <span class='ocrx_word' id='word_1_267' title='bbox 1636 4287 1785 4380; x_wconf 88' lang='lat' dir='ltr'><strong>ejusdem</strong></span> <span class='ocrx_word' id='word_1_268' title='bbox 1811 4291 1952 4360; x_wconf 90' lang='lat' dir='ltr'><strong>nominis</strong></span> <span class='ocrx_word' id='word_1_269' title='bbox 1979 4292 2038 4360; x_wconf 86' lang='lat' dir='ltr'><strong>vi-</strong></span> 
     </span>
     <span class='ocr_line' id='line_1_33' title="bbox 674 4402 2039 4502; baseline -0.001 -23"><span class='ocrx_word' id='word_1_270' title='bbox 674 4406 792 4479; x_wconf 92' lang='lat' dir='ltr'><strong>dentur</strong></span> <span class='ocrx_word' id='word_1_271' title='bbox 815 4405 883 4478; x_wconf 89' lang='lat' dir='ltr'><strong>loci</strong></span> <span class='ocrx_word' id='word_1_272' title='bbox 909 4405 1024 4479; x_wconf 79' lang='lat' dir='ltr'><strong>fuisse:</strong></span> <span class='ocrx_word' id='word_1_273' title='bbox 1052 4428 1191 4502; x_wconf 83' lang='lat' dir='ltr'><strong>quorum</strong></span> <span class='ocrx_word' id='word_1_274' title='bbox 1217 4427 1301 4478; x_wconf 90' lang='lat' dir='ltr'><strong>unus</strong></span> <span class='ocrx_word' id='word_1_275' title='bbox 1329 4429 1403 4478; x_wconf 91' lang='lat' dir='ltr'><strong>cum</strong></span> <span class='ocrx_word' id='word_1_276' title='bbox 1430 4405 1554 4500; x_wconf 90' lang='lat' dir='ltr'><strong>aliquot</strong></span> <span class='ocrx_word' id='word_1_277' title='bbox 1581 4427 1627 4477; x_wconf 85' lang='lat' dir='ltr'><strong>cx</strong></span> <span class='ocrx_word' id='word_1_278' title='bbox 1644 4402 1913 4496; x_wconf 92' lang='lat' dir='ltr'><strong>eademregione</strong></span> <span class='ocrx_word' id='word_1_279' title='bbox 1927 4408 2039 4500; x_wconf 90' lang='lat' dir='ltr'><strong>pagis,</strong></span> 
     </span>
     <span class='ocr_line' id='line_1_34' title="bbox 674 4519 2038 4618; baseline -0.002 -22"><span class='ocrx_word' id='word_1_280' title='bbox 674 4521 716 4596; x_wconf 90' lang='lat' dir='ltr'><strong>ad</strong></span> <span class='ocrx_word' id='word_1_281' title='bbox 742 4526 858 4617; x_wconf 80' lang='lat' dir='ltr'><strong>Atfipe</strong></span> <span class='ocrx_word' id='word_1_282' title='bbox 884 4524 1049 4594; x_wconf 88' lang='lat' dir='ltr'><strong>civitatem</strong></span> <span class='ocrx_word' id='word_1_283' title='bbox 1076 4521 1270 4612; x_wconf 82' lang='lat' dir='ltr'><strong>referretur,</strong></span> <span class='ocrx_word' id='word_1_284' title='bbox 1306 4521 1388 4595; x_wconf 90' lang='lat' dir='ltr'><strong>alter</strong></span> <span class='ocrx_word' id='word_1_285' title='bbox 1421 4530 1521 4618; x_wconf 89' lang='lat' dir='ltr'><strong>caput</strong></span> <span class='ocrx_word' id='word_1_286' title='bbox 1554 4524 1703 4614; x_wconf 87' lang='lat' dir='ltr'><strong>regionis</strong></span> <span class='ocrx_word' id='word_1_287' title='bbox 1737 4520 1835 4592; x_wconf 85' lang='lat' dir='ltr'><strong>foret</strong></span> <span class='ocrx_word' id='word_1_288' title='bbox 1885 4519 2038 4616; x_wconf 84' lang='lat' dir='ltr'><strong>Namque</strong></span> 
     </span>
     <span class='ocr_line' id='line_1_35' title="bbox 673 4637 2038 4734; baseline -0.006 -18"><span class='ocrx_word' id='word_1_289' title='bbox 673 4643 783 4716; x_wconf 87' lang='lat' dir='ltr'><strong>statim</strong></span> <span class='ocrx_word' id='word_1_290' title='bbox 810 4649 907 4712; x_wconf 91' lang='lat' dir='ltr'><strong>autor</strong></span> <span class='ocrx_word' id='word_1_291' title='bbox 932 4637 1039 4710; x_wconf 89' lang='lat' dir='ltr'><strong>eidem</strong></span> <span class='ocrx_word' id='word_1_292' title='bbox 1066 4642 1184 4711; x_wconf 92' lang='lat' dir='ltr'><strong>tractui</strong></span> <span class='ocrx_word' id='word_1_293' title='bbox 1209 4637 1324 4713; x_wconf 93' lang='lat' dir='ltr'><strong>Abnas</strong></span> <span class='ocrx_word' id='word_1_294' title='bbox 1352 4641 1532 4731; x_wconf 85' lang='lat' dir='ltr'><strong>nonaginta</strong></span> <span class='ocrx_word' id='word_1_295' title='bbox 1559 4639 1702 4734; x_wconf 83' lang='lat' dir='ltr'><strong>quinque</strong></span> <span class='ocrx_word' id='word_1_296' title='bbox 1726 4657 1856 4734; x_wconf 90' lang='lat' dir='ltr'><strong>pagos,</strong></span> <span class='ocrx_word' id='word_1_297' title='bbox 1884 4645 1940 4708; x_wconf 92' lang='lat' dir='ltr'><strong>aut</strong></span> <span class='ocrx_word' id='word_1_298' title='bbox 1969 4640 2038 4709; x_wconf 95' lang='lat' dir='ltr'><strong>mi-</strong></span> 
     </span>
    </p>

    <p class='ocr_par' dir='ltr' id='par_1_11' title="bbox 673 4753 1200 4829">
     <span class='ocr_line' id='line_1_36' title="bbox 673 4753 1200 4829; baseline 0 -1"><span class='ocrx_word' id='word_1_299' title='bbox 673 4779 774 4829; x_wconf 89' lang='lat' dir='ltr'><strong>nores</strong></span> <span class='ocrx_word' id='word_1_300' title='bbox 799 4755 1020 4828; x_wconf 88' lang='lat' dir='ltr'><strong>habitationes</strong></span> <span class='ocrx_word' id='word_1_301' title='bbox 1046 4753 1200 4828; x_wconf 86' lang='lat' dir='ltr'><strong>attribuit.</strong></span> 
     </span>
    </p>

    <p class='ocr_par' dir='ltr' id='par_1_12' title="bbox 585 4865 2038 5200">
     <span class='ocr_line' id='line_1_37' title="bbox 585 4865 2038 4967; baseline 0 -24"><span class='ocrx_word' id='word_1_302' title='bbox 585 4865 590 4878; x_wconf 83' lang='grc'><strong><em>’</em></strong></span> <span class='ocrx_word' id='word_1_303' title='bbox 777 4872 928 4962; x_wconf 76' lang='lat' dir='ltr'><strong>Bebasa,</strong></span> <span class='ocrx_word' id='word_1_304' title='bbox 955 4879 1083 4943; x_wconf 89' lang='lat' dir='ltr'><strong>centnm</strong></span> <span class='ocrx_word' id='word_1_305' title='bbox 1110 4881 1144 4943; x_wconf 90' lang='lat' dir='ltr'><strong>et</strong></span> <span class='ocrx_word' id='word_1_306' title='bbox 1169 4874 1288 4964; x_wconf 89' lang='lat' dir='ltr'><strong>viginti</strong></span> <span class='ocrx_word' id='word_1_307' title='bbox 1313 4893 1422 4967; x_wconf 87' lang='lat' dir='ltr'><strong>pagos</strong></span> <span class='ocrx_word' id='word_1_308' title='bbox 1455 4873 1621 4944; x_wconf 88' lang='lat' dir='ltr'><strong>continet:</strong></span> <span class='ocrx_word' id='word_1_309' title='bbox 1655 4867 1745 4940; x_wconf 91' lang='lat' dir='ltr'><strong>Urbs</strong></span> <span class='ocrx_word' id='word_1_310' title='bbox 1776 4870 1858 4940; x_wconf 91' lang='lat' dir='ltr'><strong>satis</strong></span> <span class='ocrx_word' id='word_1_311' title='bbox 1893 4868 2038 4944; x_wconf 90' lang='lat' dir='ltr'><strong>celebris</strong></span> 
     </span>
     <span class='ocr_line' id='line_1_38' title="bbox 673 4983 2038 5080; baseline -0.003 -18"><span class='ocrx_word' id='word_1_312' title='bbox 673 4991 707 5062; x_wconf 93' lang='lat' dir='ltr'><strong>in</strong></span> <span class='ocrx_word' id='word_1_313' title='bbox 733 4985 920 5079; x_wconf 82' lang='lat' dir='ltr'><strong>Thebaide,</strong></span> <span class='ocrx_word' id='word_1_314' title='bbox 947 4991 1040 5079; x_wconf 89' lang='lat' dir='ltr'><strong>cujus</strong></span> <span class='ocrx_word' id='word_1_315' title='bbox 1067 4990 1265 5060; x_wconf 89' lang='lat' dir='ltr'><strong>territorium</strong></span> <span class='ocrx_word' id='word_1_316' title='bbox 1300 4989 1491 5080; x_wconf 90' lang='lat' dir='ltr'><strong>contiguum</strong></span> <span class='ocrx_word' id='word_1_317' title='bbox 1526 4997 1577 5060; x_wconf 88' lang='lat' dir='ltr'><strong>est</strong></span> <span class='ocrx_word' id='word_1_318' title='bbox 1603 4983 1750 5078; x_wconf 85' lang='lat' dir='ltr'><strong>Stagna,</strong></span> <span class='ocrx_word' id='word_1_319' title='bbox 1784 4995 1840 5056; x_wconf 90' lang='lat' dir='ltr'><strong>ant</strong></span> <span class='ocrx_word' id='word_1_320' title='bbox 1872 4984 2038 5079; x_wconf 86' lang='lat' dir='ltr'><strong>Piscinae,</strong></span> 
     </span>
     <span class='ocr_line' id='line_1_39' title="bbox 673 5099 2038 5200; baseline -0.001 -24"><span class='ocrx_word' id='word_1_321' title='bbox 673 5114 711 5177; x_wconf 90' lang='lat' dir='ltr'><strong>ut</strong></span> <span class='ocrx_word' id='word_1_322' title='bbox 735 5115 870 5196; x_wconf 89' lang='lat' dir='ltr'><strong>vocant,</strong></span> <span class='ocrx_word' id='word_1_323' title='bbox 896 5103 1075 5178; x_wconf 85' lang='lat' dir='ltr'><strong>Fiumensi.</strong></span> <span class='ocrx_word' id='word_1_324' title='bbox 1101 5102 1173 5175; x_wconf 89' lang='lat' dir='ltr'><strong>Sita</strong></span> <span class='ocrx_word' id='word_1_325' title='bbox 1200 5114 1252 5178; x_wconf 90' lang='lat' dir='ltr'><strong>est</strong></span> <span class='ocrx_word' id='word_1_326' title='bbox 1278 5103 1320 5193; x_wconf 84' lang='lat' dir='ltr'><strong>ad</strong></span> <span class='ocrx_word' id='word_1_327' title='bbox 1345 5107 1449 5200; x_wconf 87' lang='lat' dir='ltr'><strong>ripam</strong></span> <span class='ocrx_word' id='word_1_328' title='bbox 1478 5101 1725 5176; x_wconf 90' lang='lat' dir='ltr'><strong>Occidentalem</strong></span> <span class='ocrx_word' id='word_1_329' title='bbox 1748 5099 1829 5174; x_wconf 92' lang='lat' dir='ltr'><strong>Nili:</strong></span> <span class='ocrx_word' id='word_1_330' title='bbox 1857 5101 2038 5176; x_wconf 89' lang='lat' dir='ltr'><strong>secundum</strong></span> 
     </span>
    </p>
   </div>
   <div class='ocr_carea' id='block_1_7' title="bbox 0 0 2348 6053">
    <p class='ocr_par' dir='ltr' id='par_1_13' title="bbox 0 0 2348 6053">
     <span class='ocr_line' id='line_1_40' title="bbox 0 0 2348 6053; baseline 0 0"><span class='ocrx_word' id='word_1_331' title='bbox 0 0 2348 6053; x_wconf 95' lang='lat' dir='ltr'><strong> </strong></span> 
     </span>
    </p>
   </div>
  </div>
 </body>
</html>
