4670 6046
542 621 595 698 ΑΙ)
614 617 913 750 lillllllDlGTIOllllS
933 618 1114 698 tslsouttlt
1131 619 1344 697 SACRORUM.
1558 620 1634 696 305

258 823 338 870 aoso
359 806 462 869 omnia
484 801 588 867 dioino
611 805 705 866 cnrltm'
724 805 923 885 mancipasti,
945 805 1131 868 deruentium
1152 813 1235 867 mam
1255 804 1406 884 supplices
1427 791 1637 885 deprecamur,

258 911 293 967 nt
312 905 370 968 boc
391 923 450 967 aas
471 909 573 984 optrorr
595 902 724 965 mmtm
745 903 822 978 nna,
844 903 1022 985 clipeumque
1045 903 1193 965 altaribus
1213 902 1339 978 reddas,
1361 909 1395 964 at
1416 903 1637 983 soncdsscatnm

259 1005 291 1066 in
311 1005 526 1077 nominetur,
550 1002 689 1080 corporis
711 1003 756 1063 tui
773 1004 938 1080 pretionrrn
957 1002 1106 1081 sacuam
1128 1003 1293 1081 deputetur.
1333 1001 1372 1064 Et
1393 1003 1424 1064 iu
1446 1001 1514 1066 alia.
1555 1001 1638 1064 Ore-
1667 1013 1747 1065 ltorm
1763 1011 1829 1064 den
1842 1030 1869 1083 p.
1882 1010 1945 1068 199.

259 1121 342 1178 mus,
362 1101 481 1180 [robes
503 1099 673 1174 carissimi,
700 1107 733 1160 ut
753 1097 837 1160 berra
864 1101 1065 1179 amnipotens,
1095 1100 1153 1162 lroc
1180 1101 1379 1162 ministeriam
1408 1101 1548 1180 corporis
1568 1099 1641 1160 Filii

259 1203 309 1263 ani
329 1199 454 1262 Domini
473 1201 572 1261 nostri
591 1197 667 1258 Jesa
689 1194 805 1259 Obristi
822 1198 974 1277 peratum,
1004 1197 1238 1274 benedictionis,
1271 1199 1523 1278 sonctifimtionr's
1552 1205 1637 1260 urto-

259 1301 349 1376 mine‚
372 1297 557 1377 defensionis
579 1296 743 1357 donodone
764 1296 886 1374 impiere
908 1297 1059 1376 dipnetar,
1085 1296 1244 1358 manabat
1268 1296 1364 1359 nobis.
1390 1295 1463 1360 lllae
1481 1296 1636 1360 orationes
1667 1301 1946 1375 loerrancrpdto.

260 1397 455 1479 reperiuntur
476 1395 592 1476 pariter
614 1395 643 1456 iu
666 1392 780 1456 llissali
803 1395 986 1457 Francorum
1009 1401 1041 1457 et
1062 1394 1128 1457 aliis
1152 1394 1375 1460 vetustissimis.

346 1496 381 1559 lu
403 1494 511 1558 ilituali
537 1492 589 1555 illo
612 1491 705 1570 libro,
734 1511 823 1573 quern
846 1493 1018 1576 Symmictis
1039 1494 1103 1555 suis
1126 1493 1254 1558 inseruit
1284 1494 1380 1558 aliena
1403 1493 1478 1572 lide,
1508 1494 1556 1556 vir
1578 1491 1638 1557 do-

262 1595 412 1660 ctissimus
435 1594 500 1656 Leo
521 1590 665 1669 Allatius,
688 1587 769 1654 nulla
792 1592 925 1655 occurrit
948 1591 1078 1654 Paterae
1100 1610 1207 1656 sacrae
1238 1592 1429 1669 benedictio,
1459 1590 1542 1674 quod
1563 1592 1637 1654 satis

261 1695 368 1756 mirum
390 1691 527 1755 videtur:
550 1691 606 1754 scd
629 1689 707 1752 illius
730 1688 800 1752 loco
823 1689 881 1752 alia
903 1688 996 1770 plane
1018 1688 1151 1766 diversa,
1174 1709 1263 1770 quarn
1285 1693 1436 1774 integram
1457 1689 1637 1768 referemus,

263 1811 331 1856 cum
353 1791 430 1854 liber
459 1807 520 1852 nou
549 1789 588 1852 sit
618 1789 648 1850 in
679 1790 808 1852 omnium
836 1787 990 1867 manibus,
1022 1795 1084 1850 lum
1111 1796 1143 1850 ιιι
1172 1788 1304 1854 lectores
1335 1789 1414 1854 illius
1446 1809 1513 1854 cum
1542 1789 1638 1853 altera

264 1899 351 1972 quam
376 1888 551 1952 exhibemus
575 1886 796 1969 comparandae
819 1885 939 1950 fastidio
962 1885 1109 1948 levemus.
1234 1961 1236 1969 γ

390 2149 511 2222 Oratio
539 2147 787 2228 benedictionis
812 2150 926 2236 costis,
954 2153 989 2218 et
1015 2147 1151 2240 quando
1177 2146 1239 2218 illa
1263 2146 1423 2218 lacerata
1449 2153 1509 2218 est.

350 2364 448 2444 Dicit
475 2373 654 2454 Episcopus.
705 2370 887 2435 OsDomine
913 2371 997 2436 Dens
1025 2378 1148 2434 mentor
1174 2370 1251 2433 bone
1272 2373 1324 2452 qai
1349 2372 1503 2434 ordinasti
1527 2379 1640 2435 aesmm

264 2469 437 2542 sanctuarii
458 2485 488 2538 et
508 2475 773 2554 sanctificationis,
795 2483 908 2537 restem
930 2475 1017 2538 bonis
1038 2473 1200 2552 refertam,
1228 2493 1317 2556 qoam
1330 2476 1545 2555 ⁴praeparavit
1564 2477 1640 2538 dili-

261 2576 400 2658 pentibns
419 2593 527 2637 nomen
550 2591 659 2648 mam,
689 2573 932 2636 accumbentibus
962 2575 994 2636 in
1020 2589 1116 2634 coena
1144 2571 1224 2633 mille
1244 2591 1407 2650 annornm,
1436 2575 1592 2655 quoniam,
1620 2593 1640 2635 o

262 2673 406 2750 bomine,
434 2681 466 2736 ta
487 2678 609 2734 amator
630 2671 781 2734 bominum
793 2690 856 2748 es,
887 2673 1014 2734 enterrde
1035 2689 1156 2734 monum
1178 2678 1260 2733 nram
1282 2673 1423 2735 dostram
1445 2691 1539 2753 snpra
1560 2673 1641 2736 banc

263 2781 377 2836 vestem
398 2772 586 2834 berredictam
608 2790 648 2832 ea
669 2771 779 2834 rubore
801 2773 940 2851 corporis
962 2772 1006 2833 tai
1026 2772 1145 2832 sancti:
1166 2770 1242 2832 llaec
1265 2779 1311 2833 est
1331 2790 1409 2853 qnae
1428 2770 1643 2850 ordinatafait

263 2873 296 2935 in
318 2872 446 2951 templo,
475 2877 621 2952 quaeest
654 2869 794 2932 Ecclesia
815 2878 934 2934 sancta.
968 2869 1051 2932 llaec
1072 2870 1284 2949 interpretatio
1307 2871 1373 2934 siva
1395 2868 1549 2950 llirclreri,
1573 2871 1639 2932 sive

265 2972 480 3052 cujuscunque
503 2969 645 3048 alterius,
667 2975 727 3032 lam
750 2969 880 3032 absurda
903 2977 934 3031 et
956 2971 1059 3048 inepta
1082 2975 1152 3047 est,
1175 2975 1208 3031 ut
1229 2970 1332 3032 mirari
1354 2971 1428 3034 satis
1451 2987 1540 3034 nemo
1562 2986 1641 3050 pos-

266 3071 320 3148 sit,
344 3077 426 3133 tanta
448 3067 629 3131 confidentia
653 3085 831 3148 quemquam
854 3067 971 3146 luisse,
1000 3075 1033 3129 ιιι
1064 3086 1130 3130 eam
1159 3067 1337 3148 publicaret.
1383 3068 1497 3132 Tamen
1526 3086 1543 3130 a
1572 3069 1640 3132 viro

266 3169 451 3246 doctissimo,
474 3166 530 3230 sed
550 3167 602 3248 qui
623 3165 733 3229 nullam
756 3168 786 3229 iu
803 3167 861 3230 illis
874 3165 1077 3230 Orientalibus
1096 3167 1202 3230 studiis
1225 3184 1350 3247 opernm
1365 3176 1510 3249 posuerat
1522 3167 1642 3231 loauuo

265 3266 401 3346 Morino,
425 3266 581 3348 adjunctus
606 3273 653 3328 est
674 3265 801 3329 ilitunlis
823 3264 873 3327 ille
896 3266 983 3346 operi
1006 3265 1115 3326 eximio
1138 3264 1177 3326 dc
1199 3266 1297 3328 sacris
1320 3265 1584 3344 Ordinationilrus,
1607 3273 1641 3329 ut

267 3366 386 3429 scilicet
408 3382 469 3447 quo
492 3365 551 3427 ritu
575 3363 723 3444 quibusve
742 3363 882 3445 precibus
906 3363 985 3443 apud
1008 3363 1145 3444 Coptitas
1168 3363 1238 3428 illae
1265 3365 1511 3445 celebrarentur,
1537 3363 1641 3428 disce-

266 3463 517 3544 rent-Theologi.
547 3463 672 3526 Frustra
695 3479 779 3540 saue,
803 3479 869 3524 curn
892 3461 1004 3524 infinita
1026 3462 1057 3523 iu
1080 3463 1222 3524 versione
1246 3462 1296 3525 illa
1319 3471 1446 3544 peccata
1468 3465 1538 3541 siut,
1562 3482 1640 3544 quae

267 3581 438 3648 agnoscere
461 3562 520 3625 nisi
543 3579 611 3624 cum
634 3559 833 3644 originalibus
854 3559 967 3642 linguis
997 3567 1189 3640 comparata,
1218 3579 1307 3624 nemo
1336 3564 1449 3643 possit,
1479 3563 1639 3644 multisque

268 3664 306 3726 dc
330 3661 488 3742 disciplina
511 3661 694 3741 conjecturis
717 3659 863 3722 lectorem
886 3659 1008 3734 imbuat,
1031 3673 1109 3739 quan
1131 3668 1201 3722 sunt
1219 3661 1324 3724 inanes
1343 3669 1374 3724 et
1392 3661 1496 3726 falsae.
1526 3661 1640 3724 Verum

266 3765 298 3827 in
320 3763 377 3825 ista
398 3761 465 3823 veri
486 3758 571 3839 nihil,
593 3759 690 3822 omnia
713 3758 791 3822 ficta.

355 3860 505 3942 imperitia
528 3875 603 3921 saue
625 3867 655 3920 et
676 3865 782 3939 stupor
804 3858 991 3936 interpretis,
1014 3858 1096 3921 circa
1118 3856 1250 3940 linguam
1273 3877 1315 3922 cx
1337 3876 1395 3939 qua
1417 3859 1497 3922 illam
1519 3861 1639 3923 oratio-

268 3978 337 4024 nem
358 3957 527 4034 traustulit,
550 3956 616 4020 talis
640 3967 703 4036 est,
725 3965 758 4020 ut
780 3956 948 4037 exemplum
972 3957 1024 4020 vin
1046 3955 1165 4019 lrabeat
1209 3957 1280 4019 Vox
1308 3974 1397 4039 quam
1425 3959 1640 4040 interpretatus

268 4065 315 4120 est
335 4065 466 4131 restem,
489 4063 569 4124 it'ttt
591 4056 724 4135 scilicet,
746 4065 805 4120 lam
828 4062 899 4118 uota
922 4063 968 4119 est
991 4056 1019 4118 in
1041 4053 1279 4120 Christianorum
1291 4056 1423 4120 Arabico
1445 4057 1641 4121 scribentium
1712 4077 1718 4084 ·

267 4156 356 4235 stilo,
379 4163 411 4218 ut
433 4155 514 4218 nulla
536 4156 645 4238 magis:
677 4163 707 4217 al
735 4156 764 4216 in
792 4152 970 4236 vulgaribus
999 4155 1120 4218 Leuicis
1148 4173 1209 4222 nun
1239 4139 1338 4231 extat;
1366 4155 1456 4238 idque
1479 4174 1639 4221 commuue

267 4255 359 4319 habet
381 4273 449 4318 eum
471 4255 536 4318 aliis
558 4255 646 4336 hujus
669 4255 792 4335 generis
814 4271 912 4335 propo
935 4255 1084 4317 omnibus.
1108 4255 1228 4335 Quippe
1253 4256 1303 4334 qui
1323 4253 1446 4318 Lexicis
1468 4265 1640 4321 conterren-
1667 4273 1671 4281 ’

268 4355 314 4418 dis
337 4371 462 4436 operam
485 4353 650 4434 dederuut,
673 4351 964 4433 laudandamplane
986 4353 1160 4432 mutilem,
1184 4353 1331 4436 Giggeius
1351 4363 1382 4416 et
1404 4351 1526 4435 Golius,
1555 4354 1640 4417 Ara-

267 4454 323 4517 hes
345 4452 593 4536 Lexicographos
615 4455 727 4528 secuti,
758 4451 947 4516 Christianos
969 4453 1137 4534 scriptores
1161 4453 1275 4535 legisse
1298 4454 1350 4515 vix
1379 4452 1533 4517 videntur:
1564 4468 1638 4514 sanc

267 4556 393 4618 usitatas
415 4552 474 4615 illis
495 4569 589 4614 voces
611 4554 795 4628 omiserunt,
827 4569 901 4632 quas
932 4559 1033 4617 tamen
1054 4555 1192 4635 reperire
1215 4552 1343 4634 quisque
1367 4553 1449 4615 malit
1471 4553 1640 4634 expositas,

269 4671 357 4734 quam
380 4649 507 4714 infinitas
532 4651 605 4714 alias
628 4649 667 4714 de
690 4648 830 4729 camelis,
854 4651 1007 4731 tentoriis,
1031 4653 1171 4728 acinace,
1194 4653 1274 4715 lacte
1297 4658 1348 4714 aut
1370 4651 1436 4714 aliis
1459 4651 1590 4734 frivolis,
1608 4650 1640 4713 iu

269 4751 376 4832 quibus
399 4749 578 4832 colligendis
602 4749 820 4834 diligentissimi
843 4748 973 4815 luerunt.
1020 4754 1130 4815 Verum
1156 4753 1207 4817 illa
1229 4771 1291 4814 vox
1314 4759 1383 4813 ante
1406 4751 1520 4832 aliquot
1543 4767 1639 4814 anuos

269 4849 419 4932 explicata
441 4847 542 4912 luerat
567 4851 598 4912 iu
620 4849 742 4930 Linpno
763 4847 950 4931 Aeppptiaco
977 4853 1138 4930 restituta,
1165 4851 1217 4914 ubi
1243 4850 1273 4912 iu
1301 4849 1552 4930 Nomenclatore,
1583 4870 1640 4914 re·

270 4949 398 5030 spondet
420 4949 489 5012 voci
512 4947 648 5012 Graecae
670 4943 802 5027 Δι’σκος,
824 4967 912 5030 quam
926 4946 1065 5030 Coptitae
1087 4967 1172 5012 suam
1193 4949 1342 5014 lecerunt.
1365 4948 1450 5013 Uude
1466 4949 1640 5026 llircherus,

270 5047 327 5110 sub
348 5049 434 5130 cujus
456 5050 576 5111 nornine
599 5048 677 5110 istud
700 5065 778 5129 opus
800 5047 970 5130 prodierat,
999 5066 1059 5111 uon
1087 5048 1208 5115 videtur
1228 5048 1328 5111 Autor
1357 5051 1509 5114 versionis
1531 5048 1638 5112 ilitua-
