4778 6034
541 591 590 668 ΒΕ
612 588 870 667 LlTUliGlellll
886 589 1140 666 outttltttiu
1159 585 1309 664 ottttrtt
1327 587 1375 663 ET
1394 584 1642 664 autoritatis.
1680 582 1780 656 XXV

412 799 528 854 ornnes
556 780 752 850 sententiam
777 779 822 849 ite
849 779 1058 871 conspirant,
1090 785 1126 850 ut
1150 777 1184 847 in
1211 773 1292 848 solis
1319 771 1434 846 verbis
1461 773 1638 846 discrimen
1664 795 1779 866 agno-

412 894 550 974 scatur?
576 894 707 989 Nempe
732 895 807 988 quia
835 904 869 965 et
894 893 967 978 illa,
999 901 1033 964 et
1064 891 1150 964 aliae
1177 913 1259 986 quas
1285 899 1382 963 vetus
1410 888 1563 962 Ecclesia
1595 893 1781 985 usurpavit,

410 1008 521 1084 factae
547 1021 643 1083 erant
668 1008 711 1080 ad
737 1010 918 1104 prinoipem
946 1006 1033 1104 illam
1061 1029 1231 1080 sacrorum
1258 1007 1381 1098 legem,
1408 1009 1443 1078 in
1460 1029 1524 1101 qua
1547 1025 1664 1078 omnes
1677 1005 1780 1080 Chri-

411 1129 508 1202 stiani
534 1125 764 1223 Apostolicum
792 1122 965 1219 exemplar
992 1124 1233 1216 agnoscebant,
1260 1125 1426 1195 communi
1452 1121 1628 1194 traditione
1652 1122 1780 1195 confir-

409 1253 541 1316 matum.
601 1240 683 1314 Illud
715 1261 802 1312 vero
834 1261 902 1311 non
936 1239 1023 1312 aliud
1055 1247 1108 1312 est
1140 1261 1237 1334 quam
1270 1237 1360 1334 qnod
1391 1259 1493 1334 supra
1529 1237 1780 1326 delineavimus,

408 1357 561 1453 idemque
589 1381 663 1430 cum
696 1355 783 1452 apud
815 1379 932 1429 ornnes
965 1379 1066 1428 arnum
1097 1358 1304 1442 inveniatur,
1336 1376 1404 1427 non
1437 1361 1489 1426 est
1521 1362 1684 1444 erratum,
1720 1352 1781 1426 sed

408 1473 574 1548 tradituro.
1386 1455 1391 1464 ’

513 1587 632 1684 Neque
659 1609 742 1661 sane
775 1587 871 1661 aliter
906 1588 949 1660 de
982 1610 1025 1660 eo
1053 1586 1288 1680 judicaverunt
1317 1595 1455 1659 veteres
1483 1585 1662 1659 Christiani
1687 1584 1780 1680 Syri,
1813 1582 2103 1682 ,spumantibu-

408 1727 483 1779 eum
510 1705 630 1777 Jacobi
656 1702 840 1797 Litargiam
873 1727 934 1778 sua
969 1703 1082 1796 lingua
1115 1702 1368 1792 transtulerunt,
1400 1705 1475 1774 sive
1506 1700 1669 1798 formulae
1701 1669 1810 1775 illaed

410 1843 581 1895 sacrorum
608 1820 741 1893 Graece
766 1824 886 1917 primo,
914 1824 989 1894 sive
1014 1821 1127 1914 lingua
1154 1818 1477 1914 Hierosolymitana,
1511 1839 1597 1913 quae
1624 1840 1778 1910 magnam
1903 1817 1906 1825 '

410 1937 597 2011 affinitatem
622 1935 734 2028 babet,
761 1940 905 2033 scriptae
930 1936 1060 2009 luerint.
1087 1935 1223 2008 Factum
1251 1935 1284 2006 id
1310 1934 1415 2008 baisse
1442 1944 1518 2007 ante
1544 1925 1687 2008 schisma
1713 1935 1781 2006 Ja-

410 2053 607 2142 cobitarum,
632 2052 697 2125 hoc
723 2062 776 2125 est
802 2062 879 2124 ante
907 2051 1092 2126 Concilium
1119 2050 1404 2140 calchedonense,
1437 2051 1495 2124 vel
1520 2072 1563 2123 eo
1591 2049 1666 2123 solo
1691 2072 1780 2145 pro-

409 2167 523 2255 batur,
559 2168 649 2264 quod
681 2166 867 2242 0rtbodoxi
901 2167 1001 2264 Syri,
1033 2190 1101 2241 non
1136 2171 1244 2241 minus
1277 2190 1375 2263 quam
1401 2166 1594 2256 Jacobitae,
1628 2166 1780 2240 eamdem

409 2265 530 2358 Jacobi
563 2285 747 2378 liturgiam
778 2309 846 2359 non
882 2297 1019 2359 servant
1050 2285 1148 2359 modo
1181 2289 1266 2358 inter
1297 2287 1503 2358 recentiores
1536 2286 1655 2358 multas
1685 2282 1780 2372 alias,

411 2400 473 2472 sed
500 2423 576 2472 eam
604 2410 638 2473 ut
664 2404 879 2498 praecipuam
907 2413 1099 2498 sequuntur,
1124 2399 1228 2473 voluti
1256 2400 1428 2475 Cononem
1453 2400 1659 2494 generalem,
1686 2402 1780 2472 utin

305 2499 308 2506 ¹
410 2516 624 2590 Praelatione
650 2516 692 2590 ad
719 2515 884 2613 Syrorum
909 2517 1078 2612 Litargias
1105 2517 1212 2590 insius
1239 2525 1435 2613 exponetur.

516 2631 681 2719 Quaado
714 2631 822 2706 Marci
856 2633 1005 2727 Litargia
1037 2633 1179 2706 Rivetus
1213 2635 1364 2729 scripsit,
1396 2632 1496 2730 plena
1527 2643 1601 2706 sunt
1633 2655 1781 2706 summae
1827 2636 1867 2691 ⁰0
1889 2639 1968 2695 uarat
1989 2639 2103 2708 assurgo
2166 2681 2171 2692 ι

410 2744 587 2819 fnbbtatis:
622 2771 697 2821 cum
730 2771 798 2821 non
831 2752 1010 2843 agnoverit
1035 2749 1299 2823 Alexandrinam
1335 2771 1434 2840 esse,
1467 2772 1553 2844 quae
1585 2774 1606 2822 a
1640 2749 1782 2846 Coptitis
1796 2723 1932 2864 :praepalpans
1954 2725 2038 2779 mvsa
2056 2726 2102 2791 ''¹''

412 2873 614 2936 conservata
641 2863 739 2954 loret,
766 2875 801 2938 et
827 2888 847 2937 a
873 2867 990 2940 Marco
1017 2865 1103 2939 illius
1127 2865 1305 2939 Ecclesiae
1331 2865 1507 2939 fundatore
1534 2865 1658 2938 titulum
1683 2874 1782 2938 nacta

413 2979 500 3075 apud
527 2977 692 3072 Graecos,
720 3004 817 3076 quem
844 2983 931 3079 apud
953 2980 1104 3079 Coptitos
1131 3005 1198 3056 non
1224 2982 1335 3071 babet,
1361 3005 1436 3054 cuna
1455 2980 1583 3079 Cyrillo
1610 2979 1782 3056 tribuatur.

412 3098 459 3168 At
484 3095 517 3168 id
549 3094 637 3170 illum
672 3095 829 3172 Criticum
865 3099 989 3173 docere
1022 3097 1191 3172 debuisset
1225 3099 1423 3187 balsamon,
1456 3101 1550 3191 cujus
1584 3102 1782 3186 testimonio,

413 3235 479 3307 quo
508 3211 631 3286 abusus
657 3225 721 3303 est,
748 3224 879 3288 constat
904 3215 993 3287 illam
1019 3218 1053 3287 in
1069 3216 1219 3311 Aegypti
1233 3215 1422 3288 Provinciis
1450 3224 1640 3310 usurpatam
1667 3213 1781 3288 fuisse.

412 3329 537 3423 Papae
562 3352 685 3403 nornen
705 3335 739 3403 in
754 3331 929 3428 Diptycbis
955 3335 1112 3420 occurrit,
1139 3354 1204 3427 quo
1231 3352 1305 3402 cum
1332 3330 1513 3424 significari
1538 3329 1638 3403 homo
1665 3352 1782 3425 parum

297 3529 300 3538 ‚
413 3456 528 3518 acutus
563 3447 766 3520 existimavit
797 3448 983 3521 Romanum
1015 3445 1229 3538 Pontificem,
1269 3449 1454 3544 imperitiae
1492 3468 1575 3520 suae
1610 3448 1644 3518 in
1678 3443 1780 3521 rebus

412 3559 660 3662 Ecclesiasticis
678 3566 848 3658 specimen
876 3563 976 3653 dedit,
1003 3563 1111 3635 natira
1138 3567 1244 3655 emm,
1271 3567 1335 3653 ait,
1362 3569 1442 3635 tunc
1468 3569 1547 3635 erat
1572 3561 1684 3656 Papa.
1711 3563 1782 3636 Sed

411 3679 441 3748 is
478 3678 589 3750 titulus
620 3678 834 3752 Patriarcbae
863 3680 1095 3753 Alexandrino
1129 3679 1280 3754 tribuitur
1313 3703 1333 3753 a
1368 3679 1478 3752 multis
1510 3689 1601 3752 retro
1628 3680 1781 3768 saeculis,

412 3804 447 3867 ει
472 3793 515 3865 de
543 3816 585 3866 eo
612 3793 861 3888 intelligendum
887 3795 985 3870 docet
1005 3801 1079 3893 ipse
1092 3797 1266 3891 Litargiae
1291 3806 1481 3886 contextas,
1508 3817 1605 3890 quem
1632 3815 1675 3867 ne
1701 3799 1781 3891 qui-

413 3908 489 3981 dem
517 3909 623 3983 oeulis
649 3914 810 4004 conjectis
838 3917 1014 4010 aspexisse
1040 3935 1183 3988 necesse
1210 3923 1275 4003 est,
1302 3916 1356 4008 qui
1383 3912 1461 3986 talia
1487 3915 1667 4008 scripserit
1708 3913 1781 3986 bli-

413 4035 506 4098 ratur
533 4030 632 4100 etiam
656 4029 822 4123 quomodo
836 4028 970 4102 Marcus
985 4029 1117 4126 blartpr
1143 4029 1339 4126 appelletur,
1366 4031 1490 4124 etquis
1512 4031 1555 4103 sit
1570 4032 1634 4102 istc
1646 4027 1781 4102 blancus

414 4145 575 4214 enuntiari
601 4142 665 4216 sibi
686 4143 790 4238 jubet.
825 4146 858 4218 ls
887 4157 940 4220 est
965 4145 1145 4220 seeundum
1171 4143 1348 4218 Ecclesiae
1372 4145 1625 4218 Alexandrinae
1652 4143 1782 4218 tabulas

412 4258 504 4331 Petri
530 4257 710 4356 discipulus
736 4261 956 4356 Evangelista
982 4272 1016 4334 et
1040 4261 1183 4359 Martyr,
1210 4272 1246 4335 ut
1272 4259 1383 4334 multis
1408 4263 1494 4334 lo'cis
1521 4270 1671 4334 vocatur.
1712 4260 1784 4333 Sed

413 4375 455 4447 de
482 4375 598 4449 eadem
625 4377 776 4472 Litargia
803 4403 865 4454 suo
893 4379 970 4452 loco
998 4380 1135 4452 dicetur.

518 4493 626 4567 Porro
653 4495 730 4590 quid
759 4494 822 4568 sibi
848 4497 931 4570 velit
956 4520 1030 4569 cum
1045 4495 1135 4569 Petri
1155 4493 1318 4587 Litargia,
1344 4516 1411 4566 non
1437 4496 1536 4591 plane
1561 4493 1783 4586 intelligimus.
1795 4499 1835 4554 1³⁰
1852 4501 1920 4554 retu
1935 4501 2055 4570 Litargia.

413 4608 534 4706 Neque
560 4615 646 4684 enim
674 4613 704 4684 si
730 4612 894 4686 'lorriano
926 4614 1050 4709 placuit
1083 4613 1168 4686 illius
1200 4609 1401 4689 adderetur
1433 4611 1633 4703 defendere,
1667 4620 1783 4684 nostra

413 4728 561 4802 interest.
614 4728 705 4800 Petri
735 4727 905 4840 biangia,
940 4753 1037 4825 quam
1071 4729 1173 4803 edidit
1205 4729 1338 4803 Graece
1371 4737 1405 4802 ει
1435 4727 1555 4802 Latine
1586 4729 1735 4802 loannes
1752 4751 1782 4801 a

414 4852 531 4916 sancto
565 4841 703 4919 Andrea
741 4843 930 4918 Canonicus
964 4845 1140 4918 Ecclesiae
1173 4846 1392 4936 Parisiensis,
1426 4847 1519 4942 prins
1553 4869 1573 4919 a
1605 4843 1781 4918 Guillelma

409 4955 564 5032 Lindano
591 4959 725 5051 editam
751 4982 815 5034 nec
837 4965 1043 5057 aanuorum
1064 4965 1252 5052 autoritate,
1279 4985 1343 5036 nec
1365 4985 1428 5035 usu
1442 4961 1669 5035 Ecclesiarum
1692 4983 1782 5034 con-

412 5073 575 5148 firmator:
610 5076 652 5148 de
684 5076 810 5151 codicis
845 5100 892 5151 ex
918 5101 984 5176 quo
1012 5079 1179 5176 descripta
1206 5089 1258 5156 cst
1283 5080 1476 5174 antiquitate
1502 5077 1649 5154 editores
1676 5077 1782 5152 silent

453 5212 567 5258 temnat.
774 5223 779 5236 *
1551 5194 1576 5265 ll
