4680 6044
718 583 1427 686 mmmctnneorrrenrsmsuu.
1729 604 1801 678 tor

446 792 523 854 mine
557 791 720 874 praecipue
750 792 918 877 gloriantur
945 792 1142 856 Alexandrini
1168 792 1371 856 Jacobitarum
1401 790 1608 869 Patriarchae,
1638 787 1719 872 quod
1747 789 1806 853 soli

447 892 478 952 in
499 889 782 955 llahamcdanorum
803 893 949 974 imperio,
971 892 1073 975 Reges
1095 893 1281 956 Christianos
1304 893 1433 955 habeant
1456 909 1529 954 suae
1552 890 1633 954 sedis
1654 889 1807 953 autoritati

448 990 617 1072 subjectos,
641 1007 699 1073 qua
721 991 867 1073 dignitate
890 993 1011 1056 carebat
1032 991 1240 1054 Antiochenus
1264 991 1398 1074 ejusdem
1424 997 1536 1054 sectae.
1581 990 1639 1063 Qui
1670 991 1748 1052 enim
1776 989 1806 1050 in

449 1091 617 1154 vastissima
638 1091 688 1152 illa
710 1091 845 1155 dioecesi
869 1091 1030 1156 Christiani
1057 1091 1212 1172 principes
1238 1089 1452 1172 superfuerunt
1481 1087 1658 1170 aliquando,
1687 1095 1738 1150 aut
1767 1106 1808 1149 ex

444 1191 578 1253 Graecae
600 1189 757 1256 Ecclesiae
781 1193 1004 1270 communione,
1028 1197 1078 1252 aot
1100 1209 1139 1252 ex
1161 1189 1286 1252 Latinae
1307 1196 1377 1271 post
1397 1188 1476 1251 bella
1499 1188 1710 1251 Transmarina
1737 1186 1809 1249 lue-

441 1295 527 1366 runt,
551 1288 658 1369 quibus
681 1307 748 1350 oum
770 1287 916 1354 lucebitis
946 1307 1101 1352 commune
1129 1287 1200 1350 nihil
1230 1305 1359 1369 unquam
1390 1287 1452 1350 luit.
1496 1287 1667 1350 Nestoriani
1696 1286 1806 1364 serius,

443 1406 510 1450 curn
533 1387 613 1467 apud
637 1388 752 1450 'luccas
775 1394 806 1450 et
827 1387 947 1451 Cataios
969 1388 1156 1472 Religionem
1179 1385 1391 1465 Christianam,
1423 1387 1479 1450 sed
1500 1405 1555 1450 sua
1577 1386 1696 1449 haeresi
1725 1383 1807 1446 inle-

442 1495 518 1549 ctam
541 1493 780 1567 propagassent,
803 1486 969 1550 habuerunt
999 1505 1119 1568 quoqne
1141 1504 1226 1550 more
1249 1504 1305 1550 suo
1324 1488 1429 1567 fideles
1449 1487 1548 1568 Reges
1569 1485 1627 1547 hoc
1655 1491 1703 1547 cst
1732 1500 1806 1546 suae

440 1593 558 1662 sectae,
581 1585 678 1664 qualis
700 1582 756 1647 luit
778 1584 909 1648 lamosus
931 1587 983 1648 ille
1005 1585 1208 1668 Ungehanus,
1229 1605 1317 1667 quem
1340 1585 1552 1668 Presbyterum
1567 1582 1714 1647 loannem
1736 1582 1806 1664 ple·-

440 1685 526 1765 rique
551 1683 644 1745 inisse
666 1683 788 1762 volunt,
812 1685 838 1746 is
861 1685 976 1748 scilicet
999 1685 1049 1765 qui
1079 1703 1096 1746 a
1125 1684 1350 1768 Ginghizchano
1378 1685 1521 1768 Mogolici
1549 1683 1669 1764 Imperii
1696 1681 1806 1744 lunda-

440 1791 522 1860 tnre,
545 1783 607 1844 vita
629 1801 788 1866 regnoque
811 1783 955 1865 spoliatus
979 1789 1035 1846 est.
1081 1783 1213 1846 Fuerunt
1236 1785 1285 1846 alii
1307 1800 1444 1865 quoque,
1475 1790 1543 1846 ante
1575 1789 1606 1844 et
1636 1786 1706 1863 post
1727 1779 1805 1842 Gin-

441 1880 638 1964 ghizcbanum
662 1880 822 1946 Christiani
845 1884 873 1943 in
898 1882 1033 1943 Tartaria
1056 1883 1225 1965 principes,
1255 1885 1305 1963 qui
1328 1883 1437 1945 Hordis
1460 1881 1649 1964 amplissimis
1672 1883 1806 1961 impera-

440 1987 506 2043 rent
514 2001 523 2056 ;
547 1979 716 2062 dequibus
739 1980 872 2044 dicemus
895 1979 975 2042 alibi.
2058 2037 2063 2042 .

526 2080 621 2142 l‘orro
655 2082 789 2162 quamvis
817 2079 1006 2144 Christianae
1032 2080 1197 2161 Religionis
1227 2087 1392 2161 praecepta
1421 2087 1451 2142 et
1481 2079 1621 2160 exempla
1649 2076 1805 2141 Jaccbitae
1870 2081 1936 2144 Ouid
1959 2085 1985 2137 tn
2007 2082 2127 2157 tacebitis

440 2177 586 2260 Aegyptii
608 2197 669 2242 non
691 2180 787 2241 minus
810 2181 839 2242 in
863 2179 947 2242 libris
976 2179 1037 2242 suis
1068 2181 1247 2260 consignata
1275 2178 1424 2258 habeant,
1459 2179 1496 2242 de
1524 2177 1694 2242 obedientia
1728 2171 1804 2259 erga
1818 2169 2127 2238 culpandumctrcaoba-

440 2277 594 2358 Principes
617 2280 705 2340 etiarn
728 2279 877 2358 inlideles,
901 2297 1026 2359 eamque
1050 2287 1130 2341 metu
1153 2287 1183 2342 et
1199 2279 1283 2341 malis
1297 2278 1412 2340 subacti
1423 2277 1645 2340 blubamedanis
1657 2275 1804 2356 abjectis·
1818 2255 1938 2356 (tisanam
1966 2255 2127 2324 Prtnetptbu·

441 2379 543 2439 simam
565 2395 686 2459 semper
707 2379 928 2458 praestiterint,
961 2386 1089 2441 attamen
1111 2377 1167 2440 hac
1180 2364 1218 2440 ¹in
1237 2385 1324 2460 parte
1345 2376 1504 2440 Christiani
1522 2361 1623 2452 cilicii,
1647 2376 1807 2458 dupliciter
1817 2343 1936 2396 detrun.

441 2494 588 2556 peccasse
612 2485 644 2540 et
666 2477 784 2559 quidem
807 2477 986 2558 gravissime
1010 2477 1284 2558 deprehenduntur.
1306 2477 1434 2539 Primum
1456 2476 1574 2558 quidem
1595 2483 1754 2556 peccatum
1773 2483 1805 2537 et

441 2575 471 2636 in
494 2575 668 2638 Christianis
692 2575 897 2638 inexcusabile
919 2575 973 2638 tuit
995 2576 1159 2658 petulantia
1182 2584 1213 2640 et
1234 2576 1326 2639 libido
1350 2575 1548 2639 calumniandi
1569 2575 1752 2638 blareianum
1775 2581 1806 2636 et

442 2674 647 2754 Pulcheriam,
671 2675 708 2738 de
732 2675 855 2755 quibus,
878 2694 984 2758 regum
1005 2677 1162 2757 majestate
1191 2677 1316 2756 insuper
1342 2675 1458 2754 habita,
1492 2675 1582 2738 multa
1612 2675 1804 2751 mentiuntur,

443 2781 472 2836 et
495 2775 699 2837 conviciorum
721 2775 752 2835 in
775 2792 829 2837 eos
852 2775 985 2856 plaustra
1008 2775 1173 2839 effundunt.
1219 2774 1325 2838 Omnia
1347 2793 1424 2855 quae
1447 2793 1503 2856 per
1532 2774 1632 2838 scelus
1662 2781 1692 2836 et
1721 2771 1806 2836 sedi·
1818 2823 2126 2880 Smfflfflcmffl

443 2873 553 2935 tionem
577 2890 594 2932 a
615 2873 756 2937 Dioscori
779 2859 982 2936 sectatoribus
1002 2883 1033 2937 et
1055 2875 1283 2938 suecessoribus
1306 2883 1393 2956 gesta
1417 2883 1503 2952 sunt,
1532 2875 1662 2956 probant
1684 2881 1715 2935 et
1737 2870 1805 2934 col·
1818 2911 1916 2966 Μ
1933 2913 1994 2965 ΗΜ
2009 2913 2029 2966 1·
2040 2932 2066 2982 p·
2079 2914 2126 2964 m

441 2969 577 3034 laudant:
601 2973 719 3036 tandem
742 2974 823 3054 quod
845 2981 935 3054 capnt
957 2974 1106 3038 scelerum
1127 2974 1198 3055 luit,
1222 2993 1289 3038 curn
1302 2975 1421 3038 Arabes
1432 2973 1607 3058 Aegyptum
1620 2974 1806 3049 invaserunt,
1821 2999 1917 3051 mg,
1939 2999 2044 3052 Amat
2064 2999 2125 3051 gg„

441 3089 503 3133 non
524 3071 612 3135 modo
634 3071 790 3136 Jacobitae
812 3067 997 3154 reipublicae
1026 3072 1202 3153 delueruttt,
1224 3074 1279 3137 sed
1302 3083 1407 3138 contra
1425 3073 1599 3155 imperiales
1621 3072 1808 3155 praefectos,
1818 3084 1890 3138 Patr.
1903 3085 1976 3139 Ata.
1988 3104 2014 3155 p.
2030 3055 2091 3137 llo.

442 3187 508 3231 cum
528 3170 624 3236 Amrc
647 3181 678 3235 et
701 3174 766 3236 aliis
788 3172 918 3236 hostium
945 3172 1072 3235 ducibus
1099 3174 1259 3236 coitionem
1281 3173 1428 3252 lecerunt,
1451 3180 1482 3235 et
1501 3189 1631 3236 excusso
1655 3172 1806 3236 Christia—
1891 3163 1896 3174 '

441 3286 547 3331 norum
570 3271 736 3352 principum
758 3271 892 3354 legitimo
917 3271 1064 3350 dominio,
1088 3273 1229 3336 Barbaria
1252 3291 1286 3335 se
1309 3273 1504 3336 tradiderunt.
1550 3273 1632 3336 llaec
1662 3289 1724 3335 non
1746 3289 1805 3336 ne-

440 3375 514 3450 gant
536 3369 654 3434 illorum
677 3371 817 3434 meliores
840 3373 997 3451 Historici,
1021 3373 1109 3434 etiarn
1131 3371 1354 3452 Ecclesiastici,
1377 3391 1444 3434 nam
1467 3391 1508 3436 ex
1522 3371 1670 3453 Eutychio
1693 3380 1725 3435 et
1747 3390 1806 3435 au·-

440 3467 555 3531 toribus
578 3487 678 3532 rerum
701 3470 958 3554 Aegyptiacarum
980 3465 1095 3550 multis,
1119 3470 1260 3534 discimus
1284 3471 1419 3554 Coptitas
1443 3489 1563 3550 omnes,
1592 3471 1658 3534 sive
1686 3471 1805 3534 nativos

440 3566 631 3650 Aegyptios,
654 3570 723 3651 quia
745 3571 884 3652 plerique
906 3569 1102 3633 Jacobitieam
1125 3579 1238 3634 sectam
1260 3571 1379 3651 perdite
1406 3571 1584 3648 tuebantur,
1619 3569 1656 3632 ad
1686 3569 1805 3633 Arabes

440 3667 539 3727 statim
569 3666 733 3746 defecisse,
764 3676 794 3730 et
821 3668 977 3733 blelehitas
999 3669 1050 3750 qui
1072 3668 1180 3732 Graeci
1204 3677 1290 3732 erant
1311 3678 1342 3733 et
1364 3668 1546 3750 Orthodoxi,
1582 3689 1622 3732 ex
1644 3668 1693 3732 illa
1716 3656 1804 3733 dele-

441 3765 540 3827 ctione
562 3775 685 3830 eoaetcs
708 3765 802 3831 luisse
824 3769 860 3832 ad
891 3769 1071 3831 deditionem
1093 3767 1267 3831 faciendam.
1312 3769 1395 3832 Haec
1417 3767 1472 3831 luit
1493 3769 1720 3832 llaereticorum
1734 3769 1805 3832 illo-

441 3837 505 3924 lum
528 3864 674 3928 adversus
696 3865 847 3948 legitimos
870 3869 1023 3948 principes
1045 3884 1117 3931 suos
1140 3867 1228 3931 tides:
1251 3869 1357 3949 majori
1380 3885 1454 3932 vero
1478 3867 1574 3931 adhuc
1593 3869 1723 3949 scelere,
1747 3889 1804 3932 ou-

436 3960 487 4041 jus
509 3978 569 4025 non
591 3980 669 4026 unus
692 3971 742 4025 aut
764 3965 840 4027 alter
862 3967 1025 4030 insimulari
1047 3975 1204 4049 poterant,
1227 3968 1282 4030 sed
1304 3974 1367 4031 tota
1389 3968 1527 4031 Ecclesia
1547 3968 1723 4046 Jacobitica,
1746 3968 1802 4030 sub

439 4059 679 4125 Patricrebarum
701 4081 823 4126 suorum
846 4067 1022 4145 autoritate,
1046 4064 1180 4130 Graecos
1203 4066 1397 4130 Orthodoxcs
1420 4068 1470 4149 qui
1493 4069 1708 4148 paucissimiet
1730 4067 1803 4131 abs-

441 4173 499 4239 que
522 4159 674 4242 Episcopo
697 4172 919 4239 remanserant,
941 4166 971 4226 in
995 4171 1129 4228 extrema
1152 4183 1244 4248 saepe
1267 4166 1402 4247 pericula
1425 4166 1623 4246 adduxerunt,
1648 4167 1804 4231 calumniis

442 4257 504 4320 suis
528 4275 582 4321 eos
607 4260 684 4340 apud
707 4270 829 4342 gentem
851 4265 1132 4345 suspiciosissimam
1153 4265 1350 4345 traducendo,
1374 4266 1459 4348 quasi
1477 4283 1572 4329 nevas
1594 4285 1645 4330 res
1667 4268 1698 4328 in
1713 4265 1804 4331 iaro-

441 4371 505 4418 rem
538 4357 723 4424 Graecarum
761 4362 977 4444 imperatorum
1007 4362 1201 4444 molirentur,
1233 4367 1302 4447 quia
1333 4367 1362 4429 in
1390 4365 1496 4428 eadern
1526 4367 1675 4448 religione
1706 4375 1803 4431 erant.

442 4453 548 4536 Neque
571 4459 712 4522 meliores
736 4460 765 4522 in
788 4461 847 4524 hoe
870 4461 961 4524 cilicii
984 4464 1274 4545 generehlelchitae
1292 4465 1423 4545 luerunt,
1447 4467 1582 4547 quamvis
1601 4469 1699 4532 minor
1721 4476 1803 4532 esset

441 4553 526 4633 bdei,
549 4565 600 4619 aut
622 4575 719 4643 prope
743 4559 823 4623 nulla
846 4561 925 4625 inter
947 4579 1001 4626 ees
1015 4561 1209 4648 Francosque
1223 4565 1440 4650 hierosolymis
1455 4574 1618 4653 regnantes
1634 4567 1803 4650 diversitas,

441 4660 539 4719 tamen
562 4677 628 4722 cum
652 4678 717 4723 earn
739 4663 845 4726 urbem
868 4663 1085 4728 Salaheddinus
1109 4667 1264 4730 obsessam
1287 4677 1421 4749 teneret,
1444 4688 1501 4732 nec
1524 4669 1640 4733 obsidio
1663 4689 1704 4734 ex
1730 4678 1802 4733 veto

442 4757 560 4819 omnino
590 4759 785 4842 succederet,
817 4781 886 4850 earn
913 4765 1051 4827 omittere
1079 4768 1245 4848 cogitabat,
1274 4769 1332 4830 nisi
1360 4769 1500 4832 blelehita
1530 4771 1665 4852 qmdarn,
1698 4789 1802 4834 omncs

440 4870 514 4916 suae
547 4856 704 4940 religionis
738 4861 890 4940 homines,
922 4862 1008 4925 simul
1039 4883 1105 4926 oum
1139 4865 1283 4930 Jacobitis
1315 4869 1520 4950 conjuratione
1550 4870 1713 4954 illigasset,
1744 4891 1802 4954 qua

439 4951 549 5016 Franci
571 4955 647 5018 adeo
670 4962 822 5039 perterriti
845 4967 932 5040 sunt,
965 4963 1119 5025 utstatim
1150 4963 1330 5030 deditionem
1358 4968 1495 5035 fecerint.
1542 4971 1637 5033 Tanta
1659 4978 1706 5034 est
1725 4972 1802 5034 hae·
1819 4933 2125 5032 .H⁶f⁸⁶d¹¹⁹“l⁰’f⁶f²¹⁴⁸

438 5055 517 5116 rests
540 5062 569 5117 ct
591 5055 764 5122 rebellionis
787 5061 926 5124 allinitas.
960 5135 966 5142 ι
1813 5036 1841 5071 '¹⁸
1855 5027 1907 5072 ⁰¹⁸⁶
1923 5019 2089 5074 ΜΨ

1518 5186 1597 5260 41*
1707 5162 1710 5168 ’
