4778 6034
514 544 568 690 DE
578 607 833 688 LITURGIARUM
848 604 1100 683 obmittitur
1118 593 1267 678 titani
1276 602 1323 678 ET
1343 600 1591 679 Amantius.
1625 595 1756 670 XXXV

399 823 523 898 aequus
548 800 644 872 visus
669 794 739 870 fuit.
792 791 889 866 Unde
914 794 947 864 in
972 791 1117 864 Historia
1143 787 1263 862 Severi
1289 787 1582 863 Aschmoninensis
1614 787 1656 859 de
1687 793 1758 857 tota

397 919 459 991 hac
482 913 716 989 controversia
741 932 786 982 ue
810 907 950 981 verbum
978 906 1108 1002 quidem
1134 909 1294 994 occurrit,
1327 904 1415 977 sorte
1449 904 1537 1000 quod
1563 903 1606 976 de
1631 925 1673 976 ea
1698 900 1758 974 lo-

399 1037 453 1130 qui
477 1053 548 1105 nou
573 1037 690 1126 posset
734 1029 807 1099 siue
839 1022 1069 1120 Chrpsostouri
1101 1033 1157 1094 aut
1188 1021 1381 1118 Theophili,
1422 1019 1621 1118 cyrillique,
1661 1039 1760 1113 quem

398 1147 575 1222 dacobitae
598 1148 748 1241 impense
774 1150 993 1232 venerantur,
1020 1138 1226 1213 contumelia.
1252 1140 1365 1233 ltaque
1390 1135 1462 1210 fieri
1488 1139 1606 1232 potuit,
1633 1145 1668 1207 ut
1685 1156 1760 1206 cum

402 1266 486 1339 duae
495 1263 667 1355 Liturgiae
675 1259 789 1332 Basilii
804 1267 839 1330 et
854 1256 1086 1352 chrysostomi
1105 1254 1285 1329 inoodices
1304 1255 1429 1326 relatae
1444 1252 1603 1342 fuissent,
1621 1253 1759 1349 primam

399 1378 634 1478 praetulerint,
674 1384 730 1447 aut
761 1376 834 1467 ejus
865 1372 981 1446 saltem
1015 1372 1139 1445 titulum
1169 1374 1239 1446 suis
1275 1367 1422 1466 Copticis
1448 1367 1623 1442 lacobitae
1652 1388 1761 1462 prae-

401 1485 551 1569 huerint:
578 1514 686 1588 neque
722 1492 809 1563 enim
836 1488 1021 1562 Orthodoxi
1053 1489 1147 1562 uliter
1172 1509 1270 1584 quarn
1295 1487 1336 1557 it.
1362 1485 1467 1558 Marci
1491 1487 1624 1558 nomine
1644 1482 1761 1554 Liurr-

402 1617 491 1707 giam
518 1631 612 1684 suam
638 1606 898 1703 appellaverunt.
924 1604 1014 1678 Ante
1049 1603 1216 1676 saeculum
1248 1624 1369 1676 nouum
1400 1604 1469 1694 jam
1486 1600 1657 1695 vulgatum
1676 1596 1762 1693 apud

403 1729 555 1824 Coptitas
582 1733 674 1813 erat,
701 1733 736 1795 ut
761 1725 867 1817 prima
893 1721 1041 1812 Liturgia
1067 1719 1192 1793 Basilio
1220 1716 1475 1790 adscriberetur:
1511 1739 1587 1789 nam
1613 1716 1763 1788 Severus

400 1843 608 1940 Episcopus,
636 1842 691 1935 qui
716 1837 885 1910 historiam
907 1833 1171 1909 Patriarcharum
1188 1833 1490 1906 Alexandrinorum
1516 1835 1664 1929 scripsit,
1690 1854 1763 1904 vo-

402 1970 458 2032 cat
483 1981 559 2032 eum
583 1957 754 2048 biturgiae
782 1961 946 2026 autorem:
972 1951 1111 2024 vivebat
1136 1961 1246 2024 autem
1272 1951 1422 2024 Severus
1455 1950 1591 2023 saeculo
1625 1948 1764 2022 decimo.

403 2078 450 2150 At
476 2072 740 2170 quondoquidem
765 2069 896 2143 traditio
911 2068 1124 2142 Orientalium
1140 2089 1208 2140 uon
1227 2069 1307 2140 satis
1326 2069 1473 2160 antiana,
1500 2076 1534 2138 et
1551 2068 1656 2137 minus
1671 2064 1765 2136 [irrue

404 2202 476 2282 est,
505 2212 591 2286 quae
617 2186 659 2259 ad
685 2186 872 2261 Basilianae
897 2187 1069 2278 biturgiae
1089 2187 1312 2280 antiquitatem
1329 2191 1497 2278 spectaui,
1523 2203 1766 2278 prosequemur

405 2330 451 2380 ex
478 2305 616 2378 Graecis
642 2302 834 2398 Latinisque
860 2301 1037 2374 sutoribus.

510 2421 735 2510 Graecorum,
770 2429 805 2490 ut
838 2417 998 2506 diximus,
1029 2418 1294 2490 constantissima
1327 2415 1458 2487 traditio
1493 2423 1563 2504 est,
1595 2415 1766 2503 Basiliunr,
1816 2413 2089 2470 caesareumque

403 2543 542 2636 primum
568 2545 646 2632 post
669 2532 831 2607 Jacobum
856 2533 991 2606 fratrem
1010 2532 1164 2621 Domini,
1189 2533 1371 2624 Liturgiam
1400 2534 1587 2627 scrIpsisse.
1612 2504 2086 2646 Proetumjgssissfflgttffiffl'ssim

405 2665 523 2727 testem
550 2674 666 2726 omues
692 2649 842 2740 laudent,
868 2672 977 2746 neque
1004 2650 1046 2724 de
1073 2649 1240 2745 opusculi,
1268 2671 1333 2745 quo
1347 2648 1420 2722 illus
1439 2650 1660 2720 testimouium
1678 2669 1767 2720 oon·
1831 2608 1847 2661 Ρ
1913 2627 1921 2646 ’

405 2775 544 2859 tinctor,
571 2770 747 2841 autoritate
774 2764 935 2856 dubitant3
961 2767 1112 2860 quamvis
1139 2787 1159 2837 a
1190 2763 1431 2838 recentioribus
1459 2763 1592 2838 Criticis
1627 2771 1769 2838 vocetur

403 2891 437 2958 in
464 2887 696 2982 suspicionem.
722 2883 769 2955 At
795 2882 913 2954 dudum
940 2892 1016 2954 ante
1042 2904 1138 2978 quam
1152 2880 1292 2952 Procius
1318 2879 1498 2970 scriberet,
1517 2879 1633 2953 Basilii
1651 2879 1768 2952 Linu-

405 3009 496 3098 giam
520 3005 554 3074 iu
580 3022 643 3073 usu
667 2998 771 3072 inisse
798 2996 885 3094 apud
912 2997 1060 3070 Graecas
1088 3017 1204 3070 omues
1231 2995 1424 3085 Ecclesiae,
1457 2999 1485 3068 si
1517 2996 1768 3092 Hierosolymi-

406 3128 516 3190 tanum
548 3126 583 3189 et
607 3115 869 3190 Alexandrinum
895 3117 1097 3210 excipimus,
1124 3117 1340 3187 certissimum
1358 3124 1420 3186 est
1446 3114 1622 3208 Antiquius
1637 3122 1770 3186 extaret

406 3235 448 3306 de
472 3236 598 3330 scripta
626 3255 646 3304 a
671 3231 796 3303 Basilio
821 3228 971 3323 Liturgia
997 3234 1217 3304 testimonium
1249 3233 1282 3301 in
1315 3233 1418 3327 ipsius
1448 3233 1518 3301 vita
1544 3251 1606 3326 per
1622 3229 1769 3327 Amphi-

404 3350 546 3424 lochium
571 3347 774 3446 Episcopum
813 3347 1021 3420 laoniensem
1067 3349 1139 3440 ejus
1175 3346 1347 3442 aequalem
1380 3348 1528 3442 scripte,
1562 3348 1590 3420 si
1623 3344 1769 3438 legitima

406 3464 512 3554 iuret,
548 3474 583 3537 et
608 3467 681 3557 eJus
706 3466 882 3535 autoritate
909 3461 1061 3537 Graecos
1086 3483 1169 3536 usos
1204 3484 1271 3536 nou
1304 3461 1421 3552 fuisse,
1454 3465 1567 3534 mirari
1596 3483 1663 3534 non
1697 3465 1769 3534 sina

406 3583 538 3654 ratione
562 3599 751 3676 possumus.
803 3578 923 3675 Neque
949 3582 1036 3652 enim
1061 3580 1175 3650 critica
1201 3589 1325 3651 tantum
1350 3578 1484 3666 valent,
1510 3587 1546 3649 ut
1571 3600 1656 3672 quae
1681 3575 1768 3649 Bel-

407 3696 566 3786 larrnino,
599 3696 805 3785 Posseviuo,
838 3706 871 3768 et
885 3696 993 3768 multis
1017 3695 1106 3784 aliis,
1133 3703 1328 3787 argumenta
1360 3703 1547 3789 suspectam
1562 3693 1651 3764 illam
1666 3692 1767 3765 fece-

406 3820 501 3903 ruut,
529 3812 616 3908 apud
642 3833 704 3884 eos
730 3811 851 3906 aliquid
876 3820 1021 3906 possent.
1047 3811 1117 3884 lure
1139 3833 1213 3882 cum
1227 3810 1377 3906 Symeon
1397 3808 1641 3906 Metaphrastes
1667 3813 1771 3882 vitam

407 3929 498 4000 illam
533 3949 595 4002 suo
628 3951 723 4001 more
754 3928 982 4025 interpolatam
1022 3927 1209 4000 collectioni
1243 3949 1324 4000 suae
1354 3929 1565 4017 inseruisset,
1598 3937 1677 3998 nota
1708 3925 1771 4002 illis

409 4065 487 4118 esse
517 4043 678 4135 debebat,
712 4067 819 4141 neque
852 4047 961 4137 magis
994 4054 1167 4140 suspecta,
1201 4067 1299 4140 quam
1330 4053 1380 4116 tot
1410 4042 1506 4117 aliae.
1558 4042 1683 4116 Verum
1718 4043 1772 4114 diu

399 4171 585 4257 antequam
611 4183 673 4234 suo
701 4163 795 4257 operi
821 4159 973 4256 Symeon
998 4183 1129 4233 menum
1156 4160 1370 4251 admoveret,
1398 4160 1534 4234 saeculo
1562 4163 1692 4231 circiter
1715 4159 1771 4230 di-

410 4276 576 4372 midioque
602 4275 758 4373 amphus,
785 4279 953 4350 notissima
971 4274 1110 4349 Graecis
1137 4299 1216 4350 esse
1242 4275 1355 4350 debuit
1369 4275 1481 4350 Basilii
1506 4279 1576 4349 vita
1602 4299 1664 4373 per
1679 4276 1770 4347 Am-

411 4391 607 4487 philochium
643 4396 786 4488 scripta,
821 4415 895 4464 cum
927 4395 997 4484 jam
1023 4395 1097 4484 ejus
1123 4397 1289 4490 antiquam
1314 4397 1505 4469 versionem
1532 4397 1611 4468 citet
1635 4393 1773 4466 Aeneas
1786 4427 1896 4498 swa,
1918 4421 1950 4492 [ξ
1962 4429 1988 4481 7,
2002 4445 2029 4496 q,
2046 4426 2090 4478 79.

410 4505 598 4605 Episcopus
632 4509 831 4582 Parisiensis
873 4512 907 4581 iu
941 4508 1099 4582 Tractatu
1130 4511 1294 4584 adversus
1328 4509 1492 4599 Graecos,
1519 4533 1616 4605 quem
1642 4511 1848 4607 scripsistis·
1868 4513 1939 4565 sset
1952 4512 2013 4565 Por·
2032 4490 2092 4596 t}

413 4632 490 4697 anie
515 4647 635 4698 annum
660 4624 742 4697 lesu
770 4621 892 4699 Christi
927 4622 1156 4700 DCCCLXX.
1192 4629 1247 4721 qui
1282 4629 1313 4698 ei
1345 4647 1517 4721 supremus
1549 4625 1619 4699 fuit.
1645 4607 1775 4700 'Utitur¹
1787 4621 1810 4656 ⁶·
1823 4603 1849 4654 ⁷·
1859 4619 1886 4670 ¹²·
1898 4601 1952 4652 ⁴⁵⁷
1952 4638 1959 4653 ·

414 4742 499 4811 enirn
526 4743 598 4834 ejus
624 4743 824 4832 testimonio,
852 4764 991 4837 eamque
1017 4743 1095 4816 dicit
1120 4743 1163 4815 de
1190 4742 1321 4815 Graeco
1348 4744 1381 4813 in
1406 4741 1558 4814 Latinum
1585 4767 1605 4816 a
1632 4743 1775 4838 quodam

415 4852 568 4947 Graeco,
593 4855 760 4930 vocabulo
786 4855 956 4951 Evehnio,
982 4858 1024 4931 de
1050 4858 1158 4933 verbo
1184 4856 1392 4932 adverbum
1418 4861 1620 4932 translatam.
1672 4860 1775 4952 Igitur

415 4967 555 5047 Graecis
581 4983 662 5048 nota
690 4983 762 5047 erat
795 4971 922 5048 duobus
948 4997 1055 5072 prope
1081 4975 1223 5050 saeculis
1251 4984 1424 5071 antequam
1450 4961 1482 5049 a'
1498 4976 1668 5074 Symeone
1692 4977 1774 5050 Me-

413 5088 583 5185 taphraste
608 5100 860 5183 recenseretu,
892 5094 922 5166 si
954 5091 1085 5188 quidem
1118 5093 1245 5167 decimo
1280 5094 1415 5167 saeculo
1442 5095 1546 5182 vixit,
1572 5103 1608 5165 ut
1632 5093 1774 5167 Allatius

1483 5207 1544 5281 5}
