4616 6046
732 590 806 666 188
1207 589 1627 669 COMMENTARIUS

617 760 622 770 ’
727 795 861 842 summae
884 752 1070 840 admirationi
1093 782 1189 853 esset,
1218 775 1288 838 dmn
1311 776 1478 856 scripturas
1500 794 1603 838 sacras
1625 777 1700 857 ipsis
1724 795 1763 840 ex
1787 774 1913 856 Coptica
1941 776 2097 856 interpre-

727 884 850 939 taretur.
894 877 942 938 Ex
963 876 1009 938 his
1032 875 1178 955 exemplis
1200 874 1326 955 aliisque
1348 876 1532 952 rationibus,
1562 876 1726 938 verisimile
1756 876 1877 938 omnino
1908 882 1973 952 est,
2004 877 2097 956 primo

726 993 833 1038 sacrae
855 977 1024 1056 scripturae
1046 975 1192 1036 lectiones
1216 994 1233 1037 a
1256 973 1469 1038 Sacerdotibus
1499 977 1672 1038 memoriter
1701 975 1796 1038 luisse
1824 977 2039 1054 interpretatas
2068 977 2097 1038 in

725 1073 886 1138 Arabicam
908 1073 1058 1156 linguam,
1082 1081 1258 1153 antequam,
1281 1080 1314 1135 tit
1336 1073 1446 1136 laetum
1468 1081 1515 1136 est
1537 1074 1574 1136 ab
1597 1075 1682 1138 annis
1697 1084 1730 1137 ut
1748 1076 1898 1136 minimum
1913 1075 2096 1155 quingentis,

726 1175 885 1236 versiones
908 1175 992 1254 ipsae
1016 1172 1186 1235 accuratius
1209 1173 1393 1252 compositae
1416 1180 1447 1236 et
1473 1193 1491 1236 a
1519 1174 1591 1236 viris
1621 1173 1718 1236 doctis
1746 1175 1916 1236 recensitae
1947 1173 1986 1236 ad
2015 1191 2097 1237 oram

727 1273 841 1337 codicis
863 1273 1045 1354 Aegyptiaci
1068 1280 1309 1352 apponerentur:
1332 1279 1422 1351 atque
1445 1271 1521 1336 adeo
1544 1271 1688 1354 deinceps
1711 1273 1782 1356 nihil
1802 1272 2017 1338 Sacerdotibus
2034 1271 2096 1336 Co-

725 1373 809 1453 ptitis
832 1390 945 1454 operae
968 1369 1138 1451 superfuit,
1169 1389 1257 1452 quam
1279 1388 1332 1432 eas
1355 1370 1478 1452 legendi
1499 1370 1599 1434 labor:
1632 1373 1712 1434 unde
1737 1373 1799 1454 Jam
1827 1373 1918 1452 pauci
1940 1372 2096 1434 admodum

726 1473 933 1552 reperiuntur,
958 1471 1009 1552 qui
1030 1470 1221 1553 Aegyptiace
1244 1471 1349 1534 sciant.

813 1571 938 1634 Praeter
958 1571 1092 1632 rationes
1115 1576 1146 1630 et
1169 1569 1343 1632 autoritates
1361 1567 1468 1648 quibus
1486 1568 1681 1632 confirmatur
1695 1569 1803 1632 iactam
1825 1587 1896 1642 esse
1918 1570 1988 1632 viva
2010 1587 2095 1650 voce,

726 1687 789 1732 non
811 1689 851 1732 ex
873 1669 1005 1750 scripto,
1028 1667 1189 1730 lectionum
1212 1669 1507 1748 interpretationem,
1531 1670 1663 1730 occurrit
1685 1667 1762 1732 aliud
1782 1676 1993 1750 argumentum
2015 1671 2096 1750 peti-

727 1778 788 1831 tum
811 1788 850 1832 ex
873 1767 1084 1848 antiquissimis
1108 1765 1280 1831 Glossariis.
1325 1768 1358 1830 ln
1388 1766 1447 1830 illis
1477 1767 1555 1829 enim
1584 1769 1707 1849 glossae
1737 1768 1888 1830 Arabicae
1915 1785 1975 1830 non
2004 1768 2096 1830 veluti

728 1867 808 1949 apud
831 1867 965 1932 Graecos
988 1874 1019 1930 et
1041 1865 1163 1928 Latinos
1185 1865 1292 1930 ordine
1303 1862 1504 1948 Alphabetlco
1527 1865 1703 1930 distributae
1727 1875 1813 1946 sunt,
1837 1886 1937 1948 neque
1952 1877 1987 1931 ut
2001 1886 2096 1949 quae-

728 1967 796 2030 dam
820 1986 876 2049 per
898 1975 982 2029 certa
1005 1966 1122 2046 capita,
1145 1973 1178 2026 ut
1200 1966 1458 2044 nomenclatores,
1487 1973 1518 2029 et
1539 1967 1748 2044 vocabularia,
1771 1985 1876 2028 verum
1899 1969 2021 2032 omnino
2042 1986 2096 2030 se-

727 2069 856 2130 cundum
885 2084 1040 2131 sacrorum
1068 2063 1212 2128 librorum
1246 2066 1400 2144 ordinem,
1430 2065 1614 2130 dilliciliores
1642 2084 1736 2128 voces
1764 2066 1970 2146 explicantur,
2001 2067 2096 2148 qualia

726 2167 817 2230 multa
841 2174 944 2230 extant
966 2164 1121 2228 Glossaria
1142 2162 1181 2224 ad
1203 2181 1319 2227 sacram
1342 2165 1526 2246 Scripturam
1548 2165 1683 2228 Latinam
1712 2166 1743 2228 in
1773 2165 1987 2244 bibliothecis,
2020 2185 2095 2248 quae

704 2267 945 2349 ·explicaticnes
983 2264 1137 2328 continent
1169 2273 1279 2328 vocum
1313 2265 1522 2328 obscuriorum
1555 2283 1612 2346 per
1653 2265 1788 2328 notiores
1827 2273 1878 2326 aut
1907 2263 2094 2328 vernaculas.

726 2367 842 2448 Nempe
865 2365 943 2428 laeta
966 2363 1015 2426 illa
1038 2372 1110 2426 tuno
1133 2362 1270 2442 luerunt,
1305 2363 1477 2429 dumesset
1507 2364 1604 2427 adbuc
1632 2363 1738 2445 aliquis
1769 2364 1800 2425 in
1827 2364 1951 2444 Europa
1973 2364 2095 2428 Latinae

726 2467 849 2548 linguae
871 2481 962 2542 usus,
986 2462 1041 2528 sed
1060 2464 1122 2545 jam
1144 2463 1414 2542 semi-barbarae,
1438 2471 1468 2526 et
1489 2471 1522 2527 ut
1543 2466 1575 2527 in
1597 2463 1817 2544 capitularibus
1833 2463 1952 2547 Regum
1970 2471 2094 2526 nostro·
2188 2533 2195 2556 Ι

725 2584 791 2638 rum
822 2564 992 2645 appellatur
1019 2563 1165 2624 nmucae
1192 2562 1367 2640 Romanae,
1400 2564 1431 2626 in
1461 2582 1549 2644 ᾳιιιιιιι
1578 2562 1721 2626 Homilias
1751 2563 1866 2645 aliquot
1897 2563 1951 2630 SS.
1980 2563 2096 2624 Petrum

726 2663 887 2728 transferri
909 2662 1121 2743 sapientissimi
1143 2662 1300 2743 Principes
1318 2663 1485 2744 jusserunt.
1531 2664 1616 2726 Tunc
1639 2662 1717 2724 enim
1742 2670 1829 2726 erant
1843 2661 1934 2724 multa
1949 2661 2095 2725 vocabula

728 2755 855 2847 quorum
877 2761 1057 2846 significatio
1080 2781 1120 2824 ex
1143 2764 1292 2825 communi
1313 2781 1454 2826 sermone
1477 2763 1567 2826 etiam
1589 2762 1736 2825 illiteratis
1764 2769 1837 2824 nota
1866 2769 1948 2824 erat:
1977 2762 2096 2826 abstru-

728 2866 809 2928 siora
832 2860 979 2943 explicari
1001 2860 1177 2941 oportebat:
1200 2862 1267 2942 pari
1289 2879 1414 2943 prorsus
1437 2864 1554 2926 ratione
1577 2863 1607 2925 in
1625 2861 1763 2924 Ecclesia
1777 2862 1983 2946 Aegyptiace,
2006 2878 2095 2943 prae-

726 2962 831 3026 sertim
852 2963 883 3024 in
906 2959 1078 3038 Thebaide,
1101 2979 1151 3022 res
1174 2979 1208 3023 se
1231 2960 1370 3026 babebat.
1415 2961 1501 3024 ttuttt
1522 2963 1601 3026 enirn
1613 2960 1775 3026 Christiani
1796 2962 1929 3044 linguam
1943 2961 2095 3043 Copticam

728 3060 825 3123 adhuc
848 3060 1029 3139 servabant,
1053 3059 1108 3122 sed
1130 3059 1303 3143 vulgarem,
1327 3068 1358 3124 et
1380 3062 1616 3142 corruptiorem,
1640 3079 1728 3141 quam
1758 3069 1791 3123 ut
1819 3061 1898 3124 ilbos
1927 3062 1994 3125 solo
2022 3059 2095 3122 sub-

726 3160 804 3226 sidio
827 3179 933 3224 sacrae
957 3159 1131 3240 Scripturae
1154 3161 1322 3236 versiones,
1346 3158 1505 3242 ciliciaque
1524 3159 1739 3224 Ecclesiastica
1762 3160 1943 3242 intelligere,
1967 3169 2019 3223 aut
2032 3157 2095 3220 aliis

729 3259 885 3341 explicare
907 3266 1042 3341 possent.
1087 3257 1120 3320 ln
1143 3258 1340 3322 Sacerdotem
1362 3260 1454 3342 igitur
1476 3261 1603 3342 gratiam
1626 3261 1779 3323 institutae
1801 3268 1870 3324 sunt
1893 3259 2094 3322 collectaneae

727 3359 797 3422 illae
819 3359 959 3442 glossae,
982 3375 1060 3440 quae
1083 3357 1221 3420 dilliciles
1244 3375 1338 3420 voces
1362 3357 1565 3438 explicarent:
1588 3366 1618 3422 et
1641 3357 1717 3422 tales
1739 3367 1809 3422 sunt
1830 3358 1940 3422 multae
1956 3376 2031 3441 quas
2042 3375 2094 3419 re-

728 3465 923 3540 praesentant
946 3457 1074 3521 Codices
1097 3457 1295 3537 blanuscripti
1317 3457 1520 3522 Bibliothecae
1540 3458 1665 3540 Regiae.

377 3635 379 3642 Ι
421 3569 460 3623 tte
478 3571 715 3640 antiquavarsitnc
786 3581 790 3590 ·
814 3559 862 3620 An
885 3574 960 3620 vero
983 3557 1144 3636 antiquitus
1167 3557 1304 3620 extiterit
1327 3554 1424 3636 aliqua
1446 3547 1639 3640 Aegyptiaca
1660 3559 1998 3640 Scripturarumversic
2018 3573 2092 3638 quae

404 3657 592 3725 scripturarum
623 3655 716 3728 Aegy-
729 3658 849 3739 publiee
872 3661 903 3720 in
925 3655 1071 3719 Ecclesiis
1094 3655 1266 3738 legeretur,
1288 3663 1321 3717 ut
1344 3654 1480 3718 dubitare
1502 3658 1555 3718 vix
1569 3655 1650 3736 licet,
1674 3659 1715 3720 ita
1737 3675 1775 3719 an
1799 3677 1839 3720 ex
1861 3656 1946 3719 libris
1960 3657 2092 3734 recitata,

404 3744 496 3812 ptiaca.

424 3966 449 4020 r.
463 3927 530 4020 asu.
540 3969 589 4022 aa.
597 3988 623 4040 p.
634 3970 697 4021 arc.

729 3777 766 3822 an
789 3776 844 3837 ec,
876 3775 935 3839 quo
964 3755 1109 3834 diximus,
1139 3754 1229 3818 modo
1260 3754 1339 3818 iacta
1368 3753 1459 3818 luerit
1487 3757 1555 3819 viva
1591 3755 1787 3820 Sacerdotum
1818 3774 1910 3833 voce,
1943 3756 2092 3837 conjicere

728 3858 850 3921 difficile
873 3866 930 3919 est.
974 3854 1083 3918 Lectus
1104 3855 1198 3918 fuisse
1221 3855 1342 3936 quidem
1364 3873 1401 3918 ea
1424 3854 1525 3936 lingua
1549 3859 1715 3936 scripturas
1738 3858 1810 3918 satis
1833 3856 1943 3937 probat
1957 3855 2007 3918 vel
2024 3853 2092 3915 uni-

728 3977 796 4022 eurn
818 3977 858 4020 ex
880 3956 909 4018 S.
933 3956 1056 4020 Antonii
1079 3955 1139 4017 vita
1168 3953 1349 4035 exemplum.
1395 3954 1535 4016 Testatur
1557 3956 1740 4019 Athanasius
1761 3974 1830 4018 eum
1852 3954 1952 4018 audita
1965 3954 2091 4016 lectione

728 4057 901 4140 Evangelii,
925 4065 1064 4136 tanquam
1087 4053 1183 4118 verba
1205 4053 1270 4116 illa:
1302 4053 1396 4130 Vade,
1418 4056 1514 4116 amede
1535 4058 1637 4118 omnia
1658 4075 1735 4136 quoe
1756 4055 1850 4118 bobes
1872 4063 1902 4118 ct
1922 4056 1965 4116 cta
1976 4073 2092 4134 parape-

727 4159 828 4233 re'bus,
850 4157 908 4219 soli
935 4155 993 4218 sibi
1009 4155 1101 4234 ,dieta
1130 4153 1273 4232 luissent,
1305 4152 1442 4216 omnibus
1471 4155 1678 4218 renunciasse.
1722 4156 1764 4219 At
1792 4155 1958 4231 Antonius,
1995 4160 2028 4216 ut
2054 4169 2092 4213 ex

728 4260 928 4338 Hieronymo,
951 4253 1098 4333 Palladio,
1122 4253 1247 4334 aliisque
1271 4253 1425 4318 autoribus
1447 4253 1634 4318 manifestum
1650 4261 1714 4331 est,
1737 4253 1854 4316 Graece
1870 4253 2042 4316 nesciebat:
2063 4257 2091 4312 et

726 4358 908 4442 peregrinos
931 4354 1141 4436 alloquebatur
1163 4371 1219 4434 per
1240 4353 1445 4434 interpretem.
1490 4353 1619 4436 insignis
1642 4354 1693 4417 ille
1716 4343 1816 4416 semro
1840 4355 1890 4434 qui
1912 4352 1992 4416 illius
2015 4353 2091 4414 vitae

726 4461 857 4525 insertus
879 4462 943 4534 est,
965 4453 1154 4536 Aegyptiace
1182 4452 1300 4516 babitus
1322 4453 1390 4515 fuit:
1414 4453 1570 4533 Epistolae
1592 4453 1698 4516 eadem
1720 4452 1822 4536 lingua
1844 4453 1992 4535 scriptae,
2016 4457 2089 4514 teste

727 4557 922 4637 llieronymo.
966 4554 1099 4618 loannes
1121 4552 1356 4635 Lycopclitanus
1379 4561 1409 4614 et
1432 4553 1481 4616 alii
1503 4569 1564 4616 non
1587 4555 1674 4633 pauci
1697 4553 1854 4616 sanctitate
1865 4551 2006 4614 celebres
2023 4567 2087 4612 mo-

726 4657 830 4735 nachi,
855 4654 991 4718 Graecae
1020 4671 1141 4734 quoque
1163 4653 1284 4734 linguae
1307 4653 1406 4736 ignari
1427 4652 1565 4716 luerunt:
1588 4661 1619 4716 et
1640 4653 1680 4715 ita
1702 4669 1764 4714 ιιοιι
1786 4651 1882 4714 solum
1903 4651 2038 4732 plerique
2060 4649 2089 4710 in

727 4756 840 4820 Nitriae
863 4763 893 4818 et
916 4753 1013 4816 Scetis
1035 4753 1243 4831 hionasteriis,
1267 4752 1323 4816 sed
1345 4751 1586 4814 Tabennesiotae
1608 4751 1789 4814 inextrema
1808 4758 1894 4831 parte
1907 4750 2089 4825 Provinciae,

729 4862 760 4917 et
781 4856 831 4935 qui
855 4862 941 4916 erant
963 4872 1003 4916 ex
1024 4853 1145 4917 Antonii
1170 4850 1328 4933 disciplina
1350 4853 1380 4914 in
1402 4850 1524 4914 deserto
1548 4851 1586 4914 ad
1607 4851 1691 4914 Mare
1714 4850 1847 4912 Rubrum
1866 4852 2008 4927 Ascetae,
2028 4864 2089 4908 non

728 4955 787 5016 nisi
808 4953 997 5034 Aegyptiace
1027 4952 1243 5032 loquebantur:
1266 4961 1364 5014 tamen
1387 4952 1578 5014 incontinua
1600 4950 1766 5032 psalmodia
1796 4957 1827 5013 et
1855 4950 1985 5014 lectione
2011 4946 2089 5010 sori-

728 5061 900 5135 pturarum,
923 5067 998 5132 quas
1020 5051 1104 5116 multi
1126 5052 1269 5115 memoria
1293 5050 1444 5128 tenebant,
1468 5050 1533 5114 dies
1555 5041 1722 5134 noctesque
1744 5052 1914 5134 transigere
1938 5054 2021 5113 erant
2035 5063 2088 5108 so·
