4684 6042
712 484 1202 566 ,mittuntur
1604 491 1674 566 131

283 679 365 771 ρι’ζει
387 673 539 771 ὁἹερεύς
560 673 616 748 τὸν
638 671 726 762 λαόν,
747 669 960 771 armeraci)
1003 674 1065 746 dos
1100 697 1203 747 cruce
1236 677 1397 770 poputum
1432 680 1549 770 sionei
1582 679 1677 750 elata

285 772 407 875 κύριος
422 771 513 869 μετύ
530 771 690 850 πάντων.
1001 783 1335 872 οοσοριοοιιιιλίοιντ.
1359 779 1522 853 Dominus
1547 780 1674 855 vohis-

1001 902 1077 952 cum
1103 881 1266 955 omnibus.

319 985 366 1106 ’Ὁ
386 981 492 1070 Λαός.
518 979 591 1054 Καί
603 979 693 1076 μειοί
708 985 775 1055 τοῦ
791 977 958 1075 πνεῦμα·
1051 983 1213 1078 Populea
1266 985 1311 1058 m
1336 1009 1411 1059 eum
1437 991 1554 1084 spiritu
1580 997 1646 1060 tuo.

286 1113 308 1158 τ
337 1105 444 1159 ·σου.
1132 1156 1134 1159 ,

286 1113 367 1365 6ῗο
383 1190 509 1288 Ἱερεύς.
543 1186 642 1265 &aaa
659 1187 764 1283 ἡμῶν
779 1183 843 1271 τοὶς
864 1215 957 1286 καρ-
1051 1189 1237 1265 sacerdos.
1273 1191 1412 1266 Sursum
1427 1203 1543 1267 nostra
1559 1195 1672 1271 corda.

309 1321 346 1365 ια
364 1349 372 1366 ι

333 1321 366 1474 ὐ
387 1397 489 1483 Acis.
514 1392 666 1490 ’Ἑχομιν
687 1392 776 1493 πρὸς
797 1390 863 1469 τὸν
885 1391 956 1469 κῦ-
1049 1396 1211 1490 Ρσρυλαο.
1239 1399 1411 1474 Habemus
1424 1399 1466 1473 ad
1483 1400 1670 1474 Dominum.

306 1528 372 1574 ιο.

282 1529 364 1681 ρύ
389 1603 515 1703 Ἶερεύς.
585 1599 864 1701 Εὐχαριστιῦμεν
901 1610 955 1698 τῷ
1050 1606 1234 1681 Sacerdos.
1280 1605 1413 1681 Gratias
1432 1630 1571 1701 agamus
1591 1611 1670 1684 D'o-

280 1707 404 1805 κυρίῳ.
997 1712 1098 1782 mino.

329 1816 363 1888 Ὁ
384 1812 489 1898 Λαός.
512 1807 638 1887 'neat
660 1806 721 1881 καί
742 1804 896 1882 δίκαιον.
1050 1814 1212 1914 Populea.
1265 1815 1411 1908 Dignmn
1438 1826 1471 1888 et
1493 1800 1626 1908 justum.

328 1935 363 2009 Ὁ
385 1933 552 2015 Διότονος.
604 1921 623 1960 *
675 1928 695 1964 ⁴*
746 1922 765 1960 *²
1048 1936 1237 2008 Diaconos.
1316 1937 1335 1973 *
1412 1937 1432 1973 ⁴*
1509 1938 1528 1974 *

329 2055 363 2128 ‘0
381 2052 502 2150 Ἱερεύς
524 2051 661 2148 ἄρχεται
687 2058 746 2146 τῆς
775 2049 952 2150 ὐνοφορῦς.
1047 2054 1222 2128 Sacerdos
1248 2055 1472 2150 Λαορῦονασι
1506 2080 1566 2128 sea
1593 2058 1668 2130 Ca-

996 2181 1116 2230 aoacm
1142 2159 1291 2230 inchoat.

328 2272 489 2370 Ἀληθῶς
520 2270 591 2374 γὰρ
621 2266 728 2350 ἄξιόν
760 2273 859 2345 ε’στιν
892 2270 952 2345 καί
1047 2278 1140 2350 Vere
1166 2281 1287 2374 quippe
1314 2279 1446 2372 dignum
1474 2289 1526 2354 est
1551 2290 1585 2352 et
1605 2283 1667 2372 ju-

278 2378 442 2468 ὐίκαιον,
460 2376 563 2451 ὅσιόν
580 2404 617 2449 τε
636 2372 696 2449 καί
716 2378 864 2470 πρέπον,
891 2373 952 2448 καὶ
995 2393 1101 2470 stum,
1129 2391 1343 2477 sanctumque
1362 2393 1395 2455 et
1412 2383 1666 2472 deeorum‚.at-

277 2493 354 2566 acie
370 2481 554 2577 ἡμετέραις
571 2489 703 2577 ψυχαῖς
724 2481 908 2575 incocta,
930 2475 951 2552 ὁ
995 2508 1060 2582 que
1085 2488 1208 2558 nostris
1235 2485 1517 2577 minuimento,
1544 2491 1665 2581 quies,

277 2587 343 2676 ὤν,
358 2579 634 2678 ὐεσνιοτα,κύριε
647 2584 722 2670 θεέ,
735 2577 845 2680 πάτερ
859 2609 950 2656 παν·
994 2612 1016 2661 ο
1042 2588 1239 2661 Dominator
1265 2589 1418 2676 Domine,
1447 2589 1540 2662 Deus
1563 2590 1666 2662 Pater

276 2688 468 2787 τόκρατορ,
486 2692 526 2761 σι’·
539 2689 664 2775 αἰνεῖν,
679 2689 718 2759 σὲ
737 2681 877 2780 ὐμνεῖν,
891 2683 951 2759 σοί
993 2696 1225 2788 οιααίροίεαε,
1253 2702 1286 2764 te
1312 2691 1463 2765 laudibus
1487 2701 1521 2763 et
1532 2691 1665 2790 hymnis

276 2791 509 2890 εὐχαριστεῖν,
535 2788 593 2864 σοί
611 2787 950 2889 ἀνθομολογεῖσθαι
994 2795 1185 2884 celebrare,
1214 2795 1272 2868 tibi
1298 2799 1425 2887 gratias
1453 2818 1575 2887 agere,
1607 2795 1668 2868 tibi

276 2895 421 2994 νύκτωρ
434 2924 471 2969 τε
484 2893 544 2968 καί
560 2895 648 2966 καθ’
661 2890 798 2991 ἡμέραν
812 2890 950 2966 ἀκατα-
993 2899 1145 2972 confiteri
1179 2920 1241 2992 per
1276 2897 1363 2971 dien
1390 2909 1424 2970 et
1448 2909 1580 2972 noctem
1606 2904 1679 2971 im-'

276 2999 426 3096 παύστιο
460 2996 633 3092 στόματι,
669 2995 730 3070 καί
769 2992 950 3095 tatwine
993 3001 1150 3075 cessabili
1178 3023 1258 3089 ore,
1285 3024 1352 3074 non
1379 3001 1549 3076 silentibus
1567 3001 1665 3075 labiis

275 3104 417 3200 χείλεσι,
435 3101 494 3176 καί
510 3096 704 3195 σίσιιοιιήτρι
717 3097 866 3194 καρδίᾳ·
890 3097 948 3172 σοί
993 3117 1027 3177 et
1053 3105 1156 3177 corde
1182 3128 1249 3177 non
1267 3109 1388 3194 taeit03
1416 3107 1492 3194 tibi,
1519 3109 1663 3200 inquam,

277 3215 329 3304 τῴ
341 3206 532 3302 ποιήσαντι
549 3201 615 3278 τὸν
632 3199 809 3300 οὐρανόν,
827 3201 888 3276 καί
904 3199 949 3275 τυῖ
993 3211 1048 3303 qui
1082 3208 1192 3282 fecisti
1227 3209 1358 3281 coelum
1392 3219 1426 3280 et
1458 3232 1544 3304 quae
1577 3210 1664 3281 coeli

278 3315 317 3386 ἐν
333 3317 386 3405 τεῦ
403 3307 557 3408 οὐρανῷ,
579 3313 668 3408 γῆν,
691 3304 752 3380 καί
774 3304 819 3380 τοὶ
843 3309 881 3380 ἐν
906 3311 951 3401 τῇ
993 3309 1117 3384 ambitu
1144 3316 1371 3402 continentur,
1402 3323 1527 3384 terram
1553 3335 1663 3406 quae-

276 3422 334 3514 γῇ,
360 3411 565 3500 θάλασσαν,
591 3407 721 3510 πηγάς,
752 3405 948 3502 ποταμούς,
993 3437 1057 3509 que
1083 3417 1117 3486 in
1143 3425 1233 3486 terra
1265 3427 1357 3505 sunt,
1390 3437 1508 3505 mare,
1540 3415 1663 3506 fontes,

278 3519 418 3614 λίμνας,
431 3514 491 3590 καί
503 3512 621 3589 πάντα
635 3511 680 3587 τοί
694 3511 875 3600 ἓναύτοῖς,
891 3510 949 3585 σοί
991 3517 1140 3607 flumina,
1166 3517 1278 3608 lacus,
1307 3528 1341 3591 et
1367 3521 1497 3606 omnio,
1525 3541 1611 3612 quae
1629 3521 1664 3590 in

276 3630 328 3696 ati
349 3619 540 3716 ποιήσαντι
564 3616 631 3693 τὸν
651 3617 855 3716 ῦνῦραιιιον
870 3613 948 3689 κατ’
993 3624 1042 3692 eis
1070 3630 1165 3710 sunt;
1191 3621 1334 3716 tibique,
1363 3621 1537 3716 quifccisti
1550 3621 1663 3693 homi-

277 3724 377 3800 ίύίαν
391 3721 520 3813 εἰκόνα,
538 3721 599 3796 καί
612 3719 700 3795 καθ’
717 3711 950 3815 decimatae}
991 3746 1068 3795 nem
1095 3723 1137 3796 ad
1164 3728 1342 3816 imaginem
1369 3735 1402 3796 et
1422 3724 1663 3798 similitudinem

276 3827 336 3904 καί
350 3827 501 3925 ἐχαρίσω
513 3824 581 3922 τὴν
592 3829 631 3900 ἐν
645 3823 950 3923 παραύείσῲτρυ-
992 3839 1102 3913 ίααια,
1136 3831 1189 3899 oui
1221 3827 1373 3900 Paradisi
1407 3850 1539 3924 quoque
1573 3827 1664 3899 delt-

277 3931 366 4032 σήν,
374 3928 590 4028 παραβάντα
598 3927 638 4003 ιίί·
647 3926 758 4002 αὐτὸν
767 3924 834 4022 οὐχ
842 3925 950 4023 ὐπέρ-
993 3935 1063 4003 cias
1089 3931 1229 4022 largitis
1249 3954 1305 4022 es,
1331 3943 1576 4025 transgressum
1595 3952 1663 4003 non

277 4035 360 4126 ιύες,
378 4033 465 4110 anitii
476 4037 695 4136 ἐγκατέλιπες
709 4030 839 4157 cynii,
857 4026 948 4104 α’λλοί
993 4045 1189 4130 aspernatus
1227 4057 1285 4122 es,
1327 4058 1435 4131 neque
1475 4035 1662 4125 deseruisti,

276 4138 388 4217 πάλιν
404 4138 603 4215 coaxatione
618 4134 681 4210 ὐιοί
697 4163 828 4229 νομου,
844 4137 948 4207 εἰται-
993 4162 1015 4211 o
1041 4138 1152 4229 hene,
1179 4138 1240 4211 sed
1266 4139 1375 4212 denuo
1394 4162 1455 4235 per
1468 4139 1580 4232 legem
1598 4161 1663 4210 re-

277 4242 489 4344 ‹ioyn'asnoae
500 4238 563 4316 tat
574 4245 782 4340 προφητῶν,
792 4234 949 4312 οίνέπλα-
992 4245 1144 4332 vocasti,
1185 4265 1248 4338 per
1282 4241 1465 4338 Prophetas
1503 4242 1661 4331 erudisti,

276 4372 351 4436 σας,
365 4345 425 4420 καί
441 4343 663 4427 οίνεκαίνισας
686 4340 749 4417 ιίιοί
770 4346 837 4416 τοῦ
859 4367 950 4437 φρι-
993 4345 1134 4440 demque
1160 4345 1348 4418 reformasti
1369 4356 1402 4418 et
1414 4348 1586 4418 renovasti
1600 4367 1662 4440 per

275 4457 365 4524 κτοῦ
388 4447 447 4524 καί
474 4447 673 4538 ζωοποιοῦ,
695 4446 756 4522 καί
778 4443 950 4540 οὐρανίου
992 4447 1057 4520 hoe
1083 4448 1308 4539 tremendum,
1343 4459 1377 4520 ct
1409 4449 1595 4535 vivificum,
1628 4457 1663 4519 et

274 4553 477 4650 μυστηρίου
483 4549 631 4626 τούτου·
643 4548 762 4627 πάντα
776 4547 817 4622 tt
830 4547 949 4642 ἐποίη-
992 4553 1141 4626 coeleste
1155 4563 1406 4624 sacramentum.
1441 4552 1536 4638 Quae
1551 4555 1661 4624 omnia

276 4681 341 4742 σας
364 4654 427 4731 tat
447 4662 507 4752 τῆς
530 4661 593 4752 σῆς
612 4655 752 4754 σοφίας,
776 4658 843 4726 τοῦ
866 4678 949 4748 φω-
992 4655 1101 4730 iecisti
1127 4665 1294 4752 partuum
1314 4658 1527 4751 sapientiam,
1553 4655 1662 4728 lucem

274 4757 335 4844 τύς
352 4766 419 4834 τοῦ
433 4757 626 4856 ἀληθινοῦ,
649 4764 716 4832 τοῦ
731 4759 950 4855 μονογενοῦς
992 4782 1130 4850 veram,
1171 4762 1371 4852 unigenitum
1405 4758 1523 4830 Filium
1561 4769 1661 4850 tuum,

275 4887 344 4938 σου
364 4864 457 4954 υἱοῦ,
478 4869 546 4937 τοῦ
559 4861 688 4960 κυρίου
703 4860 764 4936 καί
780 4862 872 4933 θεοῦ
888 4856 949 4931 καί
992 4861 1187 4953 Dominum,
1215 4873 1249 4935 et
1273 4861 1399 4953 Deum,
1432 4873 1466 4934 et
1490 4861 1661 4934 Servato-

275 4973 434 5068 σωτῆρος
451 4965 558 5063 ἡμῶν
570 4963 681 5064 Ἰησοῦ
693 4972 875 5066 Χριστοῦ·
898 4959 948 5036 δι’
991 4989 1063 5039 rem
1089 4975 1240 5041 nostrum
1257 4967 1372 5043 Jesum
1392 4961 1574 5058 Christum,
1600 4987 1663 5061 per
