4760 6038
495 632 799 713 oncornrmm
809 631 1361 712 nmmnmcnmnnunens.
1464 567 1629 706 cxxxv

260 845 344 920 qnae
365 820 533 921 Syriacae
557 821 634 896 lons
661 831 695 894 et
721 824 819 915 origo
846 829 908 914 est,
934 843 1002 894 non
1028 829 1064 893 ut
1088 823 1123 894 in
1147 819 1241 895 libris
1268 829 1429 911 exstaret,
1454 823 1489 892 in
1512 820 1626 895 literas

257 943 359 1013 m'msa
378 949 442 1030 est,
469 937 531 1015 sed
546 937 635 1034 quod
655 961 695 1010 ea
714 945 884 1010 uterentur
910 959 1027 1010 omncs
1044 959 1151 1035 prope
1169 935 1495 1034 Hierosolymitanac
1513 937 1627 1012 Dioc-

257 1079 379 1133 ceseos
410 1057 596 1131 Ecclesiae.
661 1054 758 1128 Illum
787 1075 890 1152 porro
917 1076 986 1126 non
1020 1056 1128 1134 visam
1158 1053 1411 1127 a·Balsamone
1444 1054 1628 1128 verisimile

257 1177 392 1248 omnino
420 1183 485 1265 cst,
510 1195 589 1245 nam
614 1173 644 1246 si
669 1170 822 1260 vidisset,
849 1172 883 1241 in
908 1192 950 1242 ea
978 1172 1174 1262 agnovisset
1199 1169 1318 1267 procul
1344 1171 1443 1244 dubio
1461 1175 1627 1246 venistis-

256 1295 373 1367 simam
400 1313 573 1365 sacrarum
598 1311 736 1387 precum
761 1286 914 1377 formam,
942 1309 1029 1382 quae
1053 1285 1168 1360 Basilii
1190 1285 1377 1361 etdoannis
1394 1287 1628 1384 chrysostomi

254 1407 426 1500 Liturgias
461 1405 586 1502 aliquot
616 1403 761 1481 saeculis
793 1401 1015 1475 antecederet.
1074 1403 1128 1475 Dc
1163 1426 1204 1475 ea
1235 1425 1321 1498 quae
1355 1401 1462 1476 Marci
1497 1404 1626 1496 dicitur,

254 1546 324 1597 non
350 1526 457 1596 minus
484 1521 674 1619 expeditum
702 1527 786 1610 eret,
814 1521 901 1592 scire
929 1541 1002 1590 eam
1028 1521 1062 1590 in
1088 1517 1318 1591 Alexandrina
1340 1520 1499 1594 Dioecesi
1515 1521 1627 1592 locum

253 1641 414 1715 babuisse
439 1643 633 1736 antiquitus,
667 1636 757 1733 quod
783 1637 922 1728 originis
948 1633 1168 1730 Apostolicae
1195 1638 1413 1709 certissimum
1439 1663 1626 1734 argumen-

253 1768 324 1829 tum
349 1755 420 1828 fuit.
474 1754 544 1829 Sed
570 1752 649 1828 abiit
674 1753 852 1826 Balsamon
878 1754 912 1823 in
939 1749 1004 1823 alia
1030 1754 1154 1842 omnia,
1180 1774 1301 1848 nempe
1326 1751 1482 1851 probavit
1506 1755 1627 1830 Jacobi

254 1883 290 1946 et
315 1872 423 1946 Marci
447 1871 616 1964 Liturgias
641 1891 708 1942 non
735 1891 813 1942 esse
840 1872 874 1940 in
901 1889 1070 1940 sacrarum
1096 1867 1338 1964 Scripturamm
1371 1871 1525 1944 Conone:
1557 1895 1627 1944 ne-

253 1993 378 2064 minem
410 2009 496 2062 vero
527 1986 590 2059 buc
621 2007 728 2081 usque
759 1988 882 2059 scimus
910 1983 994 2055 adeo
1021 1983 1219 2080 desipuisse,
1245 1995 1282 2056 ut
1307 1986 1375 2057 tole
1401 1986 1478 2081 quid
1504 1989 1629 2060 existi-

252 2113 372 2178 maret.
424 2104 510 2176 Nam
537 2107 566 2177 si
590 2104 798 2200 praescripta
823 2103 857 2172 in
883 2099 992 2194 aliquo
1018 2098 1103 2172 libro
1131 2102 1186 2194 qui
1199 2098 1404 2197 Scripturee.
1419 2105 1627 2174 autoritatem

253 2220 409 2311 haberet,
435 2218 663 2292 Eucharistiae
690 2215 911 2290 celebrandae
943 2215 1052 2288 forma
1084 2218 1304 2311 reperiretur,
1337 2240 1414 2290 eam
1439 2221 1534 2313 sequi
1559 2242 1630 2291 ne-

254 2359 356 2410 cesse
382 2335 483 2425 leret,
508 2357 619 2430 neque
643 2337 761 2406 variae
792 2331 949 2424 luissent,
978 2335 1047 2424 jam
1075 2355 1095 2404 a
1124 2333 1238 2428 primis
1264 2331 1440 2407 Ecclesiae
1471 2335 1628 2426 saeculis,

253 2474 429 2528 sacrorum
452 2451 644 2524 cfficiorum
668 2446 833 2522 formulae
859 2457 893 2520 et
918 2450 1107 2538 crationes,
1134 2471 1271 2544 quarum
1297 2459 1408 2522 tamen
1440 2449 1628 2525 discrimine

162 2567 165 2574 ’
253 2591 423 2664 nunquam
449 2571 556 2639 unitas
583 2565 779 2656 Ecclesiae,
811 2562 869 2636 vel
899 2564 1019 2635 leviter
1049 2562 1180 2636 tmbata
1215 2575 1276 2637 est.
1329 2563 1430 2641 Falsa
1461 2569 1560 2659 igitur
1593 2579 1629 2642 et

253 2687 362 2758 inanis
388 2683 446 2755 illa
471 2686 556 2755 ratio
584 2693 647 2774 est,
675 2705 761 2778 quae
786 2703 855 2752 non
880 2679 980 2751 modo
1006 2679 1112 2751 Marci
1139 2691 1174 2751 et
1197 2679 1317 2754 iacobi
1343 2667 1532 2776 Liturgias,
1566 2683 1628 2758 scd

252 2801 370 2874 Basilii
397 2797 431 2871 et
457 2797 689 2896 chrysostomi
714 2820 781 2869 non
807 2800 913 2868 minus
941 2799 1074 2886 evertit,
1101 2798 1130 2868 si
1156 2796 1295 2869 valeret.
1348 2799 1435 2884 Quid
1459 2803 1556 2890 enim,
1584 2823 1628 2872 an

254 2925 332 2990 ante
359 2915 516 2989 Basilium
543 2925 578 2986 ct
604 2913 879 3010 chrysostomum
905 2911 1055 3004 Liturgia
1085 2934 1153 2984 non
1186 2914 1284 2986 erat?
1317 2915 1393 3000 Quo
1430 2919 1528 2987 etiam
1551 2919 1628 3008 jure

252 3031 367 3125 legem
399 3031 445 3102 illi
476 3052 645 3102 sacrorum
680 3029 815 3124 reliquis
846 3026 1030 3116 Ecclesiis,
1074 3050 1159 3122 quae
1200 3028 1242 3100 ad
1275 3051 1314 3103 se
1347 3053 1415 3102 non
1447 3031 1628 3105 attinebant

253 3150 517 3238 constituissent,
542 3169 617 3218 cum
643 3147 685 3218 dc
713 3143 839 3217 duabus
865 3145 929 3216 illis
956 3164 1039 3237 quas
1066 3143 1157 3216 solas
1181 3142 1357 3220 Ecclesiae
1384 3147 1628 3221 constantino-

252 3265 423 3361 politanae
438 3263 593 3358 exemplo
609 3266 763 3358 usurpari
791 3259 915 3333 debere
932 3259 1114 3352 contendit,
1139 3284 1249 3357 neque
1270 3260 1388 3336 canon
1408 3265 1492 3337 ullus
1520 3275 1627 3355 extet,

252 3402 366 3475 neque
392 3389 571 3477 perpetuus
598 3378 735 3451 aliarum
762 3377 804 3448 de
831 3376 894 3450 illis
922 3375 964 3448 ad
991 3375 1108 3448 altaria
1134 3377 1216 3450 solis
1244 3377 1447 3472 adhibendis,
1474 3403 1627 3455 consen-

254 3518 313 3569 sus
340 3499 538 3590 reperiatur.
589 3495 638 3567 At
664 3496 815 3590 quamvis
842 3494 972 3587 iniquus
998 3514 1081 3588 prae
1108 3497 1250 3566 caeteris
1271 3517 1354 3587 erga
1371 3497 1509 3570 Latinos
1530 3495 1629 3568 luerit

253 3613 449 3700 Balsamon,
474 3633 639 3707 nunquam
665 3622 777 3682 tamen
804 3631 846 3681 eo
872 3630 979 3701 usquc
1004 3617 1198 3704 provectus,
1224 3619 1260 3680 ut
1286 3633 1347 3684 eos
1369 3613 1496 3707 absque
1514 3613 1627 3684 divino

254 3727 421 3803 sacrificio
457 3749 535 3803 csse
570 3727 712 3818 dixerit,
752 3730 827 3821 quia
858 3724 973 3796 Basilii
1007 3726 1064 3797 vel
1103 3724 1335 3824 chrysostomi
1367 3727 1525 3820 Liturgiis
1560 3751 1629 3799 non

207 3902 210 3908 .
252 3842 441 3916 utebantur.
1776 3907 1780 3912 .

360 3955 465 4032 XVII.
506 3957 596 4031 Nihil
630 3959 715 4032 ve'ro
747 3959 855 4048 magis
881 3967 997 4029 contra
1024 3959 1185 4050 majorum
1218 3957 1391 4053 exempla,
1406 3967 1412 3978 ’
1425 3967 1482 4030 aut
1512 3958 1627 4052 Leges
1683 3959 1951 4030 &chelandiis-

252 4075 532 4165 Ecclesiasticas,
559 4098 657 4170 quam
683 4077 833 4172 tyrarmis
861 4072 915 4144 illa
944 4071 1383 4170 constantinopolitanorum
1409 4075 1626 4148 Patriarcha-
1640 4048 1951 4190 ἓὲῗὴῗιξζὲᾞᾞξζζξζ
1993 4159 1994 4163 ¹

253 4215 346 4283 rum,
383 4214 446 4286 qua
479 4190 634 4286 quidquid
668 4189 791 4285 ubique
831 4189 1022 4286 disciphnac
1057 4194 1183 4263 veteris
1216 4191 1294 4282 luit,
1321 4195 1355 4262 in
1380 4191 1496 4263 ritibus
1522 4193 1625 4286 longo
1639 4220 1812 4272 scelestarum
1831 4223 1894 4272 ritus
1908 4221 1955 4288 jn

253 4307 432 4379 multorum
460 4307 667 4379 saeculorum
693 4327 756 4378 usu
782 4305 1002 4398 confirmatis,
1030 4305 1185 4379 abolitum
1212 4308 1400 4400 voluerunt,
1427 4316 1462 4378 ut
1488 4311 1537 4380 sui
1564 4331 1627 4381 re-
1640 4307 1743 4360 autrum.
1861 4347 1863 4354 v

253 4427 461 4520 ciperentur:
496 4445 581 4517 quae
615 4422 746 4518 quidem
777 4422 836 4493 lex
869 4421 958 4494 nulla
992 4445 1135 4518 unquam
1167 4424 1245 4514 luit,
1280 4423 1341 4496 sed
1374 4445 1534 4496 summum
1557 4425 1625 4515 jus,

253 4539 315 4613 vel
342 4561 469 4614 summa
501 4541 612 4634 potius
645 4541 867 4612 recentiomm
891 4538 1156 4611 Patriarcbarum
1171 4587 1175 4592 ,
1191 4542 1318 4631 injuria.
1371 4538 1531 4611 Eamdem
1557 4542 1626 4610 vim

253 4653 321 4728 sibi
348 4653 470 4726 factam
498 4677 601 4752 saepe
630 4655 817 4728 Orientales
843 4656 907 4750 ipsi
934 4660 1041 4749 questi
1067 4665 1163 4746 sunt,
1197 4659 1226 4728 si
1252 4655 1404 4751 quando,
1430 4665 1466 4726 ut
1492 4658 1625 4753 saepius

251 4772 288 4842 in
315 4769 528 4843 Missionihus
555 4770 686 4862 accidit,
711 4770 871 4845 homines.
887 4773 921 4843 in
948 4774 1137 4867 antiquitate
1152 4771 1389 4845 Ecclesiastico
1403 4795 1519 4868 parmn
1538 4793 1627 4845 vcr-

253 4888 321 4958 sati
346 4889 428 4959 ritus
460 4887 588 4960 illorum
623 4887 750 4961 Latinis
783 4887 1031 4963 commutandos
1063 4897 1278 4980 censuerunt,
1310 4873 1429 4960 eadem
1460 4887 1626 4982 dignitatis

252 5001 430 5075 Romanae
470 5004 578 5076 sedis'
597 5008 741 5077 ratione:
787 5027 872 5100 quae
909 5007 939 5078 si
974 5007 1105 5078 valeret
1145 5005 1368 5102 aliquatenus,
1410 5005 1453 5078 ad
1487 5010 1626 5099 veteriS,

146 5223 153 5240 .
252 5137 326 5190 non
353 5118 396 5190 ad
422 5139 533 5194 novae
559 5121 689 5194 Romae
716 5122 919 5220 disciplinam
947 5123 1134 5197 imitandam
1149 5123 1373 5220 compelleret.
1425 5123 1508 5196 lllud
1527 5127 1626 5217 igitur
