4670 6046
637 578 689 654 xo
716 577 921 654 naumann
946 544 1138 654 ceraton
1157 577 1186 654 s.
1208 577 1352 654 amun.
1486 627 1494 646 .
1583 576 1659 650 aas

303 770 389 844 paret
411 764 479 844 quia
501 780 567 825 eam
590 761 627 824 od
648 761 818 824 Lutberana
839 757 949 844 placita
973 762 1106 844 torqueri
1128 779 1220 841 possa
1243 761 1424 842 desperavit.
1463 760 1496 824 ln
1519 761 1584 825 aliis
1606 763 1661 824 Li-

303 863 410 945 turgiis
434 860 636 924 Orientalibus
658 879 718 924 non
741 869 823 924 extat
845 860 948 923 eadem
971 859 1081 940 lomna,
1111 879 1214 924 verum
1244 879 1280 922 ea
1311 878 1398 941 quam
1428 861 1662 944 designavimus,

304 961 340 1026 ad
367 966 516 1042 antiquam
552 959 770 1042 simplieitatem
799 960 923 1042 propius
955 959 1116 1022 accedens.
1134 1009 1141 1024 .
1156 1007 1186 1024 ..
1217 959 1278 1023 Sed
1302 969 1340 1023 ut
1368 959 1493 1022 diximus
1521 959 1602 1022 nulla
1631 961 1661 1022 in

304 1059 429 1124 Oriente
458 1058 595 1122 Ecclesia
623 1067 685 1138 est,
720 1075 797 1141 quae
826 1076 887 1120 non
914 1057 1022 1120 babeat
1049 1057 1086 1120 ad
1117 1061 1330 1122 communionis
1365 1060 1468 1121 boram
1498 1058 1660 1120 destinatas

303 1161 466 1234 orationes,
489 1176 566 1238 quae
589 1158 693 1221 eadem
715 1176 812 1240 prope
842 1160 1007 1235 sententia,
1037 1160 1170 1239 quamvis
1198 1175 1258 1220 non
1288 1165 1347 1220 tam
1370 1157 1487 1239 prolixe
1516 1176 1573 1220 nec
1601 1165 1661 1220 tam

302 1259 473 1341 diligenter,
497 1265 649 1338 exponant
670 1257 788 1320 illorum
811 1255 1048 1320 Christianorum
1071 1258 1109 1320 de
1131 1258 1320 1322 Eucharistia
1343 1257 1439 1320 iidem.
1470 1257 1545 1318 Nam
1568 1257 1663 1321 aSa-

297 1359 428 1422 -cerdotc
451 1357 588 1420 dicuntur
609 1357 685 1419 baec
707 1355 883 1418 aut‘similia
905 1357 999 1418 verba
1016 1356 1133 1438 Corpus
1154 1365 1290 1420 conabum
1309 1357 1366 1438 pto·
1385 1356 1461 1418 Dei:
1484 1365 1514 1419 et
1536 1357 1586 1437 qui
1609 1374 1663 1418 ac-

304 1459 381 1522 cedit
404 1456 442 1520 ad
464 1456 738 1520 communicandum
760 1456 935 1536 respondet.
957 1455 1071 1518 Amen:
1101 1456 1155 1519 sed
1184 1457 1221 1518 de
1243 1456 1289 1520 bis
1312 1455 1572 1538 diceturinlerius
1596 1473 1663 1516 cum

304 1555 498 1640 explicandus
521 1557 578 1617 erit
600 1555 814 1618 communionis
836 1556 920 1616 ritus.

387 1655 571 1737 Adjiciemus
594 1654 723 1736 denique
745 1653 825 1736 quod
848 1661 970 1735 praeter
992 1670 1096 1717 omnes
1119 1655 1240 1718 codices
1263 1656 1401 1736 antiquos
1425 1663 1456 1717 et
1477 1640 1663 1718 recentiores
1741 1679 1748 1694 ·

305 1757 354 1838 qui
375 1754 452 1817 banc
475 1753 702 1818 Confessionem
725 1761 965 1835 repraesentant,
989 1753 1092 1814 eadem
1116 1753 1259 1816 verbatim
1282 1753 1412 1816 refertur
1435 1753 1471 1816 ab
1488 1751 1665 1816 Abulbircat

305 1855 335 1916 io
355 1855 552 1934 Expositione
576 1851 696 1915 Ordinis
718 1851 846 1931 Missae,
876 1871 905 1936 ειἱ
916 1851 1056 1914 Gabriele
1078 1853 1247 1916 Patriarcba
1276 1855 1305 1915 in
1335 1853 1441 1915 ltituali
1464 1869 1536 1929 suo,
1567 1859 1598 1913 et
1628 1849 1664 1912 ab

305 1953 420 2017 Autore
443 1951 591 2016 Scientiae
611 1950 860 2014 Ecclesiasticae:
889 1950 995 2032 quibus
1019 1952 1044 2013 si
1067 1952 1245 2035 adjungatur
1268 1954 1411 2016 autoritas
1435 1952 1583 2014 Historiae
1606 1950 1666 2011 Pa-

305 2051 499 2116 triarcbarum
520 2049 810 2129 Alexandrinorum,
834 2051 1048 2132 disciplinaque
1071 2051 1226 2114 Ecclesiae
1249 2051 1464 2135 Aethiopicae,
1498 2057 1585 2113 extra
1607 2048 1666 2110 du-

304 2151 384 2214 bium
407 2157 464 2226 est,
484 2168 552 2226 ‚eam
575 2148 803 2212 consessionem
825 2168 940 2228 omnes,
964 2167 1168 2231 quaecumque
1196 2150 1301 2213 baberi
1323 2158 1452 2232 possunt
1481 2146 1665 2212 certitudinis

306 2258 336 2312 et
355 2251 491 2312 veritatis
513 2258 600 2312 notas
624 2251 795 2322 continere3
819 2249 923 2311 ritibus
946 2267 1066 2331 quoque
1086 2250 1233 2330 adjunctis
1256 2251 1420 2313 secundum
1435 2267 1512 2330 quos
1527 2264 1666 2329 pronun-

306 2352 378 2412 ciari
399 2349 499 2428 debet,
522 2351 562 2412 ita
584 2347 622 2412 ad
644 2348 733 2410 realis
744 2349 944 2429 ‚praesentiae
966 2349 1054 2411 sudem
1077 2349 1279 2428 determinari,
1302 2357 1334 2412 ut
1350 2349 1444 2429 majus
1457 2353 1665 2428 argumentum

297 2465 472 2512 consensus
494 2448 715 2529 Aegyptiorum
738 2464 805 2509 cum
827 2447 963 2510 Ecclesia
983 2446 1134 2510 Catholica
1157 2467 1196 2509 ne
1219 2449 1389 2530 excogitari
1411 2447 1529 2527 quidem
1550 2445 1664 2526 possit:

306 2549 424 2629 quando
446 2565 504 2608 nee
526 2547 590 2627 ipse
614 2546 651 2608 de
675 2546 760 2627 cujus
783 2546 841 2610 fide
863 2563 923 2608 non
946 2547 1106 2626 dubitatur,
1129 2547 1218 2610 talem
1240 2557 1358 2628 tamque
1382 2563 1558 2626 expressam
1581 2543 1666 2608 Con-

305 2646 467 2711 fessionem
488 2645 607 2727 publica
630 2647 787 2708 autoritate
809 2646 958 2726 munitam,
982 2645 1093 2708 nullam
1114 2648 1145 2708 in
1168 2647 1265 2710 sacris
1289 2646 1398 2709 Olllciis
1421 2645 1500 2722 suis,
1524 2652 1574 2706 aut
1597 2644 1667 2706 fidei

305 2745 545 2828 professionibus
568 2745 686 2807 babeat.
1638 2769 1641 2776 ¹

389 2845 485 2908 Porro
508 2863 595 2926 quam
617 2851 700 2908 certa
722 2845 761 2906 sit
781 2843 869 2925 hujus
893 2842 1098 2906 Conlessionis
1122 2847 1266 2908 autoritas
1288 2852 1318 2907 ct
1340 2845 1515 2926 antiquitas,
1542 2847 1665 2923 praeter
1712 2843 1845 2900 Confessio
1866 2856 1934 2900 emat
1956 2849 1983 2900 tn

305 2943 354 3006 illa
376 2963 454 3026 quae
477 2943 652 3026 protulimus
676 2951 869 3025 argumenta,
898 2943 1007 3025 probat
1030 2942 1135 3006 Codex
1162 2943 1276 3028 Regius
1305 2941 1606 3018 Graeco-Arabicus,
1633 2941 1663 3002 in
1677 2929 1862 3029 Codiqabagto
1875 2931 1984 2986 tincca-

306 3061 365 3125 quo
387 3044 506 3126 integre
528 3043 649 3126 legitur,
673 3061 739 3105 cum
762 3041 959 3106 additionibus
982 3042 1107 3122 duabus,
1131 3062 1208 3125 quae
1229 3043 1445 3106 controversiis
1459 3041 1495 3105 ab
1510 3041 1663 3104 autoribus
1677 3016 1795 3072 ‘mm

305 3142 447 3206 historiae
476 3141 699 3206 Alexandrinae
732 3143 901 3206 memoratis
936 3144 1125 3206 occasionem
1158 3143 1314 3206 dederunt.
1365 3143 1398 3204 ln
1426 3141 1520 3204 blerei
1549 3141 1664 3203 Graeca

193 3274 196 3282 ·
306 3241 438 3324 biturgia
467 3244 570 3322 primis
593 3249 706 3304 tantum
729 3241 854 3306 vocibus
878 3239 1038 3304 Confessio
1061 3242 1245 3326 designatur.
1287 3241 1387 3321 Σῶμα
1409 3232 1510 3325 ἅγιον,
1534 3261 1573 3304 ex
1596 3240 1667 3320 qui-

308 3341 362 3404 bus
385 3340 458 3405 solis
481 3341 619 3405 concludi
641 3359 701 3404 non
723 3349 824 3424 potest
851 3360 888 3403 ea
910 3341 975 3404 sola
999 3339 1076 3403 dicta
1098 3341 1210 3406 luisse:
1239 3360 1306 3404 eum
1335 3341 1426 3404 multa
1449 3343 1507 3404 sint
1529 3339 1667 3421 exempla

307 3441 443 3503 similium
465 3441 642 3518 orationum,
666 3461 743 3522 quae
764 3442 867 3522 primis
890 3447 1002 3502 tantum
1031 3440 1158 3504 vocibus
1181 3442 1385 3525 designantur,
1408 3443 1606 3524 integraeque
1628 3459 1669 3502 ex

309 3538 374 3602 aliis
396 3539 548 3602 codicibus
577 3533 727 3621 petendae
758 3547 837 3603 sunt.
888 3539 992 3620 ltaque
1022 3547 1051 3602 et
1079 3538 1261 3602 Jacobitieac
1284 3548 1314 3602 et
1336 3538 1529 3604 Ortbodoxae
1557 3539 1669 3603 Eccle-

308 3639 371 3702 siae
397 3639 562 3700 convenire
592 3640 687 3721 potuit
715 3639 789 3702 haee
811 3637 949 3702 formula.
1007 3639 1119 3701 Verum
1146 3646 1245 3700 tamen
1275 3657 1341 3701 cum
1371 3639 1465 3702 blarci
1494 3639 1667 3722 liturgiam,

308 3737 405 3802 multis
429 3738 492 3809 aliis
514 3737 628 3800 indiciis
653 3747 769 3802 constet
792 3737 975 3802 Ortbodoxis
998 3740 1097 3819 potius
1119 3741 1271 3821 propriam
1294 3755 1380 3819 quam
1397 3737 1539 3800 Jacobitis
1564 3737 1667 3813 luisse,

309 3835 427 3916 quando
454 3835 519 3899 sola
540 3837 589 3900 illa
614 3837 737 3902 Graecis
760 3846 831 3900 nota
860 3836 929 3914 luit,
958 3855 1091 3918 ususque
1121 3837 1199 3900 illius
1221 3839 1250 3900 in
1274 3837 1411 3901 Calabria
1440 3836 1545 3913 luerit,
1578 3843 1608 3896 et
1637 3838 1667 3898 in

309 3932 441 4018 Aegypti
463 3936 644 4018 provinciis,
662 3956 740 4018 quae
762 3937 855 4000 llario
878 3937 1068 4000 Patriarcbac
1093 3936 1247 4017 subjectae
1276 3944 1376 4016 erant,
1404 3938 1475 4019 quin
1502 3934 1667 3999 Jacobitica

310 4033 359 4097 illa
382 4037 532 4100 additione
554 4039 703 4116 caruerit,
731 4038 781 4098 vix
812 4044 860 4099 est
889 4035 1090 4099 dubitandum.
1140 4035 1199 4098 Sed
1228 4054 1326 4118 neque
1354 4035 1380 4097 si
1411 4043 1470 4096 tam
1497 4034 1667 4097 verisimilia

302 4144 486 4216 argumenta
516 4134 695 4213 delicerent,
724 4143 806 4198 esset
835 4135 1017 4219 ambiguitati
1047 4135 1147 4210 locus,
1175 4154 1241 4198 cum
1272 4142 1386 4198 eertum
1417 4134 1519 4197 baberi
1547 4133 1666 4211 debeat,

314 4232 525 4317 Tbeologiam,
560 4236 714 4315 novitatis,
744 4243 775 4298 et
797 4237 910 4299 erroris
938 4237 966 4297 in
998 4233 1197 4298 Oecumenico
1221 4233 1356 4298 Concilio
1385 4235 1608 4296 condemnatam
1630 4232 1667 4294 ab

301 4331 445 4396 vEcclesia
467 4332 619 4397 Catholica
641 4335 774 4418 probari,
797 4342 848 4397 aut
870 4335 963 4397 sacris
985 4335 1171 4398 orationibus
1197 4336 1290 4397 inseri
1312 4352 1373 4396 non
1395 4335 1539 4416 potuisse.

395 4429 437 4493 At
458 4430 537 4495 illam
560 4434 653 4515 ipsam
682 4433 907 4498 contessionem
938 4433 1033 4514 qualis
1061 4441 1143 4495 extat
1171 4437 1200 4496 in
1229 4433 1363 4516 Copticis
1391 4433 1533 4513 Liturgiis
1561 4430 1667 4510 tribus,

311 4529 432 4592 totidem
456 4532 557 4595 verbis
580 4534 708 4617 legimus
731 4536 761 4596 in
784 4533 908 4597 Graecis
937 4533 1149 4596 Alexandrinis
1173 4535 1286 4598 duabus
1316 4533 1462 4596 Basiliana
1490 4540 1520 4594 et
1547 4531 1667 4613 Grego-

277 4713 280 4718 γ
311 4628 404 4710 dana,
428 4649 502 4712 quas
525 4632 600 4696 baec
622 4640 693 4695 nota
715 4633 790 4710 sola,
812 4633 957 4697 Jacobitis
988 4641 1146 4714 usurpatas
1170 4633 1261 4696 luisse
1284 4634 1450 4696 certissime
1473 4632 1664 4694 demonstrat.

195 4759 202 4778 ν
313 4727 417 4792 Codex
438 4731 489 4812 qui
510 4731 576 4794 idas
599 4733 730 4794 eontinet
758 4732 877 4794 videtur
906 4740 1004 4795 aetate
1030 4731 1267 4796 Patriarcbarum
1296 4732 1413 4797 illorum
1441 4733 1581 4809 duorum,
1610 4731 1666 4793 sub

304 4828 419 4909 quibus
447 4831 485 4892 de
515 4830 714 4895 additionibus
745 4833 926 4913 disputatum
956 4838 1018 4910 est,
1049 4833 1208 4912 antiquior.
1258 4831 1342 4896 Unde
1371 4832 1476 4895 vocari
1502 4838 1607 4914 posset
1637 4833 1667 4892 in

313 4926 430 4990 dubium
453 4929 603 4994 Historiae
625 4930 847 4995 Alexandrinae
870 4931 961 5011 fides,
992 4933 1061 5012 quia
1091 4932 1262 5015 significare
1290 4932 1409 4996 videtur
1438 4931 1667 5016 quodammodo,

312 5023 404 5088 lactas
426 5027 491 5091 illas
514 5049 584 5093 esse
606 5031 743 5112 primum,
766 5050 832 5093 cum
855 5029 893 5092 dc
915 5030 973 5092 illis
995 5031 1133 5094 Monacbi
1153 5027 1314 5093 blacariani
1335 5033 1415 5096 litem
1436 5041 1604 5096 moverunt.
1627 5031 1668 5094 At

337 5163 422 5208 ramas
434 5166 449 5208 r.
991 5216 996 5226 ¹
1033 5199 1036 5204 .
1408 5148 1458 5223 49
