4778 6034
525 555 576 632 DE
591 554 845 634 hllUliOlhliUbl
861 554 1113 633 otmundum
1130 553 1278 632 ontanu
1290 557 1338 633 tr
1354 555 1602 634 aaronitae
1705 553 1750 627 LI

491 743 569 814 Pari
593 745 741 832 ratione,
767 743 796 814 si
822 743 895 837 quis
925 740 1020 814 lactis
1051 739 1216 816 albertini
1251 753 1307 814 aut
1333 739 1470 814 oliorum
1500 741 1596 835 hujus
1631 746 1748 816 aeuus

1774 758 1886 827 Simplex
1898 759 2070 814 earumlectio

390 856 664 948 calvinistarum,
697 859 841 930 maxime
872 855 1018 948 Claudii,
1046 861 1289 953 commentariis
1316 867 1515 930 commotum
1547 879 1587 934 se
1617 864 1749 951 sentiat,
1762 847 1846 898 ⁰¹⁰¹¹¹¹
1867 843 1967 900 etrum
1986 862 2068 915 Ψ·

389 972 478 1069 quod
512 997 573 1048 eos
614 972 810 1046 affirmantes
844 973 959 1047 videat
993 973 1176 1047 doctrinam
1208 974 1309 1046 realis
1345 977 1558 1070 praesentiae
1597 996 1750 1072 corporis

389 1089 511 1165 Christi
536 1093 571 1162 in
595 1087 821 1179 Eucharistia,
847 1099 960 1162 natam
985 1111 1063 1164 esse
1088 1093 1123 1161 in
1139 1088 1313 1163 Romanae
1329 1087 1504 1164 Ecclesiae
1522 1094 1606 1184 sinu,
1634 1087 1751 1162 Grae-

388 1210 503 1302 cisque
530 1216 563 1278 et
580 1205 730 1278 omnibus
748 1203 911 1278 Ecclesiis
927 1204 1149 1280 Orientalibus
1176 1227 1253 1280 essc
1277 1209 1442 1299 ignotam,
1469 1205 1621 1280 consulat
1645 1205 1750 1277 libros

388 1321 602 1395 Orientalium
614 1319 883 1412 Ecclesiasticus,
903 1332 1066 1414 agnoscet
1078 1322 1197 1395 malam
1209 1322 1375 1395 hominum
1393 1320 1507 1413 fidem,
1534 1345 1606 1395 cum
1624 1341 1751 1396 summa

386 1440 574 1530 ignorantia
613 1448 647 1509 et
680 1437 863 1510 incredibili
895 1441 1080 1511 temeritate
1113 1441 1331 1530 conjunctam.
1385 1437 1481 1524 Quae
1522 1442 1609 1512 enim
1642 1439 1751 1528 major

387 1575 464 1627 esse
488 1557 610 1651 potuit,
637 1577 735 1650 quarn
760 1552 942 1646 hominem,
969 1577 1067 1651 quern
1091 1554 1608 1651 vixGraeoescivissaquisquo
1636 1575 1750 1645 agno-

388 1673 467 1759 scit3
494 1672 550 1765 qui
563 1668 778 1741 Orientalium
803 1669 989 1763 linguarum
1004 1681 1076 1744 arat
1101 1669 1201 1766 plane
1216 1693 1360 1766 expers,
1386 1693 1496 1743 rerum
1513 1669 1751 1764 multomagis,

388 1806 430 1857 ea
456 1783 666 1878 confidentia,
693 1808 779 1879 quae
804 1791 866 1860 vix
891 1785 1151 1860 indoctissimis
1183 1797 1216 1860 at
1249 1786 1315 1860 hoc
1340 1791 1374 1858 in
1406 1786 1587 1860 studiomm
1622 1807 1749 1878 genera

389 1901 534 1974 subactis
559 1901 639 1974 ierri
664 1912 799 1998 posset,
827 1902 1008 1978 affirmasse
1035 1925 1093 1993 ea,
1125 1925 1212 2000 quaa
1238 1901 1312 1978 solu
1339 1901 1498 1975 librorum
1533 1905 1589 1996 qui
1616 1904 1753 1974 suntin

390 2021 532 2090 omnium
557 2019 727 2110 manibus,
752 2023 958 2116 inspectione
985 2017 1204 2093 confutantur.
1255 2018 1352 2091 Unde
1368 2017 1492 2090 lactum
1518 2027 1589 2109 est,
1615 2026 1651 2089 ιιι
1677 2039 1752 2090 cum

390 2131 599 2226 Albartinus,
625 2139 679 2208 vir
704 2133 847 2208 infinitae
873 2135 1040 2226 lectionis,
1066 2140 1176 2208 omniu
1202 2157 1310 2232 prope
1327 2143 1480 2207 veterum
1499 2136 1622 2229 scripta
1649 2155 1752 2208 scru-

389 2258 474 2322 tatus
502 2260 610 2342 esset,
636 2255 670 2324 in
696 2251 814 2346 quihus
840 2252 882 2325 de
906 2250 1114 2324 Eucharistia
1141 2274 1252 2326 sermo
1279 2259 1348 2342 est,
1374 2259 1408 2321 et
1429 2271 1656 2344 quaecumque
1672 2271 1752 2319 ma-

389 2369 442 2458 gis
466 2371 645 2464 perspicua
680 2378 755 2440 sunt
789 2367 832 2440 ad
864 2366 1111 2465 metaphoricos
1146 2389 1265 2442 sensus
1299 2366 1531 2462 detorqueret,
1566 2363 1608 2436 de
1642 2363 1752 2436 multis

390 2505 475 2578 quaa
501 2487 535 2556 iu
560 2482 711 2577 Liturgia
737 2487 863 2580 passim
891 2495 1085 2573 occmrunt,
1111 2485 1253 2558 verbum
1278 2486 1340 2556 vix
1365 2481 1491 2554 lecerit.
1544 2479 1754 2572 lntelhgahat

391 2603 511 2696 quippe
537 2603 637 2692 satis,
664 2603 834 2672 orationes
860 2601 1137 2698 simplicissimas,
1165 2611 1310 2694 atquae
1337 2621 1358 2670 a
1389 2597 1489 2693 plebe
1524 2595 1752 2684 audiebantur,

389 2715 563 2810 repudiare
594 2721 775 2789 sententias
801 2717 875 2792 illas
908 2718 1078 2791 abstrusas
1104 2739 1188 2812 quas
1220 2713 1347 2790 subtilis
1379 2712 1574 2805 Theologus
1600 2715 1663 2784 vix
1693 2715 1752 2784 in-

389 2833 531 2925 telligat,
565 2843 598 2904 et
625 2854 707 2927 quas
739 2836 804 2905 viri
830 2837 936 2906 minus
963 2833 1112 2906 doctriua
1145 2843 1178 2904 at
1209 2830 1412 2929 eloquentia,
1449 2853 1548 2925 quam
1579 2831 1753 2902 sanctitate

389 2949 552 3039 celebres,
565 2952 708 3045 propriis
734 2949 849 3022 verbis
863 2948 963 3023 facile
977 2953 1223 3046 exposuissent,
1249 2970 1316 3021 non
1333 2947 1397 3021 illis
1416 2969 1503 3043 quae
1529 2941 1616 3018 ahud
1637 2947 1750 3016 onmi-

385 3085 430 3136 no
457 3063 658 3158 significant,
684 3068 713 3137 si
740 3065 931 3162 simpliciter
949 3069 1159 3163 accipiantur.
1214 3063 1298 3140 Cum
1322 3069 1411 3138 enim
1436 3061 1577 3162 populus
1596 3061 1751 3134 audiebat

389 3177 623 3272 Sacerdotem,
659 3179 818 3274 singulari
844 3183 997 3254 oratione
1028 3185 1241 3256 invocantem
1275 3183 1418 3279 Spiritus
1452 3179 1568 3254 Sancti
1598 3175 1751 3274 illapsum

390 3319 490 3394 super
525 3297 612 3369 dona
641 3300 831 3394 proposita,
856 3307 893 3370 ut
925 3298 1108 3372 adveniens
1141 3297 1286 3373 efficeret
1317 3321 1438 3396 panem
1464 3297 1597 3393 quidem
1628 3315 1751 3389 corpus

391 3411 526 3504 Christi3
550 3417 664 3487 vinum
691 3423 724 3486 et
749 3437 869 3508 aquam
894 3419 1091 3508 sauguinem
1117 3416 1260 3507 Christi,
1287 3438 1328 3488 ea
1354 3414 1601 3490 transmutando
1629 3414 1751 3486 virtute

390 3527 520 3622 divina,
553 3551 653 3602 nemo
695 3533 936 3605 existimaverit
966 3534 1216 3606 circumstantes
1252 3529 1460 3606 Christianos
1491 3553 1533 3604 ea
1564 3530 1671 3604 verba
1706 3533 1751 3601 ita

390 3649 578 3742 accepisse,
602 3654 639 3719 ut
663 3669 783 3742 panem
810 3655 843 3719 et
868 3651 980 3721 vinum
1012 3669 1079 3718 non
1105 3651 1213 3740 magis
1240 3647 1416 3720 crederent
1449 3669 1572 3743 corpus
1607 3667 1686 3719 esse
1718 3654 1752 3716 et

390 3766 584 3854 sangninem
611 3761 748 3854 Christi,
775 3786 872 3857 quam
903 3767 967 3859 ipsi
992 3770 1114 3836 esseut.
1166 3763 1216 3834 lta
1251 3767 1339 3836 eninr
1372 3762 1513 3835 brevem
1545 3762 1655 3850 illam,
1690 3758 1752 3832 sad

390 3881 500 3950 omnia
525 3879 764 3970 significantem
787 3878 959 3972 Liturgiae
986 3889 1114 3974 partem
1140 3877 1271 3972 Corpus
1297 3878 1441 3966 Christi,
1469 3875 1512 3950 ad
1538 3900 1624 3972 quae
1643 3876 1751 3951 verba

389 3991 503 4068 fideles
528 3995 788 4091 respondebant,
815 3996 935 4084 Amen,
962 3998 1194 4090 interpretatus
1221 4005 1273 4067 est
1299 3994 1501 4069 Albertinus.

493 4108 723 4184 Concedamus
750 4114 822 4204 ejus
849 4109 1120 4202 admiratoribus,
1146 4132 1223 4186 esse
1249 4115 1283 4183 iu
1309 4121 1499 4186 sanctorum
1513 4111 1647 4184 Panum
1666 4131 1751 4184 sen-

390 4230 498 4300 tentiis
525 4229 670 4302 ohscura
701 4227 816 4318 multa,
852 4250 939 4323 quae
971 4226 1046 4298 luae
1080 4227 1267 4320 indigeant,
1302 4251 1376 4300 cum
1411 4231 1557 4300 oratorie
1590 4225 1750 4322 quaedam

390 4340 549 4436 dixerint,
576 4344 783 4439 adquorum
810 4343 1052 4418 similitudinem
1078 4367 1120 4416 ea
1147 4367 1233 4439 quae
1264 4343 1306 4416 de
1341 4348 1493 4440 corporis
1521 4341 1641 4418 Christi
1666 4365 1751 4416 vera

390 4467 424 4530 et
448 4461 530 4532 reah
556 4465 745 4557 praesentia
772 4464 993 4556 scripsenmt,
1019 4463 1231 4556 interpretari
1257 4471 1421 4556 oporteat
1474 4459 1603 4532 Tamen
1618 4483 1693 4531 oum
1709 4460 1752 4533 de

290 4625 295 4634 ·
389 4579 493 4650 sacris
520 4579 685 4673 mysteriis
712 4577 755 4649 ad
780 4575 914 4667 fideles,
942 4584 997 4648 aut
1023 4573 1066 4647 ad
1091 4596 1211 4649 recens
1237 4574 1422 4672 baptisatus
1448 4576 1556 4649 rerba
1582 4573 1752 4650 faciebant

389 4712 555 4786 nunquam
579 4696 686 4766 minus
711 4693 1011 4767 rhetoricabantur:
1043 4690 1103 4765 scd
1137 4691 1250 4764 demus
1281 4695 1328 4765 ita
1360 4713 1448 4767 asse.
1500 4691 1538 4765 ln
1571 4690 1751 4784 Liturgicis

391 4808 546 4904 precibus
583 4809 690 4884 nullus
724 4809 912 4885 rhetoricae
952 4817 1009 4882 aut
1046 4805 1292 4902 amplificationi
1323 4806 1428 4881 locus.
1483 4807 1566 4883 Cum
1603 4807 1752 4880 hortatur

390 4924 579 5018 Diacouus,
604 4935 641 4999 ut
665 4936 753 5001 stent
777 4949 893 5002 omnes
919 4929 953 4999 in
978 4929 1097 4996 timore
1123 4932 1158 4994 et
1172 4935 1318 4996 tremore
1338 4935 1414 4997 aute
1435 4949 1532 5020 quam
1547 4948 1643 5000 saera
1662 4926 1750 4995 actio

390 5043 583 5140 incipiattu,
607 5053 642 5116 et
667 5053 842 5142 antequam
867 5047 1043 5118 invocetur
1057 5037 1199 5138 Spiritus
1215 5039 1375 5134 Sanctus,
1400 5063 1512 5115 nonne
1536 5044 1610 5138 ipsa
1643 5039 1750 5113 verba

1487 5159 1510 5229 7
1522 5156 1545 5198 ἢ

1763 939 1847 986 menta
1862 929 1963 985 refellit.

1771 4115 2069 4184 Simplexillarumstilun

1764 4211 1865 4255 coactas
1880 4205 2070 4272 interpretatio-

1764 4305 1810 4342 nes
1821 4306 1873 4344 non
1886 4291 2001 4345 admittit.
