4686 6060
442 1809 594 1882 Exemplum
611 1813 721 1868 electio-

407 1897 447 1949 nis
459 1912 474 1948 a
484 1897 616 1952 Ilonacbia
625 1901 650 1952 S.
663 1899 720 1952 bla-

408 1984 471 2035 carii
484 1983 578 2050 iactae,
593 1994 619 2037 et
633 1986 720 2054 qund-

406 2080 466 2119 nam
477 2071 584 2138 proprie
593 2070 635 2136 jus
647 2073 720 2138 ipso-

406 2167 464 2204 rum
482 2155 568 2208 inerit.

738 584 815 658 aro
1108 587 1711 706 narnrarlacnl

737 792 929 844 communes
956 773 1103 866 regulas.
1143 773 1274 868 Quippe
1300 773 1539 849 Alexandrinis
1566 775 1600 848 id
1626 776 1761 866 licebat,
1789 780 1844 872 qni
1871 781 1996 852 amisso
2023 780 2106 876 Ilpi-

736 909 842 983 scopo
871 911 951 978 sno,
977 892 1110 962 nomine
1134 887 1312 960 Ecclesiae
1338 899 1481 985 pastore
1503 891 1679 980 viduatae,
1706 914 1801 964 more
1827 897 1991 985 majorum
2019 899 2106 970 scri·

733 1001 818 1074 bere
845 1004 887 1075 ad
914 1003 997 1076 alias
1022 1004 1196 1077 EcclesIas
1222 1014 1388 1100 poterant,
1415 1005 1556 1101 utpote
1583 1006 1703 1080 Clarus
1731 1007 1822 1080 sedis
1848 1013 2011 1082 vacantis.
2063 1012 2108 1082 m

736 1115 893 1191 Gabirani
920 1123 975 1215 qni
989 1119 1194 1216 Episcopum
1219 1118 1396 1207 baberent,
1424 1124 1497 1192 sine
1524 1145 1589 1216 qno
1617 1121 1799 1195 secundum
1818 1123 1978 1198 canones
2006 1148 2107 1218 agere

734 1231 812 1303 nibil
838 1244 1012 1330 poterant,
1039 1235 1176 1308 Clarum
1202 1235 1244 1308 ab
1272 1238 1344 1328 ejus
1371 1259 1518 1331 corpore
1553 1236 1719 1309 divulsum
1751 1259 1819 1310 non
1854 1238 2107 1330 constituebant,

732 1371 843 1444 neque
879 1349 944 1422 alia
977 1350 1074 1444 hujus
1105 1353 1331 1425 innovationis
1358 1374 1461 1424 cansa
1487 1353 1656 1424 censenda
1683 1364 1754 1443 est,
1783 1377 1881 1450 quam
1915 1355 2006 1450 qnod
2040 1377 2106 1428 no-

733 1464 873 1538 bibcres
911 1466 1107 1559 indigenae,
1144 1466 1287 1539 Gabbae
1321 1469 1432 1563 potins
1465 1491 1564 1562 qnam
1596 1467 1826 1542 Alexandriae
1861 1469 2042 1562 degentes,
2077 1479 2108 1540 et

734 1581 931 1654 sacerdotes
963 1585 1045 1678 ipsi,
1078 1604 1146 1654 non
1179 1586 1287 1654 minns
1323 1605 1362 1658 sc
1397 1582 1440 1655 ad
1472 1582 1738 1689 AlexandrInam
1769 1582 1978 1676 Ecclesiam,
2013 1607 2107 1680 qnam

735 1698 790 1792 qni
817 1699 850 1766 in
877 1719 918 1767 ea
945 1699 1018 1792 ipsa
1045 1677 1129 1770 urbe
1156 1705 1288 1786 essent,
1316 1697 1553 1770 existimabant
1578 1703 1757 1793 pertinere.

838 1810 956 1883 XLIII.
984 1799 1125 1886 Praeter
1152 1813 1287 1884 Clernm
1315 1823 1349 1884 et
1373 1813 1532 1908 populmrr
1566 1817 1737 1910 utriusque
1772 1815 1883 1905 urbis,
1915 1819 1971 1910 qni
2002 1817 2106 1888 alter-

733 1930 836 1999 natim
863 1925 1009 2018 eligendi
1033 1932 1088 2022 jus
1122 1929 1185 2002 sibi
1219 1927 1451 2019 vlndicabant,
1485 1933 1631 2002 occurrit
1664 1930 1872 2025 exemplum,
1906 1931 1996 2026 qnod
2029 1954 2108 2004 mox

734 2041 1020 2132 observabamus,
1047 2044 1153 2116 Marci
1185 2044 1241 2116 lilii
1272 2045 1422 2134 Zaraae,
1458 2045 1502 2116 de
1533 2047 1627 2137 cnjus
1653 2046 1818 2118 electione
1850 2045 1965 2119 scribit
1998 2045 2107 2117 blsto-

731 2163 834 2248 mona,
861 2159 949 2254 qnod
976 2160 1018 2231 ad
1043 2159 1231 2249 Monacbos
1258 2163 1471 2257 spectaverit,
1496 2165 1629 2233 unIcnm
1655 2184 1748 2252 sane,
1776 2171 1810 2235 et
1836 2162 1925 2258 qnod
1956 2161 2108 2256 dlacipli·

731 2295 797 2346 nae
823 2277 950 2368 regulis
977 2287 1012 2349 et
1037 2276 1200 2373 exempbs
1227 2281 1428 2349 contrarium
1448 2288 1509 2351 est.
1561 2278 1734 2368 Alterum,
1761 2278 1822 2353 sad
1844 2279 1970 2352 diversi
1995 2300 2106 2370 gena-

731 2395 801 2483 ris,
845 2390 1071 2467 subministrat
1113 2383 1251 2467 historia
1287 2392 1427 2465 Macarii
1463 2393 1586 2466 LXIX.
1617 2396 1652 2464 in
1684 2416 1750 2487 qna
1788 2394 1949 2486 legimus,
1983 2394 2112 2466 blisrae

732 2512 826 2582 cives
854 2519 888 2580 et
914 2509 1098 2582 Monachus
1125 2510 1162 2582 S.
1188 2509 1329 2600 Macarii
1352 2511 1388 2579 in
1414 2531 1457 2580 ea
1483 2507 1648 2581 electione
1671 2511 1727 2602 jus
1753 2509 1929 2583 habuisse:
1963 2531 2009 2580 ex
2042 2528 2105 2602 qno

732 2627 922 2697 testimonio
953 2625 1019 2698 dno
1045 2625 1144 2697 nobis
1171 2625 1283 2716 colligi
1315 2645 1420 2719 posse
1447 2624 1611 2700 videntur.
1669 2624 1825 2698 Alterum
1859 2623 1949 2718 qnod
1980 2621 2105 2695 ilona-

731 2740 868 2814 cbornm
894 2744 1046 2833 nomIne,
1071 2762 1140 2812 non
1166 2741 1222 2813 alii
1248 2740 1451 2833 intedigendi
1478 2749 1554 2814 sunt
1573 2764 1671 2837 quam
1684 2740 1730 2813 illi
1752 2744 1808 2838 qui
1824 2742 1965 2813 erantin
1979 2738 2105 2810 Mona·-

731 2859 842 2930 steriis
869 2860 976 2929 sancti
1002 2857 1156 2929 lllacarii:
1184 2856 1324 2928 alterum
1356 2855 1445 2950 qnod
1477 2856 1603 2928 blisrae
1634 2859 1728 2930 cives
1756 2861 1813 2952 qui
1839 2855 2038 2928 electionem
2064 2853 2106 2927 ad

730 2993 769 3045 se
796 2976 966 3068 pertinere
994 2970 1257 3063 arbitrabantur,
1284 2993 1345 3044 eos
1372 2975 1406 3042 in
1433 2971 1608 3044 concilium
1635 2971 1850 3069 suffragiiqne
1865 2972 1996 3046 ferendi
2017 2993 2105 3043 con-

730 3090 871 3171 sortium
896 3087 1096 3160 admiSerInt.
1151 3087 1236 3160 Cum
1263 3091 1368 3175 enlm,
1394 3097 1429 3158 ut
1456 3088 1565 3160 multis
1592 3089 1756 3184 exemplis
1783 3099 1926 3178 constat,
1952 3084 2104 3185 plerum-

730 3227 795 3300 qne
821 3204 988 3276 candidati
1014 3227 1060 3276 ex
1085 3204 1300 3276 Monasteriis
1327 3214 1594 3300 assumerentur,
1627 3224 1797 3298 saepeque
1823 3208 1932 3296 magis
1958 3204 2106 3300 placeret

728 3321 808 3414 ebgi
834 3343 914 3412 eoa,
950 3323 1005 3414 qui
1035 3318 1158 3391 mundo
1188 3321 1348 3410 incogniti
1379 3321 1413 3390 in
1448 3321 1619 3408 oratione,
1659 3341 1896 3414 sacrarumque
1935 3319 2104 3391 literarum

704 3438 837 3530 ,studio
864 3439 1026 3529 maj0rem
1053 3439 1145 3509 vitae
1177 3445 1306 3530 partem
1332 3444 1599 3508 consumserant:
1625 3457 1769 3508 necesse
1796 3445 1868 3507 erat
1890 3435 2021 3525 adduci,
2048 3443 2105 3506 ant

726 3552 1032 3645 Arcbimandritas,
1060 3561 1116 3624 ant
1141 3553 1279 3642 majoris
1307 3550 1475 3643 dignitatis
1501 3549 1705 3642 Monachus,
1733 3553 1787 3644 qui
1815 3551 1857 3622 de
1884 3573 2000 3626 eornm
2025 3555 2104 3624 vlr-

726 3678 812 3759 tnte,
839 3668 1010 3759 doctrina,
1038 3677 1072 3740 et
1097 3668 1272 3764 prudentia
1298 3669 1518 3740 testimoninm
1547 3666 1634 3762 apud
1661 3669 1962 3758 congregationem
1988 3666 2103 3763 populi

727 3795 761 3858 at
785 3784 1031 3882 Episcopomm
1057 3783 1148 3858 ferra
1180 3792 1329 3879 possent.
1382 3781 1501 3877 Neque
1527 3782 1612 3855 haec
1637 3781 1782 3876 simplex
1806 3784 1980 3878 inanisque
2015 3804 2103 3854 con-

723 3903 853 3994 jectura
896 3911 967 3991 est,
1010 3901 1071 3974 sed
1106 3899 1241 3972 brodata
1273 3903 1349 3994 ipso
1385 3898 1558 3971 electionis
1590 3902 1818 3971 instrumento.
1870 3899 1909 3970 ln
1940 3921 1984 3970 eo
2017 3903 2104 3994 enlm

725 4015 990 4111 Episcopornm,
1017 4013 1257 4106 Sacerdotum,
1291 4024 1324 4086 et
1351 4011 1574 4104 clericorum,
1594 4023 1669 4113 ¹turn
1695 4015 1810 4108 populi
1834 4017 2017 4109 prImornm
2043 4037 2104 4088 sen

724 4127 928 4230 Ἀρχόντων
952 4133 1077 4202 mentio
1104 4131 1151 4220 fit,
1177 4141 1331 4225 tanquam
1346 4129 1389 4202 ad
1416 4128 1615 4202 electionem
1642 4131 1934 4220 consentientium,
1962 4153 2102 4226 eamque

727 4247 893 4340 snlIragiis
921 4250 991 4320 suls
1022 4245 1318 4342 comprobantium.
1370 4247 1424 4317 De
1456 4244 1629 4318 MonacbIs
1664 4245 1799 4335 dicitur,
1832 4243 1921 4340 quod
1956 4243 2001 4314 ab
2035 4245 2103 4315 illia

727 4367 914 4459 quaesitum
936 4365 1061 4456 fcerit,
1089 4385 1271 4456 eorumque
1297 4364 1488 4432 testimonio
1521 4364 1714 4432 constiterit
1748 4362 1791 4432 de
1823 4358 1997 4452 spirituali
2031 4365 2103 4452 ejus

722 4484 886 4575 profectu
911 4486 1099 4574 coactaque
1126 4482 1397 4550 coaoeraaIIoae.
1451 4477 1566 4571 Itaque
1597 4498 1666 4548 non
1701 4476 1781 4548 alio·
1800 4473 1891 4547 titulo
1922 4473 2033 4546 locmn
2068 4476 2102 4546 In

726 4597 791 4668 libs
826 4596 1044 4670 electionibus
1077 4594 1265 4682 habebant,
1300 4596 1363 4666 nisi
1395 4602 1430 4663 nt
1456 4601 1560 4665 testes
1587 4593 1738 4687 pietatm,
1764 4591 1840 4664 lidei
1867 4599 1902 4660 et
1927 4589 2100 4681 religionis

727 4723 857 4802 essent,
897 4715 970 4804 ejns
1007 4715 1062 4807 qni
1095 4711 1138 4783 ad
1172 4707 1430 4782 Patriarcbalem
1458 4707 1651 4801 dignitatem
1676 4691 1958 4802 promovebatur:
1991 4725 2101 4799 nequa

726 4830 875 4902 ordinem
903 4829 1107 4920 singularem
1133 4824 1379 4900 constituebant
1405 4827 1460 4920 qni
1487 4822 1530 4896 ad
1557 4822 1746 4915 eligendum
1769 4825 1825 4914 jus
1851 4820 2011 4909 baberet,
2040 4817 2100 4892 sed

725 4942 948 5017 censebantur
963 4948 1048 5016 inter
1062 4945 1207 5033 Laicos,
1234 4945 1290 5037 qni
1315 4939 1405 5013 nullo
1432 4939 1540 5034 gradu
1555 4937 1797 5012 Ecclesiastico
1816 4939 2097 5028 insigniti’erant:

723 5060 782 5134 vel
807 5064 892 5133 inter
919 5060 1126 5150 sacerdotes,
1154 5062 1183 5132 si
1210 5063 1266 5154 qni
1279 5057 1467 5131 sacerdotio
1486 5054 1720 5150 iungebantur.
1755 5053 1794 5127 Si
1814 5053 1908 5124 aliter
1921 5049 2097 5146 aIanando
