4686 6060
716 479 1252 638 lnoxnro'arno.
1593 518 1670 594 aaa

301 699 531 780 Alexandriae
558 701 622 774 duu
648 702 862 776 Patriarchae
888 703 1001 794 luere3
1029 704 1095 776 duo
1122 726 1254 800 quoque
1281 703 1424 779 Cabirae
1451 675 1518 779 ¹seu
1543 705 1671 780 bilsrae
1788 707 1791 713 ’

301 816 479 913 Episcopi,
507 819 592 891 sicut
619 829 687 891 totu
715 823 840 915 passim
856 819 1022 910 Oriente,
1056 820 1113 894 nbi
1139 824 1238 894 etiarn
1265 819 1441 916 aliquando
1467 834 1536 896 tres
1562 822 1670 912 fuere,

301 944 338 1006 ut
368 937 401 1004 in
433 932 542 1006 multis
569 935 833 1031 Mesopotamiae
868 936 1023 1025 urbibus,
1057 941 1134 1032 quia
1164 945 1300 1034 praeter
1332 959 1413 1027 eos,
1445 949 1540 1011 erant
1572 943 1669 1024 etiam

180 1069 184 1088 ¹
300 1047 502 1121 Nestoriani.
561 1051 599 1122 ln
633 1054 797 1147 superiori
827 1055 1016 1148 pruvincia,
1061 1055 1136 1124 sive
1170 1050 1361 1139 Thebaide,
1397 1053 1573 1127 Jacubitae
1606 1056 1671 1128 soli

301 1163 474 1238 Ecclesiae
502 1164 711 1254 obtinebant,
742 1190 850 1264 neque
876 1167 942 1240 ulla
968 1190 1106 1263 prorsus
1131 1168 1195 1240 illis
1222 1171 1254 1239 in
1282 1166 1434 1257 urbibnS,
1471 1192 1553 1264 quas
1579 1193 1669 1242 enu-

301 1283 522 1370 meravimus,
554 1280 784 1354 Melcbitarum
819 1305 879 1356 seu
907 1281 1176 1356 Ortbuduxurum
1206 1287 1368 1376 vestigia:
1402 1288 1496 1380 quia,
1532 1294 1569 1357 ut
1601 1306 1669 1356 non

301 1419 367 1468 uno
395 1397 471 1469 lucu
498 1395 618 1468 dictum
645 1408 709 1490 est,
735 1403 768 1470 in
782 1400 976 1491 longissima
993 1399 1082 1472 sedis
1100 1398 1351 1473 Alexandrinae
1367 1399 1518 1490 orbitate
1546 1424 1670 1497 quam-

302 1513 357 1583 diu
384 1512 577 1587 cadolicos
602 1512 789 1609 Episcopus
817 1536 883 1585 non
909 1513 1032 1604 babuit,
1060 1536 1176 1587 omnes
1202 1518 1299 1611 primi
1326 1525 1360 1586 et
1379 1515 1516 1588 secundi
1534 1515 1668 1589 Ordinis

301 1627 531 1704 Ecclesiastici
558 1628 599 1701 ad
627 1651 686 1700 eas
713 1628 882 1702 Ecclesiae
908 1633 1013 1718 missi,
1044 1629 1186 1701 camah
1214 1631 1399 1704 Haeretiois
1426 1632 1669 1705 ordinationem
1698 1617 1718 1686 .‘

303 1748 522 1841 accepissent,
547 1744 681 1817 haeresi
709 1766 841 1840 quoquo
867 1766 928 1817 sua
954 1767 1012 1818 eas
1039 1743 1233 1818 infecerunt.

408 1862 575 1935 CXXXII
601 1864 708 1936 Porro
735 1865 896 1950 omnium,
924 1885 1008 1958 quos
1035 1862 1197 1954 diximus,
1224 1862 1470 1960 Episcoporum
1497 1865 1668 1937 Ordinatio
1716 1875 1901 1944 Episcoporum
1919 1879 1992 1932 ordi-

303 1977 345 2050 ad
372 1978 478 2051 sulam
497 1977 719 2050 Patriarcham
746 1977 931 2074 spectabat,
957 2001 1065 2074 neque
1093 1978 1148 2050 alii
1174 1981 1476 2075 comprovinciales
1496 1979 1669 2078 Episcopi,
1682 1963 1751 2060 ΜΨ
1765 1970 1791 2014 ⁰³
1806 1963 1992 2033 ⁶⁰⁸¹II⁸l⁰³d

303 2103 359 2166 ant
384 2097 417 2164 in
442 2093 639 2166 vacanthus
665 2093 799 2168 sedibus
827 2117 888 2168 eus
915 2097 1134 2184 constituere,
1166 2105 1223 2167 aut
1252 2095 1317 2168 illis
1352 2118 1469 2170 manus
1494 2047 1852 2192 imponere1¹,³,⁸,¹‚⁰archam
1887 2059 1992 2120 δμῶ’

301 2219 463 2306 poterant.
516 2211 651 2304 Insigne
677 2215 776 2314 istius·
798 2213 981 2284 autoritatis
1008 2221 1237 2303 argumentum
1263 2210 1404 2308 praebet
1428 2211 1574 2286 Historia
1595 2215 1668 2285 Pa-

301 2326 485 2399 triarchalis
511 2329 544 2396 in
570 2325 671 2420 longa
697 2327 753 2399 illa
779 2330 973 2416 vacatione,
1002 2350 1087 2420 quae
1113 2326 1361 2402 Ordinationem
1378 2326 1495 2423 Cyrilli
1510 2329 1548 2400 F.
1570 2327 1669 2402 Lak-

301 2440 370 2514 laki
403 2447 598 2531 antecessit,
630 2442 752 2516 iactam
780 2464 866 2514 annu
893 2442 923 2513 J.
951 2442 991 2515 C.
1016 2439 1254 2516 dccxxxv.
1312 2444 1397 2516 Nam
1433 2447 1466 2516 in
1494 2447 1566 2537 eJus
1598 2448 1670 2517 vita

302 2558 473 2648 scribitur,
514 2582 587 2631 eam
622 2563 732 2632 statim
766 2559 940 2632 ordinasse
972 2558 1162 2656 Episcopus
1197 2559 1271 2656 plus
1306 2582 1403 2655 quum
1437 2561 1667 2657 quadaginta,

302 2677 378 2768 quia
391 2675 531 2748 scilieet
556 2698 617 2773 per
643 2697 803 2748 annorum
830 2679 949 2768 viginti
975 2686 1009 2747 et
1035 2675 1172 2771 amplius
1197 2674 1417 2764 intervallum,
1443 2677 1551 2750 nullus
1568 2675 1610 2750 ab
1626 2681 1668 2749 iis

209 2868 215 2878 ,
302 2794 357 2886 qui
384 2801 579 2888 supererant
604 2791 773 2865 ordinatus
799 2791 916 2864 luerat

406 2906 588 2982 CXXXIII.
615 2909 719 2980 Plena
746 2918 856 2981 autem
880 2931 1019 3004 prorsus
1047 2918 1081 2980 et
1097 2907 1194 2980 nullis
1211 2904 1404 2981 canonibus
1419 2911 1667 3006 circumscripta
1715 2923 1778 2977 eum
1796 2926 1872 2994 prena
1890 2929 1992 2981 aaron·

303 3027 461 3096 autoritas
499 3023 766 3096 Patriarcharum
806 3023 882 3112 lirit,
924 3027 957 3096 in
996 3024 1060 3096 illis
1103 3022 1341 3116 designandis,
1382 3046 1449 3096 non
1487 3028 1668 3121 primorum
1680 3019 1741 3064 ‘⁸⁸2
1809 3042 1818 3056 '

302 3161 348 3212 ex
373 3139 484 3235 plebe,
510 3163 576 3212 non
604 3140 694 3213 Cleri
722 3139 879 3230 sullragia
907 3139 1158 3234 expetebantur.
1211 3137 1349 3210 Unicum
1385 3139 1491 3212 lerme
1524 3145 1670 3216 occurrit

302 3255 490 3351 exemplum
526 3256 698 3330 electionis
729 3253 890 3351 Episcopi
924 3254 1049 3327 blisrae
1083 3277 1102 3326 a
1138 3252 1267 3326 civibus
1292 3254 1421 3344 iactae,
1456 3277 1517 3350 per
1543 3265 1668 3330 sortem

301 3369 583 3460 Ecclesiasticam,
610 3371 652 3444 ad
679 3393 776 3466 quam
802 3380 913 3442 tamen
938 3392 1005 3442 non
1030 3372 1122 3466 prius
1154 3369 1346 3461 adjecerunt
1377 3371 1536 3459 anianum,
1570 3395 1668 3467 quun

300 3485 489 3560 facultatem
522 3487 715 3562 habuissent
748 3511 768 3558 a
800 3485 991 3559 Patriarcba
1021 3484 1171 3558 blacarIu
1197 3485 1317 3558 LXIX
1369 3486 1455 3556 Hine
1481 3507 1607 3560 summa
1634 3495 1669 3558 ot

302 3608 492 3699 perniciosa
534 3605 666 3677 licentia
705 3613 812 3676 ortum
859 3601 971 3675 habuit
1018 3601 1190 3674 ordinandi
1235 3623 1474 3697 quemcumque
1534 3602 1666 3676 liberet:

301 3729 368 3792 tum
402 3725 503 3794 etiam
533 3720 660 3793 nefaria
694 3718 898 3794 consuetudo
931 3722 1089 3815 pecunias
1121 3717 1298 3808 exigendi,
1339 3741 1423 3812 quae
1453 3717 1532 3791 licet
1562 3722 1667 3791 variis

303 3836 484 3910 canunIbus
511 3848 546 3910 et
561 3837 731 3933 synodicis
752 3835 1036 3908 constitutionibus
1056 3855 1159 3930 saepe
1186 3855 1393 3930 compressa,
1420 3857 1586 3930 nunquam
1608 3845 1666 3907 ta-

302 3975 379 4024 men
405 3956 539 4024 omnino
566 3951 693 4025 aboleri
718 3955 832 4047 potuit.

408 4063 591 4142 CXXXIV.
644 4069 848 4142 Potestatem
882 4089 1014 4162 qaoque
1046 4069 1081 4137 in
1117 4065 1322 4140 lllunasteriu
1352 4065 1565 4139 Patriarcbae
1598 4066 1666 4139 ba·
1730 4061 1860 4162 Ᾰῑξῑθῑῑῑθθ
1883 4064 1910 4116 5¹¹
1931 4049 1989 4116 rio-

302 4182 425 4256 bebant
441 4183 687 4280 amplissimam,
714 4196 748 4256 et
774 4186 925 4280 quamvis
952 4205 998 4254 ex
1019 4186 1096 4277 jare
1111 4185 1275 4255 cummuni
1300 4182 1409 4255 nullae
1437 4183 1523 4279 apud
1539 4158 1799 4256 umen-¹¹⁸'‘⁶¹¹³·

302 4298 386 4372 tales
413 4304 643 4396 exemptiones
669 4298 908 4373 Monucborum
933 4297 1070 4388 iruerint,
1098 4297 1158 4370 sed
1184 4321 1300 4372 omnes
1326 4298 1529 4396 Episcopum
1554 4300 1666 4372 Diue-

303 4438 461 4488 cesanum
494 4419 698 4511 superiorem
732 4413 971 4508 agnoscerent,
1013 4425 1123 4486 tamen
1157 4412 1387 4502 Patriarcbae,
1427 4416 1503 4487 dum
1534 4438 1667 4489 omnem

304 4535 513 4605 autoritatem
540 4531 582 4602 ad
608 4553 647 4604 se
672 4531 804 4604 trabere
830 4541 1039 4620 conarentur,
1066 4553 1170 4626 saepe
1190 4529 1429 4604 Munacburam
1454 4537 1596 4625 negocia
1623 4535 1667 4606 ad

304 4669 397 4720 suam
426 4647 553 4720 Cellam
579 4657 820 4736 evocaverunt,
847 4658 881 4720 et
906 4646 1082 4743 privilegia
1110 4647 1273 4743 quaedam
1308 4651 1389 4744 ipsis
1415 4659 1666 4738 concesserunt,
1756 4643 1791 4712 Ἃ

304 4787 485 4859 eurumque
525 4787 637 4836 curam
672 4764 815 4836 Vicariis
856 4764 1018 4857 delegatis
1059 4769 1302 4838 commiserunt
1354 4764 1424 4836 Sed
1460 4763 1544 4835 baec
1586 4786 1665 4836 rara

304 4880 459 4976 exempla
483 4880 629 4953 luerunt:
656 4883 837 4954 communis
863 4880 991 4974 regula,
1018 4891 1054 4953 ut
1078 4879 1233 4953 Monachi
1256 4891 1291 4953 et
1302 4880 1503 4956 lilunasteria
1529 4883 1562 4951 in
1577 4879 1666 4976 Epi-

305 5019 482 5093 scopurum
507 5006 672 5095 potestate
698 4994 817 5067 forent
871 5000 1027 5072 Attamen
1053 4997 1222 5088 singulare
1249 4997 1466 5094 privdegium
1486 4995 1547 5070 iuit
1579 4997 1663 5072 llo-
