4670 6046
701 519 754 594 ιο
770 517 1065 597 ιιιιοισιιοιιι
1081 517 1263 596 vasonum
1278 518 1489 597 ιιοιιοιισιι
1705 519 1783 592 sor

748 789 869 861 Oratio
894 813 961 884 pro
989 791 1100 863 calice
1127 798 1161 862 et
1186 792 1352 885 mappulis
1378 797 1458 883 ejas.
1532 897 1534 902 Ι
1833 806 1862 858 ι’.
1881 805 1925 859 se.
1943 805 1961 857 ι.
1984 805 2028 858 aa.

514 999 641 1080 Carras
663 1009 835 1073 benedictio
856 1011 893 1072 in
924 1011 1045 1092 antiqua
1066 1010 1204 1074 Ecclesia
1232 1017 1375 1091 usurpata
1399 1029 1519 1093 quoque
1542 1011 1614 1091 luit,
1638 1018 1670 1074 et
1691 1030 1786 1092 prae-

414 1118 522 1198 cipuus
536 1117 633 1179 honor
656 1113 752 1177 eidem
767 1113 895 1191 habitus,
918 1115 998 1194 quod
1020 1116 1052 1175 in
1074 1133 1110 1176 eo
1129 1114 1262 1193 [arear
1282 1115 1407 1194 sanquis
1421 1113 1543 1190 Christi,
1566 1123 1598 1177 ut
1620 1114 1786 1196 loquuntur

414 1216 510 1278 variis
539 1215 614 1278 locis
649 1221 771 1276 autores
795 1212 947 1274 Historiae
975 1211 1184 1274 Patriarchalis
1206 1211 1446 1277 Alexandrinae:
1474 1215 1505 1274 in
1532 1230 1590 1294 qua
1620 1213 1699 1276 inter
1727 1213 1784 1274 alia

414 1315 497 1378 circa
519 1313 736 1376 Eucharistiam
759 1310 900 1374 miracula
922 1318 1104 1373 recensetur
1127 1312 1269 1372 nnumin
1292 1311 1386 1374 calice
1410 1309 1539 1392 lactum,
1561 1328 1601 1373 ex
1624 1328 1695 1390 quo,
1718 1329 1785 1371 cum

415 1412 452 1476 ab
475 1411 598 1475 aunfice
620 1410 838 1474 Mubamedano
858 1408 1062 1490 frangeretur,
1085 1411 1208 1494 sanguis
1222 1410 1360 1472 lluxerit:
1376 1418 1437 1472 tum
1465 1411 1589 1492 sanguis
1617 1410 1702 1490 quasi
1732 1429 1786 1472 re·
1852 1423 1914 1473 Har.
1942 1422 2013 1475 Par.
2040 1423 2114 1475 Aba

416 1530 489 1575 cens
513 1510 663 1574 ebullierit
685 1511 716 1571 in
739 1508 797 1571 alio
821 1508 927 1586 calice,
951 1507 1020 1570 dum
1043 1526 1131 1570 sacra
1152 1510 1297 1592 mysteria
1319 1508 1453 1593 Bagdadi
1483 1507 1727 1587 celebrarentur,
1756 1516 1787 1571 nt
1814 1527 1841 1578 r·
1860 1509 1924 1560 270.
1942 1509 2045 1561 «1378.

416 1610 508 1672 multa
532 1611 621 1691 hujus
644 1607 770 1692 generis
800 1607 913 1687 passim
942 1615 1046 1670 extant
1076 1609 1106 1674 in
1130 1607 1314 1670 Graecorum
1343 1617 1373 1670 ει
1399 1601 1528 1671 on'mium
1552 1608 1788 1670 Christianomm

417 1702 731 1772 Orientaliumlibris.
776 1704 863 1778 Quod
887 1715 986 1768 antem
1010 1707 1135 1770 credaut
1164 1707 1193 1768 in
1225 1707 1318 1770 calice
1348 1709 1526 1790 sanguinem
1549 1706 1660 1769 Christi
1692 1709 1792 1769 conti-

416 1810 493 1886 neri,
517 1809 576 1869 imo
599 1815 631 1868 ιιι
654 1805 728 1867 fides
752 1804 851 1880 docet,
876 1805 1028 1869 Christum
1050 1807 1157 1886 ipsum,
1181 1813 1359 1887 argumento
1382 1814 1429 1868 est
1452 1807 1548 1887 figura
1571 1823 1649 1887 quae
1672 1806 1702 1867 in
1725 1806 1792 1868 llo·
1868 1867 1870 1872 .

415 1906 542 1987 rologiis
566 1904 690 1967 Graccis
714 1903 818 1966 Officio
841 1923 949 1967 sacrae
972 1907 1187 1967 communionis
1210 1907 1358 1987 praemitti
1380 1906 1476 1983 solet,
1505 1907 1536 1966 in
1564 1922 1623 1985 qua
1654 1904 1791 1968 Christus

416 2010 664 2086 repraesentatur
685 2004 716 2064 in
739 2003 844 2065 calice.
889 2003 923 2065 ln
946 2003 1024 2066 libro
1053 2003 1315 2068 Sacramentorum
1338 2004 1529 2085 Gregoriano
1558 2006 1711 2067 orationes
1743 2004 1793 2066 le-

416 2110 529 2186 guntur
552 2101 589 2163 ad
612 2101 743 2164 Calicem
768 2101 1015 2180 benedicendum.
1061 2100 1197 2178 Oremas,
1221 2105 1410 2165 dilectissimi
1427 2103 1561 2182 frames,
1591 2111 1625 2164 nt
1644 2102 1793 2166 Dominsa

415 2202 500 2265 Deus
521 2208 633 2276 noster,
658 2199 791 2261 Calicem
812 2203 844 2262 in
866 2219 952 2262 mam
974 2202 1024 2262 stri
1044 2201 1205 2263 mirsisterii
1233 2203 1486 2277 commendans,
1514 2203 1653 2264 coelestis
1672 2205 1794 2282 pratiae

415 2301 616 2386 inspiratione
637 2299 812 2378 sanctificet.
858 2299 896 2360 Et
918 2299 949 2359 in
973 2296 1039 2362 alia.
1077 2297 1223 2377 Dipnore,
1245 2298 1383 2376 Domine,
1407 2301 1533 2362 calmem
1555 2303 1644 2362 aaa
1661 2303 1693 2360 in
1706 2317 1794 2361 ααιιιι

416 2399 578 2461 ministerii
591 2401 644 2476 tui,
658 2398 716 2476 pia
728 2397 839 2475 tornati
853 2399 898 2458 tui
914 2396 958 2460 lll.
983 2398 1140 2458 dovotione
1158 2397 1333 2474 somatum,
1356 2417 1395 2460 ca
1411 2399 1650 2478 sanctificatione
1661 2396 1794 2477 persan-

416 2500 507 2574 dere,
533 2515 594 2578 pua
621 2495 839 2558 Melchisedech
865 2495 976 2574 [amati
1003 2497 1064 2571 iai,
1093 2503 1246 2557 socratam
1276 2495 1408 2558 Calicem
1427 2496 1600 2576 perfudisti.
1645 2495 1687 2558 Et
1713 2497 1794 2576 qaod
1911 2493 1913 2499 ⁴

417 2603 484 2659 orte
507 2597 556 2658 ool
576 2595 696 2656 metallo
719 2593 802 2675 effici
821 2613 882 2656 non
900 2601 1002 2674 potest
1022 2594 1172 2656 altoribus
1194 2596 1253 2655 tuis
1275 2596 1406 2675 dianam,
1434 2597 1490 2674 hot
1511 2605 1563 2658 toa
1585 2597 1792 2659 benedictione

415 2697 590 2775 pretiosstm.
611 2694 645 2755 ln
668 2694 736 2772 alia,
764 2701 834 2773 post
860 2691 1011 2755 nonnulla.
1057 2691 1225 2754 Precamar
1253 2699 1288 2755 nt
1312 2694 1390 2755 hanc
1413 2693 1545 2755 Calicem
1573 2695 1606 2755 irs
1627 2713 1686 2774 ηιιο
1708 2695 1790 2756 ceto-
1836 2706 1910 2758 saer.
1924 2704 1997 2774 dra.
2010 2723 2037 2775 p.
2052 2707 2114 2758 ιιι.

415 2794 537 2855 bruteri
557 2811 661 2855 masas
683 2800 885 2854 sacrosancta
906 2793 1062 2874 mysteria,
1085 2793 1246 2853 arnissiorm
1268 2794 1368 2854 sarscti
1380 2793 1513 2872 Spiritus
1535 2795 1579 2855 toi
1600 2794 1722 2856 coelesti
1733 2793 1790 2854 be·
1802 2789 1979 2847 Pantilius.
1989 2792 2116 2862 ²·t·⁴²⁵·

416 2892 586 2953 mediatione
607 2893 787 2972 sanctifices.
832 2890 989 2953 Unctionis
1012 2907 1052 2952 ex
1074 2889 1243 2953 Cbrismate
1266 2890 1345 2953 nulla
1368 2893 1496 2956 mentio:
1520 2910 1586 2954 eam
1610 2899 1709 2954 tamen
1732 2891 1790 2952 ad-

417 2988 540 3052 bibitam
568 2987 663 3052 inisse
693 2995 871 3072 argumento
903 2997 967 3065 est,
994 2981 1162 3052 consensus
1186 2979 1323 3054 veterum
1346 2991 1491 3055 Codicum
1518 2992 1635 3056 Ratoldi
1670 2999 1700 3054 et
1726 2992 1790 3054 lle-

417 3089 541 3166 mensis,
565 3094 595 3149 et
617 3088 743 3150 aliorum
766 3106 842 3168 quos
866 3089 937 3150 citat
959 3090 1007 3150 vir
1029 3088 1218 3153 doctissimus
1242 3091 1330 3174 Hugo
1353 3091 1523 3156 llenardus.
1564 3092 1645 3154 lllius
1669 3108 1789 3172 quoque
1820 3101 1876 3152 Νιι.
1889 3100 2040 3168 casnm.
2054 3099 2116 3152 tta.

418 3184 503 3248 Ritus
526 3187 659 3248 meminit
680 3185 851 3249 Burcardns
874 3187 893 3249 Ι.
916 3185 946 3249 3.
970 3207 998 3251 c.
1021 3179 1083 3251 58.Ι
1098 3207 1137 3250 ex
1159 3190 1316 3270 supposita
1339 3189 1474 3271 Epistola
1497 3191 1607 3254 Felicis
1630 3190 1679 3252 tv.
1704 3193 1789 3271 cujus

420 3285 609 3348 autoritatem
633 3302 693 3347 non
716 3284 887 3348 extollimus
894 3304 904 3361 ;
925 3303 1032 3348 verum
1054 3289 1127 3368 quin
1149 3287 1337 3370 disciplinam
1349 3288 1481 3352 Carolini
1501 3289 1609 3353 saltem
1631 3289 1698 3352 aevi
1715 3308 1792 3352 oon-

418 3387 521 3463 tineat,
544 3384 673 3446 dubitari
695 3403 755 3448 non
778 3392 887 3466 potest.

507 3483 615 3546 Graeci
638 3483 751 3546 babent
773 3485 803 3545 in
825 3483 1014 3564 Eucbologio
1038 3483 1164 3546 officium
1186 3501 1243 3547 scu
1263 3472 1478 3550 Ἀκολοοθίαν
1499 3479 1548 3560 είς
1569 3480 1714 3570 ε’μκαίνια
1737 3480 1792 3548 ιίί-
1838 3477 1942 3531 EUM·
1958 3495 1984 3546 t·
2002 3475 2065 3528 ⁸⁴⁶·

417 3599 499 3646 σκσυ
522 3579 577 3644 καί
598 3577 757 3667 ποτηρίου
779 3579 910 3645 aaroni:
934 3585 976 3660 in,
988 3585 1141 3645 encaeniis
1162 3603 1216 3645 serr
1238 3589 1466 3648 consecratione
1480 3595 1614 3667 pateriae
1637 3595 1666 3648 et
1687 3586 1794 3647 calicis

418 3685 508 3744 novi:
531 3683 561 3742 in
584 3700 644 3762 quo
668 3700 728 3745 non
752 3682 848 3745 solum
866 3680 1037 3744 benedictio
1060 3689 1188 3761 patenae
1207 3688 1237 3744 et
1251 3683 1353 3745 calicis
1376 3685 1601 3764 praescribitur,
1626 3683 1681 3747 sed
1704 3685 1794 3746 etiam

419 3782 608 3844 consecratio
633 3801 672 3844 ex
696 3781 874 3845 chrismate.
899 3779 1002 3843 Oratio
1025 3780 1160 3842 talisest.
1185 3774 1341 3844 Δέσποτα
1363 3774 1455 3867 κίριε
1476 3775 1494 3846 r‘
1517 3773 1600 3855 θεὸς
1621 3774 1718 3867 ἡμῶν,
1739 3779 1796 3845 καὶ

419 3873 469 3941 vti
492 3874 546 3941 καὶ
569 3867 647 3963 io'ye
673 3880 736 3943 τοῦ
757 3879 844 3944 θεοῦ
865 3877 997 3957 ζῶντος,
1018 3867 1110 3963 κύριε
1139 3869 1245 3963 Ἰησοῦ
1267 3875 1404 3966 Χριστέ,
1439 3873 1457 3944 ὁ
1486 3871 1523 3945 cd
1553 3872 1708 3966 ποτήριον
1736 3877 1796 3966 τῆς

419 3975 530 4062 καινῆς
544 3995 604 4043 σου
627 3967 791 4064 διαθήκης
810 3967 959 4063 circadae,
980 3975 1037 4041 καί
1059 3969 1195 4055 iactata
1222 3967 1303 4043 airh
1328 3975 1376 4054 εἰς
1397 3968 1599 4066 εὐφροσύνην
1619 3975 1705 4042 πᾶσι
1728 3981 1798 4052 τοῖς

418 4067 722 4158 μεταλαμβάνουσιν
743 4074 780 4158 ἐξ
802 4070 922 4142 αὐτοῦ·
956 4067 1055 4152 ahie
1077 4076 1132 4142 καί
1154 4077 1210 4141 νῦν
1234 4073 1380 4144 δέσποτα
1402 4071 1568 4164 Χριστὲὸ
1599 4068 1682 4152 θεὸς
1706 4068 1799 4162 ήμῶν

419 4163 652 4266 ε’ξαπόστειλον
668 4167 707 4241 rb
718 4170 849 4258 πνεῦμά
872 4194 932 4243 ooo
952 4167 992 4240 τό
1006 4166 1110 4260 ἅγιον,
1133 4171 1190 4241 ἐντί
1211 4167 1250 4241 τι)
1268 4169 1425 4263 ποτήριον
1438 4169 1477 4241 cd
1488 4167 1598 4241 καινὸν
1613 4173 1720 4254 τοῦτο,
1742 4173 1798 4239 καί

422 4263 608 4360 εὐλόγησαν,
622 4263 684 4339 καί
707 4268 844 4360 ἁγίασον
865 4273 921 4340 καί
937 4269 1118 4357 τελείωοον,
1140 4275 1197 4340 καί
1217 4279 1286 4351 τοῖς
1298 4276 1519 4356 μετασχοῦσιν
1540 4272 1579 4355 ἐξ
1601 4263 1703 4340 αὐτοῦ
1725 4295 1794 4336 πα-

419 4363 545 4458 ροίσχου
573 4363 632 4460 τήν
659 4365 800 4462 εἰρήνην,
824 4386 881 4442 etc.
920 4371 990 4438 Καὶ
1013 4369 1186 4459 οφραγίζει
1209 4365 1294 4439 arico}
1316 4375 1358 4461 τῇ
1379 4373 1465 4463 χειρί
1487 4371 1604 4458 λέγων,
1627 4362 1702 4437 idon)
1725 4365 1798 4458 ήγί-

421 4490 536 4550 ασται,
566 4471 623 4536 καί
650 4471 858 4539 τετελείωται
886 4463 924 4538 τὰ
950 4461 1109 4559 ποτήριον
1131 4471 1309 4562 σωτηρίας,
1336 4471 1392 4538 καί
1420 4467 1443 4537 ὁ·
1465 4467 1576 4548 δίσκος
1611 4469 1705 4556 ζωῆς,
1740 4468 1798 4552 τῆς

421 4569 534 4655 καινῆς
560 4560 731 4658 διαθήκης,
760 4567 795 4635 ἐν
822 4561 959 4652 ὄνίματι
989 4571 1051 4634 τοῦ
1077 4561 1220 4660 πατρός,
1251 4583 1309 4637 etc.
1353 4574 1535 4636 Dominator
1563 4571 1690 4634 Domine
1716 4569 1799 4631 Deras

420 4677 532 4745 noster,
555 4673 615 4734 Fili
634 4679 665 4734 et
686 4673 811 4735 Verbum
832 4673 892 4734 Dei
914 4674 1053 4747 uiuentis,
1074 4672 1203 4735 Domine
1224 4673 1299 4735 Jesa
1322 4672 1514 4752 Christiani
1534 4673 1608 4733 novi
1628 4671 1673 4730 tui
1693 4668 1799 4729 Testa-

422 4773 514 4832 menti
543 4771 669 4832 calicem
698 4773 913 4852 sanctificasti,
943 4777 973 4832 ct
998 4773 1029 4832 in
1056 4771 1204 4834 laetitiam
1231 4774 1361 4834 cunctis·
1377 4775 1441 4851 ejas
1467 4770 1580 4849 satams
1609 4764 1800 4830 camertibus

424 4871 598 4932 contraisti:
620 4871 689 4951 Ipse
710 4891 826 4953 ριιοηιιε
847 4891 943 4946 nunc,
971 4869 1100 4931 Domine
1120 4870 1204 4932 Deras
1230 4879 1352 4946 noster,
1381 4869 1527 4950 Spiritum
1556 4875 1692 4930 sancbsm
1721 4875 1802 4930 taam

423 4985 516 5047 saper
537 4969 666 5031 colicon
680 4971 880 5033 buncnooam
902 4970 993 5046 mitte,
1017 4976 1048 5028 ct
1073 4969 1207 5043 benedic,
1229 4971 1396 5049 sanctifica,
1419 4978 1450 5032 et
1469 4986 1617 5032 corssccra
1637 4969 1729 5043 iilam,
1744 4973 1801 5030 cto.

454 5105 541 5147 nomas
553 5105 568 5147 ι.
651 5067 667 5095 ⁰
1539 5083 1588 5158 55
