4778 6034
393 648 443 724 DE
458 644 712 724 LllUllGldllUll
727 642 980 722 Ollllllllhhlllll
991 643 1139 724 ORlGlllE
1152 647 1199 722 ET
1214 645 1459 724 dUTORllhTE.
1499 641 1615 717 XXIX

255 833 499 924 celebrabatur,
525 844 560 905 et
585 832 679 923 cujus
706 832 887 921 orationes,
913 832 1006 921 ritus,
1031 834 1104 927 ipsa
1129 832 1237 904 verba
1263 835 1444 904 memoriae
1469 830 1612 905 fidelium

254 951 416 1047 ioscrdpta
450 960 561 1038 erant,
595 951 766 1044 quisquam
798 969 842 1018 ne
868 945 1081 1038 existimabit,
1107 934 1324 1021 introductam
1351 946 1456 1021 luisse
1480 950 1611 1020 nemina

255 1067 469 1156 reclamante,
495 1087 619 1137 novam
645 1074 679 1135 et
704 1063 872 1136 erroribus
900 1074 1079 1135 scatentem
1106 1067 1194 1137 sacri
1219 1061 1319 1136 officii
1344 1062 1497 1152 formam,
1525 1086 1610 1159 quae

255 1187 364 1256 statim
390 1182 512 1276 ubique
539 1189 694 1275 suscepto
719 1177 829 1268 buerit,
855 1189 890 1250 et
915 1177 1060 1274 reliquas
1087 1201 1215 1270 omnes,
1240 1183 1436 1275 praesertim
1454 1179 1610 1274 Aposto-

255 1298 352 1370 licam
378 1296 480 1385 illam,
506 1319 604 1391 quam
615 1295 842 1370 Protestautes
859 1298 1034 1385 somniant,
1061 1293 1277 1368 aboleverit?
1305 1295 1445 1382 Quando
1468 1293 1611 1386 taudem,

256 1437 321 1509 quo
354 1413 490 1486 saeculo
524 1421 613 1484 tanta
649 1414 784 1483 mutatio
818 1408 907 1483 iacta
941 1409 1016 1484 est?
1047 1409 1143 1483 Scire
1179 1415 1266 1483 enim
1292 1410 1370 1484 illud
1397 1409 1529 1502 debent,
1556 1416 1611 1508 qui

254 1530 296 1602 de
323 1551 364 1601 ea
392 1539 457 1600 tam
484 1525 685 1600 confidenter
711 1531 935 1623 pronunciant.
968 1526 1016 1599 At
1031 1526 1119 1598 unde
1144 1526 1177 1599 id
1203 1527 1379 1618 habebunt,
1405 1549 1479 1599 cum
1504 1526 1610 1601 nullus

253 1657 351 1718 autor
382 1641 657 1730 Ecclesiasticus,
695 1641 832 1715 historia
867 1639 966 1731 nulla,
1001 1645 1051 1714 rei
1084 1654 1150 1715 tam
1183 1664 1312 1731 novae,
1348 1653 1412 1714 tam
1445 1641 1611 1714 inauditae

252 1765 451 1834 mentionem
477 1758 626 1830 iecerint.
655 1757 818 1830 Credctru·
842 1779 885 1828 ne
910 1757 1034 1830 Riveto
1051 1761 1085 1830 iu
1101 1758 1201 1832 rebus
1217 1781 1303 1854 quae
1319 1758 1610 1832 emditissimorum

252 1881 402 1950 virorum
427 1877 650 1968 cognitionem
678 1871 849 1967 ingerunt,
882 1895 956 1944 cum
982 1876 1055 1969 ipse
1080 1896 1123 1944 uc
1150 1875 1256 1947 editos
1283 1875 1413 1969 quddam
1438 1875 1541 1948 libros
1568 1872 1611 1944 de

251 1992 370 2089 quibus
396 2001 550 2083 nugatur,
586 1987 800 2085 inspexerit?
836 1987 911 2075 Quo
944 1988 1008 2060 liue
1040 1993 1153 2080 etiam,
1189 2001 1223 2061 et
1257 1995 1310 2064 oui
1344 1991 1463 2063 bono?
1494 1989 1549 2061 An
1576 1999 1612 2062 ut

252 2110 595 2202 superseminareutur
619 2109 745 2178 zizania
773 2109 807 2177 in
833 2104 941 2177 medio
975 2110 1131 2179 sementis
1158 2105 1357 2197 dominicae,
1384 2118 1418 2178 et
1443 2107 1610 2198 Evange-

252 2223 316 2295 lioa
344 2222 399 2294 illa
426 2223 586 2314 Liturgia,
614 2221 656 2293 de
691 2246 755 2317 qua
788 2243 953 2316 nunquam
979 2219 1240 2296 Protestantibus
1267 2227 1351 2296 inter
1378 2247 1416 2297 se
1442 2228 1610 2318 convenit,

252 2333 499 2412 sruliocaretur?
526 2337 649 2410 Verum
675 2360 749 2409 cum
775 2360 816 2408 ea
843 2341 915 2433 ipsa
943 2347 1012 2409 toto
1040 2337 1134 2411 caelo
1152 2339 1193 2412 ab
1213 2341 1364 2415 omnibus
1381 2342 1453 2416 aliis
1471 2339 1609 2430 diderat,

251 2453 374 2527 Graeci
410 2454 539 2551 quidem
574 2453 663 2525 nullo
697 2456 833 2546 negotio
860 2465 973 2549 partes
999 2454 1171 2548 Liturgiae
1202 2478 1284 2530 suae
1311 2479 1439 2548 onmes,
1464 2457 1610 2548 Patrum,

250 2570 488 2660 Concitiorum,
524 2581 557 2642 et
595 2575 790 2666 scriptorum
827 2573 970 2642 omnium
1002 2573 1196 2645 testimoniis
1231 2576 1276 2644 ita
1309 2577 1541 2666 communiunt,
1575 2585 1611 2648 ut

249 2687 328 2759 nihil
361 2691 430 2760 suis
465 2691 499 2758 in
530 2685 647 2760 otieris
678 2684 912 2759 Eucharisticis
955 2708 1033 2760 esse
1068 2697 1208 2778 constet,
1241 2689 1329 2783 quod
1355 2690 1457 2783 longo
1483 2689 1610 2762 Eccle-

250 2807 376 2876 siarum
402 2826 483 2892 usu,
516 2807 607 2898 prius
643 2825 740 2897 quam
771 2803 827 2874 illa
863 2802 1104 2893 scriberentur,
1137 2801 1363 2878 confirmatum
1395 2828 1462 2880 nou
1492 2805 1610 2894 hierit3

250 2917 340 3014 quod
368 2918 409 2990 de
435 2922 599 3015 primitiva
626 2942 687 2992 sua
714 2917 830 2991 Coena
855 2917 1062 3012 Evangelica
1088 2929 1122 2992 et
1153 2919 1347 3016 Apostolica
1381 2922 1609 2997 Protestautes

250 3045 427 3131 praestare
452 3056 519 3107 non
545 3019 692 3132 possunt.
718 3033 882 3106 Fraudem
908 3033 998 3107 illam
1025 3033 1174 3109 Concilio
1200 3035 1383 3132 Ephesiuo,
1410 3050 1444 3111 et
1461 3039 1609 3114 Calche-

251 3149 392 3223 donensi
434 3154 650 3245 antiquiorem
692 3172 769 3222 esse
813 3153 971 3245 oportuit3
1017 3175 1090 3224 oum
1132 3150 1323 3226 Nestoriani
1365 3166 1399 3227 et
1432 3156 1607 3230 Jacobitac

251 3267 292 3338 ab
320 3265 477 3340 Ecclesia
504 3266 673 3339 Catholica
702 3265 910 3356 secedentes,
944 3268 1094 3340 eamdem
1119 3267 1289 3362 Liturgiae
1315 3269 1456 3345 sormam
1482 3265 1608 3348 serva-
1679 3355 1681 3360 ¹

251 3387 371 3456 verint.

354 3498 475 3592 Atque·
499 3496 583 3569 haec
618 3509 692 3569 sunt
726 3509 919 3590 argumenta
952 3500 1064 3573 Riveti
1100 3506 1154 3596 qui
1187 3502 1325 3595 aliorum
1353 3509 1608 3580 commentarios

251 3613 463 3702 exhauserat,
499 3637 585 3708 quae
612 3613 860 3710 qualiacumque
888 3619 969 3706 sint,
1004 3617 1045 3688 ab
1075 3618 1225 3692 omnibus
1257 3621 1505 3693 exscribuntur:
1541 3626 1607 3695 imo

250 3729 338 3826 quod
371 3732 483 3801 mirari
518 3733 599 3803 satis
634 3751 699 3802 non
726 3753 903 3826 possumus
938 3755 957 3804 a
993 3731 1185 3826 quibusdam
1213 3733 1404 3823 Catholicis,
1438 3741 1493 3831 qui
1526 3712 1609 3810 sane

250 3845 336 3918 aliud
364 3846 519 3938 agebant,
546 3845 622 3918 dum
654 3845 782 3918 frivolis
817 3847 977 3939 ejusmodi
1009 3847 1196 3923 ratiunculis
1229 3873 1343 3924 manus
1377 3850 1476 3944 dare,
1510 3877 1608 3948 quam

248 3961 418 4054 Liturgias
445 3965 536 4057 ipsas
563 3972 717 4034 accurate
744 3962 934 4059 expendere
960 3964 1151 4037 maluerunt.
1178 3965 1263 4038 Nam
1281 3979 1407 4040 certum
1431 3968 1466 4041 id
1491 3979 1525 4041 et
1549 3974 1609 4041 in-

250 4099 449 4150 concussum
475 4101 553 4152 esse
571 4078 681 4170 debet,
697 4077 847 4152 Graecas
873 4101 1001 4170 onmes,
1028 4079 1083 4154 ilia
1111 4081 1200 4154 Petri
1216 4095 1371 4179 excepta,
1398 4109 1417 4158 a
1441 4109 1608 4181 quocum-

250 4215 314 4288 que
342 4197 487 4289 scriptae
514 4199 589 4286 sint,
614 4194 755 4268 formam
782 4195 1002 4270 celebrandae
1019 4195 1247 4272 Eucharistiae
1273 4221 1405 4298 semper
1426 4213 1460 4276 et
1484 4203 1607 4298 ubique

250 4320 433 4399 servatam,
460 4309 594 4384 Patrum
625 4314 821 4386 testimoniis
853 4309 1095 4403 confirmatam,
1128 4315 1169 4388 ab
1197 4317 1336 4411 antiquis
1362 4316 1536 4393 haereticis
1563 4317 1608 4391 ad

249 4447 330 4498 suos
357 4436 473 4501 coetus
495 4427 697 4520 translatam,
725 4431 868 4501 omnium
883 4427 1023 4525 denique
1041 4429 1266 4506 Ecclesiamm
1281 4454 1447 4508 consensu
1473 4456 1608 4531 appro-

248 4538 359 4614 batam
387 4546 567 4616 continere.
