4778 6034
519 617 569 694 DE
581 616 837 695 arimathaim
849 611 1102 694 summittunt
1120 617 1270 696 ORIOINE
1285 619 1333 694 ET
1346 615 1596 695 sumamma.
1649 612 1760 686 XLIX

405 803 539 877 tesval
565 826 664 876 unum
691 807 815 876 autoris
840 799 951 875 idonei
976 804 1207 896 testimonium,
1235 827 1300 900 qno
1313 804 1483 878 Jacobitas
1509 802 1567 874 vel
1583 801 1764 876 Nestoria-

405 942 466 994 nos
502 929 676 992 accusatos
701 918 807 993 fuisse
833 928 973 1009 constet,
1001 919 1089 1015 quod
1113 942 1235 992 novam
1251 920 1469 993 Eucharistici
1490 919 1597 992 Oiiicii
1623 918 1764 990 formam

405 1036 662 1126 introduxerint3
702 1036 789 1132 quod
821 1039 907 1107 inter
940 1045 1061 1132 p'reces
1110 1046 1320 1127 sanctorum,
1361 1045 1395 1108 et
1425 1035 1604 1131 praecipue
1638 1036 1764 1107 Beatae

405 1149 565 1245 Virginis,
590 1155 722 1223 nomina
739 1154 973 1240 recitaverint3
1001 1151 1088 1247 quod
1103 1174 1166 1246 pro
1179 1154 1315 1224 mortuis
1336 1154 1523 1239 oraverint3
1552 1148 1638 1245 quod
1658 1147 1765 1223 verba

406 1265 527 1342 Christi
558 1290 658 1365 super
691 1266 801 1341 oblata
835 1271 932 1363 panis
974 1276 1008 1339 et
1041 1269 1109 1341 vini
1144 1267 1231 1338 dona
1265 1267 1428 1360 religiose
1456 1267 1766 1362 pronunciaverint3

406 1383 493 1480 quod
519 1406 619 1482 super
645 1383 761 1455 eadem
787 1382 942 1479 Spiritum
969 1391 1117 1456 sanctum
1142 1385 1392 1474 invocaverint,
1428 1381 1515 1477 quod
1542 1402 1660 1476 aquam
1686 1382 1765 1452 vino

405 1502 604 1574 miscuerint
656 1487 758 1571 Sunt¹
773 1502 861 1571 enim
895 1498 977 1570 haec
1010 1499 1137 1570 zizania
1163 1498 1355 1589 Rivetiana,
1382 1519 1467 1592 quae
1493 1495 1535 1567 ab
1563 1494 1765 1594 Antichristo

404 1614 547 1718 nondum
574 1613 695 1704 adulto,
722 1623 791 1686 toto
818 1613 967 1704 Oriente,
992 1637 1059 1686 non
1086 1617 1192 1686 minus
1228 1636 1323 1710 quam
1350 1611 1531 1685 Occidente
1558 1613 1766 1708 supersemi-

404 1736 479 1801 nata
506 1751 584 1804 essa
609 1751 750 1803 necesse
775 1729 847 1821 fuit,
873 1739 908 1800 ut
933 1739 1026 1802 recto
1053 1737 1117 1802 stet
1130 1727 1242 1801 fabula
1259 1728 1336 1802 talo.
1389 1729 1524 1818 Graeci,
1551 1750 1628 1801 sero
1644 1737 1767 1817 Omen,

405 1845 445 1917 de
459 1845 600 1941 Anymis
613 1844 751 1918 Latinos
769 1845 959 1918 calumniari
979 1856 1172 1940 coeperunt,
1199 1845 1287 1942 quod
1303 1844 1453 1917 iecerunt
1472 1847 1569 1916 etiam
1588 1842 1764 1916 Melchitae

405 1964 457 2056 qui
484 1959 648 2033 Graecam
674 1959 862 2032 Ecclesiam
894 1969 1083 2056 sequuntur.
1135 1960 1309 2033 lacohitae
1335 1961 1498 2057 Aegyptii
1523 1959 1631 2054 Syros
1659 1981 1766 2030 accu-

405 2086 564 2150 savemmt
588 2078 764 2166 novitatis,
800 2079 950 2171 quamvis
982 2078 1016 2148 in
1043 2076 1160 2149 eadem
1185 2074 1494 2173 Menophpsitarum
1520 2084 1613 2149 secta
1640 2085 1767 2165 essent,

405 2192 491 2288 quod
517 2189 681 2288 paululum
708 2192 784 2264 salis
813 2202 846 2263 et
872 2189 936 2263 olei
963 2190 1082 2264 oblatis
1108 2191 1277 2265 inderent:
1304 2214 1420 2266 omnes
1448 2191 1610 2264 adversus
1635 2191 1766 2264 Arme-

404 2330 465 2382 nos
492 2310 653 2380 acerrime
679 2310 803 2380 invecti
829 2316 915 2398 sunt,
942 2308 1030 2403 quod
1055 2311 1168 2380 vinum
1183 2306 1310 2405 absque
1330 2332 1416 2404 aqua
1434 2307 1528 2380 calici
1546 2306 1765 2379 infunderent

406 2423 467 2510 Oui
491 2427 526 2495 in
551 2426 691 2496 minimis
717 2433 783 2496 tam
809 2433 930 2496 exacte
963 2427 1070 2495 ueteri
1103 2425 1294 2520 disciplinae
1321 2422 1564 2514 adhaerebant,
1591 2433 1626 2495 ut
1653 2422 1694 2495 ab
1723 2446 1763 2495 ea

404 2537 581 2612 deilectere
606 2537 762 2632 flagitium
789 2543 1033 2629 existimarent,
1063 2562 1162 2613 nemo
1199 2562 1259 2614 eos
1294 2539 1513 2636 suspicabitur
1546 2543 1579 2611 in
1610 2541 1764 2612 maximis

404 2666 447 2749 et,
472 2660 507 2728 in
533 2663 602 2728 tota
629 2659 717 2728 sacri
743 2656 840 2730 officii
866 2656 1106 2752 dispositione,
1137 2657 1346 2750 negligentes
1374 2656 1458 2729 adeo
1483 2655 1609 2749 fuisse,
1641 2665 1676 2727 ut
1700 2677 1764 2752 pro

403 2770 598 2868 Apostolica
633 2770 717 2844 illius
751 2769 942 2844 celebrandi
972 2770 1079 2843 iorma
1118 2791 1259 2863 novam,
1287 2774 1560 2867 superstitiosam,
1595 2781 1641 2861 et,
1675 2767 1764 2864 quod

402 2889 556 2962 Rivetum
583 2896 616 2959 et
642 2886 726 2959 alios
753 2886 900 2961 scribere
925 2909 992 2960 nou
1018 2887 1143 2983 puduit,
1168 2885 1389 2960 histrionicam
1415 2886 1566 2962 substitui
1591 2885 1764 2982 tranquille

402 3012 601 3098 paterentur.
652 3002 823 3077 lacobitas
858 3006 1029 3078 accusavit
1066 3005 1202 3077 isaacus
1239 3000 1430 3078 Oatholicus
1462 3005 1643 3076 Armeniae
1675 3002 1763 3101 quod

402 3139 511 3193 novas
541 3118 709 3214 Litargias
744 3123 1027 3216 composuissent,
1061 3123 1210 3215 quamvis
1245 3144 1360 3194 earum
1394 3121 1477 3195 ordo
1510 3131 1544 3194 et
1578 3125 1763 3194 sententiae

402 3236 545 3331 receptis
571 3237 657 3306 inter
683 3233 897 3308 Orthodoxos
923 3234 1115 3308 conformes
1143 3248 1272 3334 essent;
1305 3246 1340 3309 et
1372 3237 1489 3310 eadem
1521 3240 1651 3310 ratione
1677 3237 1764 3310 ilal-

404 3371 531 3440 samou,
557 3349 663 3424 Marci
689 3361 723 3423 et
748 3350 865 3424 Jacohi
886 3350 1078 3448 appellatas,
1099 3353 1348 3450 supprimendas
1363 3354 1536 3446 judicavit,
1563 3358 1638 3449 quia
1658 3335 1763 3448 vulgo

402 3468 545 3561 receptis
579 3488 647 3540 non
679 3477 774 3540 erant
804 3471 936 3541 omnino
973 3469 1105 3544 similes.
1159 3469 1245 3555 Ouid
1279 3468 1422 3542 faturum
1452 3468 1590 3560 inisset,
1625 3472 1653 3544 si
1686 3471 1764 3543 illae

403 3605 476 3654 cum
503 3585 641 3678 antiquis
667 3605 840 3656 commune
864 3581 943 3655 nihil
969 3583 1178 3676 habuissent,
1204 3607 1272 3658 non
1297 3589 1404 3678 magis
1432 3609 1529 3681 quam
1556 3585 1671 3658 Oiiicia
1698 3607 1763 3657 ca-

401 3696 581 3770 lehrandae
607 3696 744 3772 Coenus
770 3699 857 3796 apud
882 3700 1118 3774 Protestantes.
1218 3783 1225 3798 ‚

508 3815 622 3909 ltaque
646 3814 858 3889 indubitatum
893 3828 945 3889 est
978 3816 1150 3906 Graecas,
1182 3814 1369 3912 dequibus
1404 3838 1504 3912 supra
1532 3817 1672 3890 diximus
1697 3818 1763 3889 Li·
1795 3829 1935 3885 orientales
1950 3827 2083 3899 liturgiae

403 3934 541 4024 turgias,
563 3934 633 4024 jam
660 3943 777 4028 quarto
804 3932 953 4024 saeculo,
980 3935 1014 4004 in
1039 3942 1108 4005 tota
1129 3930 1288 4005 Orientali
1308 3932 1475 4025 Ecclesia,
1501 3943 1536 4006 ut
1563 3934 1699 4007 aliarum
1720 3957 1764 4007 ne
1777 3917 1871 3971 aarum
1891 3925 1967 3971 ’Μ
1985 3918 2012 3969 5¹¹
2035 3931 2083 3968 ”¹¹¹

402 4051 560 4121 memoria
588 4048 718 4144 quidem
744 4053 801 4140 sit,
818 4126 822 4136 ,
837 4047 878 4121 ab
911 4048 1063 4122 omnibus
1097 4046 1312 4142 Christianis,
1343 4059 1498 4146 anquam
1531 4050 1763 4146 Apostolicam
1777 4013 1856 4059 m

403 4172 437 4235 et
460 4163 701 4257 Euangelicam
734 4164 955 4239 celebrandae
986 4163 1212 4240 Eucharistiae
1243 4166 1383 4240 formam
1409 4171 1631 4257 continentes,
1658 4166 1763 4242 luisse

401 4290 564 4376 receptes.
616 4281 707 4355 Idem
734 4283 775 4356 de
802 4270 1010 4380 Oopticis‘et
1026 4283 1176 4380 Syriacis
1198 4284 1401 4357 statuendum
1429 4292 1493 4377 est,
1520 4306 1656 4379 quarum
1682 4307 1762 4359 usus
1903 4335 1907 4344 ,

403 4418 508 4492 aeque
542 4407 670 4472 certus:
712 4400 872 4473 simillima
905 4421 1035 4496 quoque
1067 4409 1120 4472 est
1152 4407 1186 4470 et
1224 4404 1367 4473 maxime
1405 4402 1537 4493 gemina
1581 4402 1764 4472 oradonmu

401 4514 583 4610 rituumque
610 4513 791 4610 dispositio,
818 4526 853 4588 ut
879 4515 921 4587 ad
946 4538 1046 4588 unum
1072 4527 1106 4588 et
1130 4515 1218 4588 idem
1243 4516 1416 4612 exemplar
1436 4538 1621 4613 expressae
1649 4539 1763 4611 agno·
1875 4519 1881 4534 '

402 4638 546 4703 scantur.
597 4630 724 4706 Eadem
757 4631 842 4728 apud
876 4631 1042 4722 Graecos,
1068 4632 1197 4727 Syros,
1224 4642 1258 4706 et
1284 4629 1434 4730 Ooptitas
1461 4633 1504 4707 da
1530 4657 1644 4706 aarum
1671 4638 1762 4707 anti-

403 4748 524 4841 quitate
559 4757 593 4819 et
624 4744 794 4821 autoribus
821 4749 968 4822 madido:
1004 4769 1078 4820 cum
1104 4757 1139 4819 ut
1164 4748 1211 4821 illi
1243 4748 1407 4822 lecchum
1439 4754 1580 4846 primum
1613 4760 1763 4824 autorem

402 4883 479 4936 esse
505 4863 653 4956 credunt,
679 4870 724 4939 ita
750 4864 829 4962 Syri
856 4864 898 4937 ad
923 4888 998 4937 eum
1023 4867 1161 4960 primam
1187 4875 1221 4938 ct
1246 4868 1456 4962 praecipuam
1484 4888 1576 4940 suam
1603 4866 1762 4955 referunt,

403 4977 523 5051 Graeci
556 4979 777 5053 Alexandrini
812 5004 905 5056 suam
937 4981 978 5052 ad
1010 4981 1180 5075 hiarcam,
1212 4981 1388 5056 Ecclesiae
1423 5004 1504 5056 suae
1538 4983 1761 5057 lundatoiem:

404 5117 488 5192 quae
515 5099 626 5192 opinio
652 5097 717 5172 illis
742 5097 946 5193 temporibus
971 5107 1048 5170 nata
1075 5107 1109 5170 et
1128 5111 1327 5196 propagata,
1354 5096 1471 5196 quihus
1486 5096 1626 5176 Oritices
1652 5099 1762 5172 lumen

428 5235 541 5279 raama
1533 5219 1556 5289 7
