4778 6034
376 623 427 700 Dll
443 620 697 698 bllllRGlARUll
710 615 963 695 OlllllllTAblllll
977 615 1127 694 OlllGlllll
1142 617 1191 693 ET
1202 615 1449 694 llll'lOllllATll.
1480 611 1644 686 XXXVII

277 809 418 902 relegati
445 809 580 880 suntin
606 804 806 893 Sardiniam,
832 802 920 878 unde
946 826 1033 877 anno
1059 802 1165 876 DXII.
1195 807 1344 876 restituta
1370 803 1537 882 Abicanis
1562 802 1640 875 Eo-

277 929 388 1001 clesiis
423 923 465 998 ab
496 922 664 996 Hilderico
696 921 853 994 Hunerici
885 919 951 992 tilio
986 942 1088 1016 pace,
1121 923 1252 993 reversi
1285 931 1369 996 sunt.
1424 919 1529 992 Paulo
1562 934 1641 1019 post

276 1043 360 1118 liber
386 1041 442 1115 ille
469 1043 608 1136 scriptus
644 1047 715 1128 est,
750 1039 784 1108 in
820 1039 913 1128 cujus
944 1046 1064 1108 octavo
1086 1038 1200 1131 capite
1225 1035 1309 1108 haec
1334 1035 1498 1130 leguntur.
1549 1037 1640 1108 Hinc

276 1165 378 1234 etiam
403 1159 523 1230 beatus
548 1155 699 1227 Basilina
725 1151 1169 1246 Coecamaaisfi't'iscopus,
1196 1156 1232 1223 in
1260 1151 1424 1224 Oratione
1447 1155 1542 1226 anmi
1567 1153 1639 1226 Al-

276 1279 370 1365 lanta,
400 1297 498 1371 quam
519 1293 610 1367 pene
635 1273 811 1342 unicornes
833 1273 1030 1362 frequentat
1046 1267 1177 1355 Oriens,
1204 1271 1295 1339 inter
1321 1274 1480 1340 coetera:
1522 1272 1639 1361 Dono,

275 1396 392 1490 inquit,
427 1391 574 1465 Domine
607 1391 764 1460 virtutem
796 1391 831 1456 et
861 1389 1093 1456 tutamentum:
1132 1383 1255 1473 motor,
1289 1406 1501 1479 quaesumus,
1534 1385 1641 1456 bonos

274 1513 394 1604 facito,
422 1507 530 1580 bonor
554 1509 590 1577 in
616 1503 768 1576 bonitate
799 1523 983 1586 cameron,
1017 1504 1131 1572 omnia
1156 1503 1244 1571 emim
1266 1507 1382 1594 potes,
1418 1523 1482 1572 nea
1507 1504 1642 1595 estqui

278 1623 495 1696 contradicat
520 1619 598 1706 tibi,
632 1643 705 1690 man
732 1623 819 1691 enim
837 1619 998 1692 nolueris
1022 1617 1146 1708 ednas,
1173 1624 1208 1688 et
1232 1617 1340 1689 mallos
1364 1621 1493 1690 resistit
1516 1617 1640 1690 nolem-

279 1744 340 1812 toti
366 1745 456 1809 tuae.
508 1734 676 1808 Laudatus
703 1744 755 1808 est
778 1739 807 1806 is
834 1734 926 1809 locus
954 1760 974 1807 a
1000 1733 1167 1831 plerisque
1180 1731 1374 1826 Theologls,
1400 1733 1641 1806 nobilioribus·-

281 1879 343 1953 que
371 1853 519 1942 Criticis,
554 1850 835 1945 observatumque
870 1849 965 1923 simul
999 1861 1070 1940 est,
1106 1873 1147 1922 ea
1174 1849 1281 1922 verba
1307 1872 1415 1944 neque
1442 1851 1475 1921 in
1503 1848 1641 1923 Graecis

281 1970 459 2044 codicibus
493 1979 631 2058 extare,
665 1990 774 2064 neque
804 1971 839 2039 in
874 1967 1016 2063 Syriaca
1051 1965 1206 2039 ablasio
1240 1969 1474 2061 interpretata,
1509 1988 1573 2040 nec
1607 1972 1642 2040 in

282 2085 431 2184 Coptica.
483 2086 719 2158 Verumtamen
745 2085 922 2180 praecipua
959 2084 1142 2155 sententiae
1167 2103 1259 2178 pars,
1286 2105 1437 2178 quaeque
1463 2083 1506 2156 ad
1532 2106 1643 2178 quae-

281 2207 419 2277 stionem
446 2227 467 2275 a
492 2201 594 2273 Petro
615 2199 779 2289 Diacono,
804 2209 838 2272 et
863 2199 998 2296 reliquis
1022 2197 1186 2272 adversus
1210 2197 1464 2291 Pelagianorum
1486 2199 1643 2294 reliquias

284 2323 451 2412 apinam,
477 2319 621 2389 maxime
648 2314 837 2412 spectabat,
873 2319 905 2387 in
933 2314 1065 2387 Graeco
1093 2323 1186 2388 textu
1211 2313 1344 2407 legitur,
1369 2311 1452 2398 τούς
1478 2311 1644 2416 ἀγαθούς

282 2439 317 2510 ἐν
343 2441 397 2531 τῇ
421 2429 625 2535 ἀγαθότητι
652 2428 883 2531 ὃιατήρησον,
908 2429 992 2515 τούς
1019 2428 1199 2528 πονηρούς
1224 2427 1389 2532 ἀγαθούς
1415 2432 1579 2529 ποίησον,
1604 2437 1644 2508 ἐν

282 2549 496 2652 χρηστότητι
510 2574 588 2624 σου.
610 2559 692 2621 utet
711 2553 744 2622 in
755 2552 864 2622 veteri
883 2551 1041 2622 versione
1056 2547 1188 2639 Latina,
1202 2548 1322 2620 Bonos
1336 2551 1372 2618 in
1387 2547 1539 2621 bonitate
1555 2571 1644 2621 con-

281 2693 398 2744 serva:
414 2669 520 2740 motos
537 2669 644 2740 bonos
654 2671 725 2760 sac,
741 2669 776 2737 in
792 2665 943 2737 bonitate
957 2669 1025 2736 tao.
1056 2663 1107 2736 Ea
1126 2665 1198 2737 sola
1214 2664 1373 2762 particula
1384 2667 1467 2738 viris
1483 2664 1646 2740 doctissi-

282 2788 341 2860 mis
356 2807 424 2859 non
439 2783 633 2872 observata,
648 2782 821 2854 dimovere
835 2803 895 2854 eos
909 2802 929 2852 a
941 2785 1158 2876 praecipitata
1170 2803 1313 2863 censura
1330 2780 1515 2856 debuisset:
1528 2803 1645 2856 omnes

283 2906 380 2993 enim,
397 2905 495 2974 etiam
508 2922 646 2996 quorum
660 2896 827 2990 diligentia
842 2900 960 2969 merito
974 2897 1231 2987 commendatur,
1245 2907 1457 2991 negaverunt
1470 2921 1511 2970 ea
1526 2898 1645 2988 verba,

283 3041 367 3114 quae
382 3019 501 3092 Petrus
517 3015 686 3088 Diaconus
705 3013 874 3107 allegavit,
894 3015 928 3084 in
945 3013 1111 3086 Basibana
1121 3014 1272 3108 liturgia
1291 3017 1440 3112 reperiri.
1474 3015 1555 3088 Inde
1569 3025 1647 3088 sta-

283 3136 335 3206 tim
353 3133 598 3227 judicaverunt,
623 3153 690 3202 non
712 3133 909 3227 pervenisse
927 3128 1016 3202 illam
1041 3129 1082 3202 ad
1098 3153 1174 3220 nos,
1199 3133 1262 3203 nisi
1284 3130 1383 3204 valde
1400 3131 1646 3228 interpolatam:

284 3272 391 3346 neque
414 3251 500 3321 enim
522 3250 648 3320 inventi
663 3257 737 3318 sunt
755 3249 810 3342 qui
828 3245 870 3317 ad
892 3245 1006 3318 Goarii
1024 3251 1219 3319 sententiam
1236 3247 1444 3320 accederent.
1478 3248 1647 3345 lsquippe

285 3367 357 3438 dum
385 3369 488 3437 vitam
514 3362 626 3437 Basilii
652 3363 755 3455 vulgo
782 3361 1011 3458 Amphilocbio
1039 3363 1248 3458 adscriptam,
1276 3374 1310 3436 ut
1336 3363 1517 3456 legitimum
1543 3375 1647 3439 auto-

283 3485 326 3554 n's
354 3483 447 3573 cujus
474 3500 593 3551 nomen
618 3477 767 3574 praefert
792 3500 893 3573 opus,
929 3477 1109 3552 defendere
1134 3480 1318 3576 pertendit,
1346 3480 1505 3580 duplicem
1534 3479 1575 3552 ab
1603 3502 1646 3552 eo

283 3597 465 3688 Liturgiam
492 3597 707 3690 compositam
741 3593 846 3664 luisse
881 3599 1063 3690 suspicatus
1091 3607 1160 3684 est,
1194 3617 1279 3691 quae
1306 3599 1497 3688 conjectura
1524 3596 1646 3668 nullum
1662 3613 1715 3667 ιιιι
1730 3611 1970 3684 repentest.

284 3717 317 3785 in
346 3712 485 3785 historia
518 3719 574 3782 aut
606 3713 746 3805 antiquis
781 3713 999 3783 monumentis
1034 3708 1279 3783 mndamentum
1313 3708 1431 3801 habet,
1465 3715 1647 3807 meritoque

285 3827 426 3924 explosa
453 3835 513 3898 est.
566 3826 613 3898 At
638 3829 757 3918 negari
782 3846 849 3897 non
875 3835 997 3920 potest,
1024 3829 1100 3922 quin
1125 3826 1181 3899 illa
1202 3849 1288 3934 (piae
1308 3827 1488 3917 retulimus,
1517 3849 1557 3898 sa
1575 3830 1648 3922 ipsa

285 3949 359 4034 sint,
388 3967 474 4040 quae
500 3942 618 4015 Petrus
636 3941 805 4014 Diaconus
826 3945 950 4014 citavit.
1003 3943 1100 4030 Quod
1127 3947 1156 4016 si
1181 3943 1307 4037 reliqua
1332 3965 1401 4015 non
1427 3944 1544 4016 eodem
1571 3945 1648 4016 loco

284 4063 505 4157 reperiuntur,
530 4055 723 4154 probabiles
758 4057 875 4129 adduci
911 4061 1057 4132 rationes
1091 4069 1246 4156 possunt,
1280 4083 1339 4131 our
1372 4063 1499 4134 etiamsi
1524 4063 1570 4132 ita
1596 4063 1649 4149 sit,

284 4199 352 4250 non
366 4175 489 4247 idcirco
502 4185 613 4248 tamen
632 4181 821 4270 suspectum
834 4177 906 4266 ejus
918 4178 1139 4250 testimonium
1156 4199 1233 4250 esse
1253 4173 1382 4249 debeat.
1435 4177 1521 4250 Nam
1546 4199 1650 4273 saepe

286 4292 485 4366 observatur
518 4290 558 4363 ab
593 4293 752 4387 antiquis,
788 4313 873 4386 quae
906 4291 1051 4384 allegant
1076 4295 1120 4365 ita
1146 4291 1265 4364 referri
1292 4303 1327 4366 ιιι
1347 4294 1457 4367 verba
1482 4297 1557 4389 ipsa
1583 4317 1650 4368 non

287 4433 328 4484 eo
356 4409 473 4483 ordine
500 4431 565 4504 quo
593 4417 707 4480 extum
732 4413 765 4481 in
792 4407 885 4481 libris
911 4408 998 4480 unde
1024 4409 1196 4505 depromta
1222 4417 1308 4500 sunt,
1334 4412 1479 4482 recitent.
1529 4407 1650 4483 Oratio

287 4525 327 4598 de
354 4549 419 4621 qua
445 4527 553 4618 agitur
579 4527 722 4597 occurrit
747 4529 833 4598 inter
857 4525 975 4599 multas
1001 4526 1083 4598 alias
1110 4548 1196 4621 quae
1223 4521 1473 4623 ιιΜνήσθητι,
1492 4547 1553 4599 seu
1567 4527 1650 4598 Me-

287 4648 398 4712 mento
432 4643 602 4737 incipiunt:
639 4651 736 4737 atque
771 4665 811 4713 ea
845 4644 972 4714 ratione
1005 4651 1130 4714 certum
1163 4651 1215 4714 est
1248 4642 1508 4736 quodammodo,
1544 4648 1650 4740 prima

291 4759 468 4830 testimonii
493 4755 618 4829 verba:
644 4758 749 4830 Dona
774 4758 920 4830 Domine
944 4761 1099 4830 virtatem
1126 4764 1346 4846 diatonon,
1375 4781 1420 4831 ex
1446 4759 1650 4836 orationibus

290 4875 395 4967 petita
421 4894 513 4962 esse,
538 4872 594 4945 ubi
620 4872 809 4970 frequenter
835 4885 1028 4966 occurrunt,
1059 4885 1115 4947 ant
1140 4874 1204 4947 alia
1230 4898 1316 4971 quae
1341 4875 1428 4960 idem
1454 4877 1651 4970 significant,

290 5009 356 5060 non
383 4991 490 5062 minus
517 5011 614 5085 pam
640 4991 674 5061 in
700 4988 849 5064 omnibus
876 4993 1109 5086 cujuscumque
1134 4992 1268 5086 linguae
1295 4992 1417 5066 Officiis
1444 4993 1650 5068 Sacramen-

292 5101 421 5177 talibus.
483 5103 603 5179 Ultima
638 5105 745 5180 verba
779 5129 825 5179 ex
859 5106 924 5180 alio
958 5130 1089 5204 quoque
1121 5107 1199 5182 loco
1235 5111 1336 5206 petita
1367 5110 1547 5185 verisimile
1580 5121 1650 5186 est:
