4686 6060
709 581 1246 660 ALEXANDRINO.
1572 579 1649 655 407

281 771 496 847 confessione
521 768 598 843 fidei
625 780 701 842 ante
727 772 990 844 communionem
1019 770 1083 842 dici
1115 769 1230 859 solita,
1266 793 1285 841 a
1321 768 1493 842 lllonacbis
1526 768 1652 841 Maca-

279 893 381 962 rianis
405 891 498 985 prius
524 910 593 961 non
619 890 745 984 recepti
781 898 875 976 sunt,
909 910 1006 983 quam
1041 885 1170 958 illarum
1195 888 1359 959 rationem
1392 883 1583 973 dedissent,
1615 895 1652 958 ut

280 1009 470 1102 expositum
501 1014 554 1078 est
588 1005 622 1074 in
654 1002 800 1076 Historia
833 1002 1059 1076 Patriarcbali.
1112 999 1253 1098 Reliqua
1286 1005 1320 1074 in
1352 1025 1393 1075 eo
1428 1000 1651 1093 Monasterio,

279 1127 364 1196 sicut
390 1120 480 1210 alibi,
507 1119 775 1192 observabantur
799 1119 888 1192 nullo
916 1118 1114 1192 discrimine.

382 1234 501 1311 XClIl
528 1236 665 1324 Postea,
680 1238 893 1332 prosequitur
914 1235 1133 1326 Ebnassalus,
1155 1233 1242 1307 redit
1263 1232 1419 1307 Cabirum
1442 1233 1651 1307 Patriarcba:
1699 1249 1804 1304 neuim
1821 1247 1949 1306 confram.

280 1377 421 1449 cumque
447 1356 640 1448 pervenerit
667 1351 709 1424 ad
735 1351 975 1426 Monasterium
1001 1351 1129 1423 Nobict
1154 1355 1187 1422 in
1210 1350 1424 1446 Gisaprope
1450 1350 1579 1440 urbem,
1605 1350 1652 1424 ibi

280 1492 378 1542 sacra
405 1468 522 1557 faciet,
551 1481 584 1541 et
610 1467 784 1541 Monacbis
810 1465 1000 1541 benedicet:
1027 1481 1095 1540 turn
1121 1465 1335 1563 sequentibus
1354 1466 1470 1539 diebus
1492 1465 1651 1539 celebra-

280 1584 328 1658 bit
361 1587 545 1680 Liturgiam
576 1589 610 1657 in
641 1585 846 1658 llIonasterio
880 1583 1065 1656 Ellenaob:
1094 1591 1214 1680 postea
1246 1585 1360 1656 veniet
1392 1583 1434 1655 ad
1464 1582 1650 1659 Ecclesiam

279 1702 315 1774 S.
342 1702 532 1790 Michaelis,
560 1702 603 1773 ad
629 1714 726 1797 caput
752 1701 988 1796 Aquaeductus
1016 1711 1114 1773 extra
1140 1699 1298 1789 llisram,
1330 1695 1388 1770 ubi
1414 1721 1512 1773 sacra
1538 1698 1650 1787 faciet,

281 1827 379 1912 atque
405 1817 482 1889 indo
508 1841 546 1892 se
572 1816 752 1891 transferet
777 1817 820 1889 ad
845 1816 1033 1890 Ecclesiam
1058 1813 1277 1889 Muhallacam
1304 1817 1390 1888 intra
1412 1815 1540 1904 urbem,
1567 1816 1652 1889 bora

279 1932 437 2006 matutina
480 1934 544 2006 diei
590 1934 803 2021 Dominicae,
840 1955 908 2006 non
945 1931 1011 2006 alio
1047 1931 1109 2004 die.
1162 1931 1212 2004 lbi
1251 1931 1436 2023 liturgiam
1468 1931 1652 2006 celebrabit

279 2050 512 2146 praesentibus
538 2051 739 2147 Episcopis,
766 2048 1023 2138 Sacerdotibus,
1051 2059 1085 2120 et
1108 2047 1223 2145 populi
1242 2047 1465 2120 multitudine:
1492 2048 1555 2120 illis
1582 2047 1650 2120 be·-

280 2166 500 2239 ncdictionem
528 2164 635 2255 dabit,
663 2165 838 2260 orabitque
870 2167 977 2237 Deum
1010 2175 1046 2236 ut
1080 2187 1118 2237 se
1151 2186 1213 2260 per
1244 2164 1319 2236 illos
1351 2175 1386 2236 et
1416 2163 1490 2237 illos
1523 2186 1586 2260 per
1611 2187 1650 2238 se

280 2282 438 2377 perficiat
490 2282 581 2354 Idem
606 2281 708 2354 faciet
734 2285 768 2352 in
793 2279 949 2354 Ecclesia
963 2278 999 2352 S.
1017 2278 1190 2352 Mercurii:
1216 2290 1284 2352 tum
1298 2283 1331 2351 in
1346 2279 1500 2354 Ecclesia
1513 2282 1650 2354 Horet-

281 2399 470 2491 el-room,
505 2422 566 2474 seu
604 2397 681 2470 Vici
720 2398 930 2470 Graecorum
968 2400 1003 2468 in
1034 2418 1128 2469 nova
1164 2395 1293 2470 Cabiro.
1352 2396 1503 2490 Legatur
1541 2408 1649 2471 autern

279 2515 459 2588 Decretum
487 2515 676 2602 electionis,
704 2514 865 2609 simulque
898 2517 1147 2586 instrumentum
1173 2513 1415 2602 Ordinationis,
1442 2537 1510 2586 non
1544 2515 1653 2589 solmn

280 2631 527 2721 Alexandriae,
554 2630 615 2704 sed
642 2634 674 2702 in
700 2629 913 2702 Monasteriis
945 2637 979 2700 et
1011 2632 1046 2700 in
1080 2629 1231 2702 omnibus
1268 2626 1431 2702 Ecclesiis
1463 2634 1497 2701 in
1532 2630 1651 2726 quibus

280 2769 379 2820 sacra
406 2746 516 2820 faciet
569 2746 663 2819 Haeo
698 2749 808 2818 omnia
842 2756 963 2819 statuta
995 2742 1284 2837 observabuntur,
1318 2768 1455 2840 quorum
1491 2746 1653 2844 pleraque

224 2887 228 2904 ·
281 2866 387 2937 sacris
425 2860 617 2935 Canonibus
652 2866 877 2950 continentur,
917 2860 983 2932 alia
1020 2862 1259 2934 cousuetudine
1296 2862 1483 2936 introducta
1523 2873 1598 2936 sunt
1630 2889 1652 2938 a

280 2982 403 3052 sanctis
430 2978 583 3052 Patribus
610 2977 830 3068 Patriarcbis,
858 2980 912 3073 qui
940 2988 1037 3050 antea
1063 2976 1205 3050 buerunt
1257 2977 1331 3048 Huc
1351 3001 1457 3075 usque
1472 2977 1651 3056 Ebnassa-

279 3093 340 3168 lus.
394 3095 535 3191 Reliqua
560 3098 698 3168 minoris
725 3096 883 3166 momenti
909 3102 1001 3182 sunt,
1033 3117 1142 3188 neque
1170 3116 1302 3190 semper
1329 3093 1511 3170 observata
1543 3119 1652 3193 repe-

279 3214 421 3283 riuntur:
449 3233 535 3306 quaa
562 3222 690 3299 tamen,
719 3221 874 3306 quantum
901 3231 948 3280 ex
974 3209 1121 3282 Historia
1147 3208 1365 3284 Patriarcbali
1392 3213 1554 3304 colligere
1580 3236 1651 3308 po-

279 3329 415 3415 tuimus,
442 3324 626 3399 referemus
652 3325 837 3414 hocloco,
865 3335 899 3396 et
924 3324 1057 3419 reliquis
1085 3323 1307 3417 subjiciemus.
1639 3419 1641 3424 ι

383 3441 504 3516 XCIV.
531 3441 621 3514 Inter
648 3440 730 3532 aba,
764 3438 939 3536 aliquando
971 3443 1063 3512 initio
1097 3441 1364 3533 Patriarchatus,
1398 3466 1519 3518 nomen
1553 3445 1653 3543 aliqui
1772 3445 1902 3502 Nonnulla
1925 3445 1976 3546 ab}

280 3568 428 3629 mutasse
468 3561 697 3654 reperiuntur,
736 3555 797 3631 sed
837 3568 947 3629 tamen
983 3577 1061 3628 raro
1104 3555 1271 3652 exemplo.
1323 3558 1467 3631 Primum
1507 3565 1651 3636 occurrit
1680 3534 1827 3672 “⁰33¹'‘
1859 3533 1975 3588 N⁰¹¹¹¹¹¹¹⁸

281 3671 399 3766 Cyrilli
424 3670 559 3746 LXVII.
588 3676 642 3769 qui
678 3683 755 3746 ante
787 3671 1036 3745 Ordinationem
1070 3670 1238 3765 Georgius
1265 3673 1460 3747 vocabatur.
1499 3677 1649 3752 loannes
1786 3658 1793 3673 ⁵

278 3785 431 3860 LXXIV.
458 3787 646 3862 vocabatur
671 3787 900 3880 Abulmeged3
929 3785 1074 3883 Cyrillus
1102 3790 1174 3881 ejus
1202 3812 1382 3864 successor
1413 3804 1554 3868 vocatus
1589 3793 1651 3866 luit

211 3956 217 3965 .
281 3913 358 3975 ante
384 3903 633 3977 Ordinationem
658 3903 787 3976 David:
815 3904 879 3976 alia
907 3902 1062 3999 exempla
1089 3926 1157 3977 non
1185 3918 1376 3996 occurrunt,
1411 3910 1473 3982 sed
1498 3909 1649 4007 Episco-

279 4042 398 4116 porom
425 4020 550 4114 aliquot
576 4023 631 4116 qui
657 4024 784 4115 pariter
815 4024 850 4091 in
880 4019 1097 4092 Ordinatione
1127 4043 1249 4096 nomen
1282 4034 1501 4098 mutaverunt.
1554 4025 1650 4099 Unde

278 4132 400 4205 lactum
428 4134 463 4205 id
488 4158 570 4208 casu
596 4139 725 4232 potius',
753 4145 808 4208 aut
835 4137 1058 4226 affectatione,
1086 4160 1182 4232 quam
1210 4137 1276 4212 ulla
1308 4139 1386 4232 lege
1413 4154 1469 4216 aut
1495 4165 1640 4218 consue·

278 4250 390 4322 tudine
416 4248 666 4326 Ecclesiastico.
929 4343 930 4354 χ
1446 4319 1448 4327 .

383 4365 488 4440 XCV.
517 4368 614 4454 Quod
641 4372 795 4465 proxime
821 4380 899 4465 post
925 4368 1172 4443 Ordinationem
1201 4395 1221 4444 a
1253 4372 1423 4469 plerisque
1449 4376 1650 4449 Patriarcbis
1705 4375 1885 4432 Ordinationes
1910 4377 1977 4446 Eri·

213 4551 216 4566 ,
278 4478 400 4552 facturn
426 4481 588 4576 legimus,
615 4483 801 4558 observare
823 4488 892 4577 jam
920 4497 1070 4581 oportet:
1096 4510 1172 4559 narn
1186 4487 1442 4562 Ecclesiasticas
1468 4513 1524 4566 res
1552 4492 1650 4566 ordi·-
1663 4479 1810 4532 '⁰⁰⁹⁰'um‘

278 4617 373 4685 nare,
401 4599 562 4691 gravibus
584 4604 734 4693 negociis
760 4601 957 4697 providere,
984 4612 1018 4674 et
1044 4603 1109 4676 alia
1136 4605 1300 4697 ejusmodi
1324 4609 1451 4695 munia,
1478 4629 1544 4680 non
1569 4613 1665 4682 ma-'

279 4715 332 4804 gis
361 4713 404 4785 ad
418 4714 645 4788 Patriarcham
663 4719 828 4812 pertinent
855 4741 953 4812 quam
980 4717 1022 4790 ad
1039 4717 1228 4816 Episcopos
1254 4724 1289 4793 in
1315 4726 1384 4795 suis
1400 4725 1521 4820 quique
1537 4726 1649 4798 Dioc-

280 4829 424 4904 cesibus.
476 4829 601 4904 Verum
628 4832 716 4927 quod
743 4835 852 4904 statim
878 4832 1130 4928 utplurimum,
1156 4835 1279 4908 factum
1305 4848 1358 4912 est
1380 4843 1512 4914 anovis
1533 4841 1648 4914 Patri-

279 4944 408 5034 arcbis,
445 4953 653 5022 consecratio
679 4948 923 5044 Episcoporum
957 4947 1033 5039 fuit,
1064 4956 1260 5047 praesertim
1296 4954 1427 5048 quando
1461 4956 1561 5031 sedes
1595 4958 1648 5031 din

279 5072 481 5152 vacaverat,
508 5086 551 5136 ne
568 5063 745 5139 Ecclesiae
771 5064 890 5137 diutius
906 5064 1049 5138 Pastore
1070 5065 1241 5158 viduatae,
1269 5069 1454 5146 detrimenti
1472 5072 1650 5171 quidquam
