4788 6030
458 623 508 699 DE
522 617 777 698 LllURGltlllUll
792 615 1047 696 otmmtttttn
1057 617 1207 698 obtentu
1220 623 1267 698 ET
1283 621 1529 700 AUTORlleE.
1585 605 1674 695 'nix

304 814 338 882 ia
364 809 481 881 Coeou
515 809 676 881 Domini:
708 825 825 880 vorum
858 807 957 878 etiam
991 807 1169 902 particulas
1201 817 1417 882 consecratas
1451 808 1674 905 servantibus,

305 947 379 998 esse
406 945 528 1020 corpus
555 935 590 997 et
623 925 816 1016 sauguinem
845 919 977 994 Christi.
1028 925 1066 996 br
1099 927 1212 1018 primis
1238 923 1423 998 Ritualibus
1449 923 1509 996 sub
1536 924 1675 997 Eduar-

305 1041 346 1114 do
372 1040 429 1114 vt.
462 1043 636 1135 institutis,
663 1038 909 1112 consuetudinis
939 1047 1091 1112 vetustae
1118 1039 1203 1113 illius
1228 1043 1351 1115 mentio
1382 1043 1587 1132 interjicitur,
1614 1040 1675 1112 sed

304 1167 337 1228 ut
363 1155 536 1228 aboleatur
562 1164 718 1250 tanquam
744 1154 786 1226 ad
813 1155 1080 1250 superstitionem
1095 1155 1315 1248 degenerans.
1348 1154 1572 1228 Obsoleverat
1594 1158 1675 1249 qui-

304 1272 376 1345 dem
411 1271 531 1343 dudum
557 1273 589 1341 in
618 1270 841 1361 occidentali,
874 1290 942 1342 non
974 1271 1081 1341 miuus
1117 1292 1215 1364 quam
1245 1273 1278 1341 in
1312 1270 1470 1341 Orientali
1505 1269 1674 1360 Ecclesia,

303 1389 360 1462 sed
386 1386 562 1482 utrobique
589 1411 635 1458 ex
661 1409 782 1480 magna
810 1409 892 1479 erga
911 1395 1155 1458 sacramentum
1175 1385 1359 1478 religione,
1384 1388 1582 1481 praesertim
1600 1408 1673 1456 cum

303 1502 490 1599 inpublica
506 1501 685 1574 Christiani
711 1502 817 1576 cultus
843 1500 995 1574 libertate
1020 1521 1088 1572 non
1114 1500 1285 1572 videretur
1311 1504 1515 1574 necessaria.
1545 1500 1593 1572 At
1610 1500 1674 1570 alia

302 1639 439 1714 prorsus
465 1621 549 1689 ratio
575 1617 830 1690 Protestantium
858 1617 938 1709 fuit,
966 1637 1012 1688 ex
1039 1639 1179 1709 quormn
1205 1615 1378 1706 doctrina,
1413 1638 1480 1688 non
1507 1617 1676 1710 supersti-

304 1737 386 1807 tiosa
416 1733 534 1823 modo,
569 1732 629 1806 sed
662 1736 769 1806 inanis
803 1744 837 1804 et
868 1731 992 1805 frivola
1026 1731 1146 1804 luisset
1177 1733 1387 1821 reservatio,
1423 1752 1490 1803 non
1524 1735 1677 1826 corporis

305 1849 438 1936 Christi,
466 1847 569 1943 quod,
595 1856 631 1918 ut
656 1851 718 1943 ipsi
744 1849 940 1943 loquuntur,
968 1851 1018 1935 in,
1047 1825 1138 1934 cudi,
1167 1856 1202 1917 et
1226 1847 1287 1919 cub
1312 1869 1405 1940 punc
1432 1869 1510 1920 esse
1537 1855 1675 1938 negant,

305 1963 362 2037 sed
387 1967 483 2058 panis
508 1962 684 2058 simpliciS,
712 1986 777 2057 quo
806 1967 861 2058 qui
887 1973 1104 2053 vesceretur,
1130 1961 1209 2032 nihil
1234 1973 1370 2058 praeter
1397 1985 1516 2058 panem
1534 1965 1677 2056 accipe-

304 2091 369 2168 ret,
397 2081 474 2172 quia
500 2099 567 2148 non
593 2085 789 2150 vesceretur
815 2083 851 2149 iu
879 2079 997 2150 Coeno
1022 2079 1172 2149 Domini.

403 2195 441 2266 br
475 2192 634 2284 Librrgiis
668 2192 829 2283 Graecis,
865 2213 951 2288 quae
987 2191 1160 2284 adjunctas
1196 2189 1388 2287 disciplinae
1424 2194 1675 2266 sacramentalis
1691 2213 1998 2268 sternutamentum.

304 2305 436 2401 regulas
463 2306 611 2397 habent,
637 2307 741 2400 vulgo
768 2307 939 2399 rubricas,
965 2317 1002 2378 ut
1028 2318 1103 2382 sunt
1129 2329 1246 2380 omnes
1272 2307 1379 2380 ferme
1406 2332 1491 2404 quae
1514 2310 1556 2381 ab
1580 2315 1675 2382 annis

305 2426 499 2516 octingentis
518 2433 574 2494 aut
594 2422 734 2518 amplius
753 2424 941 2520 descriptae
963 2432 1056 2514 sunt,
1082 2425 1182 2520 paulo
1202 2436 1278 2496 ante
1295 2428 1577 2516 communionem,
1599 2425 1675 2495 dum

304 2540 494 2611 inclamatur
519 2539 653 2610 Saucia
677 2539 837 2630 Soractis,
865 2539 1017 2612 elevatur
1041 2539 1269 2630 Eucharistia,
1296 2549 1331 2611 et
1358 2539 1410 2611 bic
1437 2543 1519 2613 ritus
1537 2548 1677 2611 vocatur

304 2653 401 2753 Ἀγία
434 2653 596 2751 deprome,
631 2653 765 2726 Sancto
799 2656 966 2726 elocutio:
1003 2677 1120 2727 omues
1143 2657 1177 2725 in
1200 2676 1308 2746 genua
1328 2654 1558 2751 procumbunt,
1585 2655 1675 2728 ado-

305 2781 441 2866 rantque
468 2780 730 2860 sacramentom3
763 2792 873 2864 neque
905 2769 946 2841 ad
973 2770 1158 2842 testandam
1186 2770 1283 2841 lldem
1310 2791 1404 2843 suam
1432 2771 1559 2862 dicunt,
1593 2791 1675 2841 cre-

305 2883 380 2956 dere
414 2907 453 2958 se
485 2906 607 2981 corpus
635 2884 769 2958 Christi·
787 2886 898 2956 datum
931 2886 1034 2959 luisse
1066 2907 1128 2980 pro
1162 2885 1269 2957 salute
1296 2907 1374 2977 sua,
1408 2896 1442 2958 et
1477 2890 1673 2978 sanguinem

305 3003 374 3092 ejus
402 3001 560 3074 effusum:
587 3021 705 3072 verum
733 3001 777 3073 ad
805 3023 880 3073 eum
906 3009 1060 3097 tanquam
1086 3023 1171 3074 vere
1196 3013 1409 3097 praesentem
1442 3023 1561 3098 preces
1596 3023 1674 3074 suas

305 3115 469 3210 dirigunt,
505 3138 579 3189 eam
605 3120 801 3212 praesertim
831 3139 928 3213 quam
953 3118 1038 3190 latro
1066 3120 1099 3188 in
1126 3128 1226 3188 cruce
1252 3117 1421 3213 pendens,
1461 3117 1557 3190 hrdit:
1591 3121 1673 3190 Me-

303 3240 409 3304 mento
436 3236 503 3304 mer’
528 3233 675 3304 Domine
701 3233 776 3304 dun
802 3237 937 3305 acueris
962 3237 998 3304 iu
1023 3255 1163 3328 reguum
1191 3240 1299 3305 tuum:
1328 3233 1475 3324 scilicet,
1501 3245 1537 3305 ut
1557 3233 1673 3329 expli-

305 3359 377 3420 cant
396 3347 586 3422 Orientales
607 3347 793 3440 Theologi,
821 3349 1096 3442 quemadmodum
1122 3349 1207 3420 latro
1234 3352 1267 3420 in
1294 3371 1414 3440 cruce,
1442 3353 1526 3444 turpi
1548 3349 1674 3424 scihcet

305 3473 335 3535 ct
360 3461 500 3555 ignobili
526 3463 703 3558 supplicio,
732 3462 882 3538 omnibus
895 3464 989 3536 malis
1004 3485 1200 3561 oppressum
1221 3462 1406 3555 Christum,
1432 3463 1540 3536 Deum
1558 3485 1672 3557 agno-

304 3583 367 3669 vit,
403 3584 450 3651 ita
479 3587 513 3649 et
534 3577 713 3650 Christiani
739 3581 772 3650 in
798 3601 886 3674 pane
913 3601 987 3652 eum
1015 3589 1209 3672 agnoscunt.
1250 3579 1375 3651 Multae
1398 3583 1432 3650 in
1454 3579 1672 3665 Graecorum,

304 3694 485 3790 Syrorum,
522 3703 555 3765 et
589 3692 794 3790 Coptitarnm
829 3693 955 3766 Officiis
989 3716 1031 3766 eo
1065 3705 1215 3789 tempore
1249 3695 1398 3766 dicuntur
1430 3694 1473 3766 ad
1507 3694 1672 3768 Christum

303 3831 441 3904 preces,
470 3831 554 3903 quae
580 3831 648 3880 non
672 3811 737 3882 nisi
763 3809 805 3880 ad
830 3811 938 3881 Deum
970 3807 1034 3880 dici
1066 3819 1227 3904 possunt,
1262 3820 1360 3904 atque
1392 3809 1478 3881 adeo
1510 3827 1671 3882 summmn

305 3924 503 3996 adorationis
530 3923 650 3995 cultum
677 3926 862 3999 continent:
896 3924 984 3995 nulla
1018 3924 1132 3996 similis
1164 3925 1198 3995 in
1224 3924 1482 3997 Protestantium
1514 3921 1671 3995 formulis.

304 4039 403 4132 lgitur
419 4061 465 4110 ex
481 4037 669 4112 elevatione
693 4049 725 4111 et
749 4039 943 4112 adoratione
970 4037 1216 4131 Eucharistiae,
1245 4061 1330 4134 quae
1356 4037 1542 4112 Ritualibus
1563 4059 1670 4134 prae-

305 4153 475 4246 scribitur,
503 4164 570 4225 tum
597 4177 643 4227 ex
669 4154 842 4250 precibus,
870 4165 963 4226 certo
990 4156 1233 4245 concludimus,
1262 4154 1449 4227 Orientales
1473 4177 1589 4228 omues
1617 4159 1671 4250 qui

304 4268 384 4341 tales
411 4273 493 4342 ritus
520 4279 554 4342 et
579 4291 700 4365 preces
726 4268 868 4359 babent,
894 4271 992 4343 iidem
1020 4275 1092 4344 sine
1120 4293 1184 4366 qua
1210 4270 1289 4342 nihil
1317 4270 1423 4345 simile
1450 4269 1574 4342 admitti
1600 4291 1670 4365 po-

304 4393 382 4475 test,
408 4384 550 4474 babere3
576 4395 613 4456 ut
639 4409 685 4456 ex
711 4391 878 4458 cocinaria
905 4408 1045 4482 prorsus
1080 4386 1338 4460 Protestantium
1369 4385 1556 4480 disciplina,
1591 4405 1670 4456 ma-

181 4485 186 4494 *
304 4519 435 4593 guoque
460 4499 590 4573 illorum
618 4501 795 4573 adomnia
829 4501 884 4573 illa
920 4501 1083 4574 abolenda
1110 4505 1289 4574 attentione
1314 4499 1557 4591 concludimus,
1591 4502 1671 4575 nibil

303 4617 406 4687 mbrns
437 4615 513 4688 illos
549 4615 709 4706 credere,
744 4639 841 4712 mam
873 4617 962 4712 quod
988 4617 1177 4690 Orientales
1213 4614 1376 4706 credunt,
1408 4639 1483 4688 cum
1516 4615 1671 4692 Ecclesia

304 4725 483 4806 Catholica.

402 4845 511 4918 Erunt
542 4846 715 4939 fortassis,
742 4849 797 4942 qui
822 4851 913 4919 cirea
938 4851 1022 4922 ritus
1049 4847 1123 4921 illos
1149 4849 1239 4919 litem
1266 4845 1469 4938 movebunt,
1498 4852 1574 4943 quia
1595 4857 1671 4923 sunt
1700 4865 1742 4918 nn
1756 4867 1819 4919 rrius
1832 4866 1869 4918 itti
1888 4869 1995 4917 novru-

302 4959 436 5033 codices
471 4965 593 5058 antiqui
625 4967 658 5034 in
692 4960 809 5057 quibas
842 4983 910 5036 non
943 4972 1093 5034 exstant:
1127 4971 1226 5056 atque
1260 4961 1346 5034 adeo
1373 4962 1476 5035 veluti
1502 4967 1669 5036 recentius
1683 4953 1870 5021 cumspicione
1887 4953 1994 5019 ''tal'‘

302 5076 490 5167 introducti,
518 5097 564 5148 ex
590 5099 655 5174 quo
682 5081 816 5151 mutatio
845 5079 1016 5151 doctrinae
1042 5081 1176 5150 invecta
1203 5087 1273 5170 est,
1299 5079 1489 5170 rejicientur
1508 5101 1669 5175 asuper·
1683 5039 1788 5105 ¹³⁰⁵⁸i¹¹²

1403 5192 1428 5264 8
1443 5194 1466 5236 ἢ
