4736 6064
327 3284 356 3336 p.
375 3267 436 3320 rat.

331 3471 360 3524 ὧ.
379 3474 406 3526 3.
425 3490 447 3525 c.
466 3474 492 3524 7.
510 3473 573 3524 trist.

624 489 700 565 500
1001 487 1620 567 OBSERVATIONES

622 674 812 738 invisibiliter
834 681 944 752 tamen,
967 672 1032 736 sive
1055 672 1251 754 spiritualiter
1272 673 1437 753 perficituu.
1476 671 1596 736 idcirco
1619 671 1853 738 celebrationem
1876 675 2000 742 Eucha-

619 774 724 837 ristiae
745 780 856 836 vocant
877 774 1061 852 sacrificatam
1082 771 1241 852 spirituale
1262 779 1292 833 et
1304 773 1500 835 incurrentem.
1524 771 1693 835 Verisimile
1701 773 1795 856 igitur
1809 781 1867 854 est,
1884 776 2000 855 primos

621 872 702 934 illius
724 872 880 954 liturgiae
903 871 1025 933 Latinos
1048 871 1242 952 interpretes,
1266 889 1333 931 cum
1356 869 1428 952 qaid
1450 878 1543 949 essct,
1567 872 1668 934 altaro
1680 873 1837 951 spirituale
1849 891 1911 936 non
1925 877 1999 939 satis

621 973 826 1052 perciperent,
850 970 1017 1050 Aethiopes
1041 969 1079 1033 de
1102 969 1198 1032 sonna
1221 968 1356 1031 altarium
1379 986 1503 1031 suorum
1525 970 1743 1052 interrogasse.
1772 970 1816 1033 lili
1831 989 1898 1034 cum
1912 991 2000 1036 com-

622 1088 740 1132 munem
764 1068 901 1133 omnibus
923 1068 1070 1131 Ecclesiis
1094 1066 1298 1131 Orientalibus
1323 1067 1509 1150 disciplinam
1532 1068 1754 1149 explicassent,
1777 1072 1858 1132 circa
1881 1068 1999 1132 tabulas

621 1169 659 1231 ab
683 1167 843 1249 Episcopis
865 1175 1079 1246 consecratas,
1103 1168 1169 1230 sine
1193 1167 1315 1248 quibus,
1340 1169 1429 1229 etiarn
1453 1167 1482 1228 in
1506 1167 1650 1230 altaribus
1673 1168 1794 1246 solidis,
1826 1168 1999 1231 Orientales

622 1285 688 1331 rem
710 1285 826 1330 sacram
848 1282 910 1328 non
933 1265 1062 1329 iaciunt:
1085 1273 1146 1328 tum
1169 1267 1258 1330 etiam
1281 1284 1396 1328 morem
1418 1265 1621 1330 transferendi
1644 1266 1756 1328 similes
1779 1266 1908 1344 tabulas,
1931 1285 2000 1329 cum

620 1352 966 1440 chcastramoveret3
990 1365 1127 1446 proclive
1148 1363 1204 1428 fuit
1226 1373 1259 1428 ut
1281 1364 1322 1426 illi
1340 1365 1523 1445 interpretes
1541 1366 1748 1428 existinarent
1760 1365 1827 1428 illas
1839 1366 1998 1439 altaribus,

621 1483 700 1547 quae
711 1464 863 1546 portatilia
885 1472 1033 1528 vocantur
1055 1482 1125 1527 esse
1147 1465 1268 1528 similes.
1299 1464 1404 1545 Neque
1429 1464 1485 1526 alia
1507 1472 1540 1526 ut
1562 1464 1682 1526 videtur
1703 1465 1791 1546 hujus
1814 1464 1999 1527 diversitatis

622 1581 714 1627 causa
737 1563 910 1644 quaerenda
933 1570 989 1626 est.

986 1825 1022 1896 5.
1068 1823 1269 1896 Transmata
1294 1823 1382 1940 banc
1404 1844 1540 1916 panem,
1568 1807 1632 1894 otc.

714 2031 837 2110 Onarro
860 2043 937 2106 haec
959 2050 992 2104 at
1015 2043 1161 2124 diximus,
1192 2043 1335 2106 translata
1365 2051 1412 2106 est
1435 2063 1475 2106 ex
1498 2041 1624 2124 Coptica
1653 2041 1789 2125 liturgia
1818 2044 1936 2122 Basilii,
1967 2052 1998 2108 et

620 2149 734 2211 idcirco
747 2145 826 2208 baud
849 2146 946 2222 aliter,
970 2162 1059 2226 quam
1081 2145 1160 2226 apud
1185 2145 1319 2226 Coptitas
1342 2146 1529 2227 intelligitur,
1553 2143 1739 2227 accipienda.
1763 2147 1873 2210 Veram
1897 2156 1997 2210 autem

620 2247 813 2310 mutationem
836 2245 986 2328 significat
1004 2261 1064 2306 vox
1081 2244 1272 2325 Aethiopica,
1295 2247 1344 2307 rei
1364 2245 1490 2320 scilicet,
1513 2247 1657 2307 naiasin
1678 2245 1782 2322 cliens,
1804 2253 1838 2307 ut
1860 2245 2000 2326 agnoscit

621 2347 687 2427 ipse
709 2343 855 2407 Ludolius
878 2344 908 2404 in
930 2342 1051 2405 Lexicis
1075 2343 1153 2405 suis:
1184 2343 1327 2424 multique
1340 2346 1527 2434 ,scripturae
1555 2343 1616 2406 loci
1638 2344 1669 2404 in
1692 2344 1800 2423 quibus
1812 2350 1999 2425 usurpatur,

619 2446 718 2527 palam
739 2443 862 2507 iaciunt.
907 2441 939 2505 Si
961 2441 1011 2506 vel
1039 2440 1193 2505 levissima
1223 2441 1261 2504 de
1289 2443 1356 2524 ejus
1384 2441 1604 2526 significatione
1632 2451 1716 2506 esset
1745 2443 1906 2523 dubitatio,
1934 2461 1999 2506 vox

622 2542 749 2624 Coptica
774 2543 821 2605 cui
844 2540 1021 2622 respondet,
1044 2547 1074 2604 et
1097 2543 1256 2605 versiones
1278 2541 1429 2604 Arabicae
1452 2541 1532 2604 illam
1553 2542 1643 2623 plene
1667 2541 1863 2607 discuterent.

769 2833 804 2906 6.
842 2832 1019 2904 Sacerdos
1045 2833 1130 2904 dicit
1158 2833 1356 2907 Orationem
1382 2836 1621 2909 Absolutionis
1647 2836 1694 2906 ad
1719 2779 1854 2906 aetram.

721 3043 855 3122 Trrucns
877 3053 929 3116 ille
951 3060 1036 3116 extat
1058 3054 1089 3115 in
1109 3054 1276 3134 exemplari
1289 3053 1481 3138 Aethiopico,
1504 3057 1643 3138 idemque
1666 3063 1724 3132 est,
1746 3063 1837 3136 atque
1859 3057 1885 3119 is
1909 3075 1999 3138 quem
2114 3086 2123 3100 ·

624 3159 729 3222 cadem
753 3160 850 3221 oratio
872 3155 1008 3238 praefert
1029 3157 1059 3219 in
1073 3155 1207 3238 Copticis
1231 3158 1465 3240 exemplaribus,
1488 3168 1519 3223 et
1542 3160 1579 3222 de
1602 3160 1653 3222 illa
1673 3159 1785 3221 dictam
1799 3159 1889 3221 estin
1904 3160 1999 3224 Com-

622 3259 780 3321 mentario.
823 3257 857 3319 ln
879 3257 984 3319 Latina
1006 3257 1148 3319 versione
1173 3255 1341 3336 Goadjator
1362 3260 1512 3321 sacerdos
1532 3259 1621 3335 dicit,
1644 3267 1700 3322 etc.
1746 3258 1791 3320 lta
1812 3266 1938 3339 vocant,
1967 3267 1999 3322 ct

622 3359 696 3420 satis
715 3357 841 3438 proprie
864 3356 914 3436 qui
937 3354 975 3417 ad
996 3355 1123 3418 verbum
1140 3354 1549 3439 semi-Presbytervocatur,
1572 3356 1764 3438 Aethiopiae,
1788 3357 1874 3438 cujus
1897 3366 1997 3421 tamen

622 3455 766 3518 Ordinem
792 3454 875 3517 velut
898 3472 916 3517 a
936 3453 1112 3535 Presbyteri
1134 3451 1247 3517 Ordine
1270 3455 1441 3518 distinctum
1463 3455 1608 3519 ludolfus
1630 3457 1819 3537 imaginatur.
1864 3457 2000 3520 Vocatur

621 3555 663 3616 ita
686 3554 838 3618 Sacerdos
862 3555 1026 3631 assistens,
1049 3554 1134 3614 utin
1158 3552 1432 3618 caeremonialibus
1454 3557 1565 3618 nostris
1588 3555 1672 3618 libris
1695 3553 1788 3637 vulgo
1812 3553 1981 3635 appellatur
1988 3575 1998 3632 3

622 3655 757 3732 quamvis
781 3652 900 3714 diderat
923 3651 1080 3733 utriusque
1103 3651 1247 3716 Officium.
1292 3653 1367 3714 Nam
1389 3655 1419 3715 in
1441 3653 1587 3717 Ecclesiis
1611 3651 1829 3730 OrientalibuS,
1852 3669 2000 3734 praeser-

622 3752 735 3832 timque
758 3753 789 3814 in
811 3750 1017 3814 Alexandrina
1038 3751 1215 3829 lacobitioa,
1238 3752 1294 3814 soli
1318 3753 1443 3816 Diaconi
1459 3752 1617 3816 Sacerdoti
1640 3752 1804 3816 celebranti
1820 3752 1997 3816 ministrant.

621 3847 687 3911 Hoc
715 3850 785 3913 loco
816 3850 888 3931 quid
916 3867 973 3930 per
1003 3849 1327 3932 semi-Presbyterum
1355 3851 1557 3933 intelligatur,
1592 3869 1632 3913 ex
1660 3850 1819 3914 Ecclesiae
1851 3847 1997 3931 Copticae

621 3949 778 4031 disciplina
802 3957 886 4013 certo
909 3950 1030 4014 scimus.
1075 3948 1109 4010 ln
1130 3949 1215 4012 libris
1239 3950 1352 4031 quippe
1374 3949 1555 4029 Ritualibus,
1578 3951 1741 4031 praecipue
1766 3946 1914 4012 Gabrielis
1936 3949 1997 4011 Pa-

621 4047 789 4127 triarcbae,
818 4056 955 4125 notatur,
985 4047 1160 4111 Orationem
1181 4047 1389 4113 Absolutionis
1417 4049 1455 4112 de
1478 4068 1536 4130 qua
1558 4067 1638 4111 nunc
1661 4049 1777 4130 agitur,
1809 4047 1998 4128 pronuntiari

621 4164 715 4227 super
738 4147 934 4210 Sacerdotem
956 4146 1174 4222 celebrantem,
1198 4148 1286 4210 etiam
1308 4148 1509 4229 Episcopum,
1533 4148 1570 4210 ab
1593 4147 1772 4228 Hagumeno
1795 4164 1851 4209 seu
1873 4146 1997 4223 Koraos,

511 4275 520 4280 ·
621 4262 699 4329 quae
729 4264 792 4309 vox
819 4263 879 4309 non
903 4245 991 4308 modo
1013 4244 1301 4327 Arabimandritam,
1331 4248 1387 4310 sed
1416 4245 1725 4328 Archipresbyterum
1752 4244 1917 4328 significat:
1946 4251 1998 4307 aut

621 4346 658 4409 ab
683 4345 741 4408 alio
765 4344 941 4410 Sacerdote.
987 4345 1156 4408 Verisimile
1185 4346 1279 4429 igitur
1307 4347 1427 4411 omnino
1451 4354 1498 4410 est
1521 4345 1657 4409 eamdem
1680 4346 1710 4407 in
1731 4345 1912 4426 Aethiopica
1934 4344 1997 4408 Ec-

621 4445 726 4523 clesia,
754 4461 789 4505 ac
812 4442 1059 4506 inAlexandrina
1074 4444 1140 4526 ejus
1159 4453 1254 4508 matre
1269 4443 1365 4508 fuisse
1382 4446 1580 4528 disciplinam,
1603 4447 1684 4508 cirea
1697 4444 1777 4507 illius
1788 4443 1996 4506 Absolutionis

621 4544 907 4623 pronuntiationem,
947 4542 1023 4604 Nam
1045 4543 1072 4605 si
1094 4550 1126 4606 ut
1149 4543 1258 4606 alicubi
1284 4544 1380 4608 voluit
1401 4544 1563 4624 ludolfus,
1593 4563 1650 4626 per
1679 4542 1998 4624 semi-Presbyterum

620 4640 834 4723 intelligendus
866 4649 913 4704 est
934 4641 1103 4721 Diaconus,
1132 4650 1165 4704 ut
1194 4659 1252 4724 per
1281 4643 1574 4719 semi-Diaconum,
1605 4642 1830 4717 Subdiaconus,
1859 4641 1998 4721 sequitur

623 4740 797 4804 Orationem
820 4739 1029 4804 Absolmionis
1052 4741 1241 4821 pronuntiari
1264 4761 1281 4806 a
1303 4741 1450 4823 Diacono,
1474 4742 1555 4824 quod
1579 4741 1825 4805 absurdissimum
1848 4747 1880 4802 et
1903 4739 1997 4802 disci-

622 4837 724 4920 plinae
747 4841 929 4902 contrarium
952 4845 1008 4902 est.
1054 4839 1197 4914 Quamvis
1221 4842 1299 4904 enim
1321 4842 1397 4905 baec
1419 4843 1517 4906 oratio
1539 4840 1748 4905 Absolutionis
1771 4835 1997 4902 sacramentalis

621 4937 769 4999 rationem
791 4937 904 5001 habere
927 4954 990 5001 non
1010 4939 1117 5021 possit,
1139 4955 1201 5003 non
1224 4939 1305 5021 quod
1328 4941 1538 5024 deprecatoria
1560 4947 1618 5022 est,
1641 4956 1747 5005 omnes
1769 4937 1849 5002 enim
1859 4935 1998 4999 Absolu-
