4670 6046
755 585 808 662 an
830 553 1035 662 alamann
1057 581 1249 661 noralem
1266 584 1297 660 s.
1314 583 1457 660 casua.
1556 664 1560 672 .
1612 629 1617 642 .
1715 583 1787 656 261

427 789 538 850 porum
560 777 590 831 et
610 770 769 850 spirituran
789 777 977 848 nostrarum,
1001 777 1031 830 et
1051 769 1319 846 consummarum,
1340 786 1397 846 per
1415 768 1506 846 fidem
1531 767 1563 830 r'n
1584 785 1691 829 mosen
1712 775 1793 830 mura

432 877 585 946 carectum,
607 869 650 930 ad
671 875 835 930 eobanum
856 887 948 948 arsque
968 870 1050 930 vitae
1071 868 1216 948 spiritum.
1238 865 1342 929 abnam
1374 864 1484 948 Colligi
1497 867 1605 928 multae
1628 866 1792 946 aliaepos-

432 975 503 1030 sunt
523 986 563 1030 ex
584 966 668 1030 libris
690 965 929 1046 Ecclesiasticis,
953 985 1051 1047 neque
1074 968 1151 1027 enim
1174 967 1296 1028 istarum
1323 965 1489 1028 orationum
1520 973 1551 1028 et
1581 983 1684 1028 amum
1713 972 1791 1045 quae

431 1065 618 1148 inLiturgia
640 1066 885 1147 praescribuntur
907 1067 984 1128 ratio
1006 1072 1053 1128 est
1074 1083 1201 1147 prorsus
1230 1064 1350 1127 eadem:
1378 1064 1443 1126 istis
1466 1064 1578 1128 addere
1606 1071 1657 1125 aut
1686 1063 1792 1126 detra-

430 1163 505 1226 here
527 1162 598 1226 nihil
620 1162 706 1227 licet:
728 1166 760 1227 in
782 1165 848 1228 aliis
871 1183 948 1245 quae
971 1163 1109 1227 dicuntur
1132 1163 1168 1225 ad
1190 1162 1319 1240 libitum,
1348 1170 1381 1225 ut
1410 1162 1560 1226 Rubrieae
1586 1169 1710 1225 nostrae
1742 1162 1791 1226 la-

432 1271 578 1345 quuntur,
602 1272 653 1326 aut
675 1282 752 1343 quae
775 1264 913 1345 privatim
935 1265 1014 1327 inter
1036 1263 1291 1326 caeremoniarum
1314 1261 1791 1326 intervallarecitanturasacer-

432 1361 568 1439 dotibus,
592 1371 642 1426 aut
664 1384 682 1426 a
703 1363 818 1440 Laicis,
841 1363 914 1425 alias
937 1363 1104 1445 adjungere
1126 1380 1246 1443 semper
1274 1362 1367 1426 licuit.
1411 1361 1511 1442 ltaque
1541 1361 1651 1424 multae
1679 1361 1791 1423 similes

432 1470 593 1525 accurrunt
616 1461 653 1525 ad
676 1465 927 1542 conununionem,
951 1470 981 1526 et
1004 1463 1040 1524 ad
1062 1463 1224 1544 gratiarum
1248 1464 1410 1540 actionem,
1439 1479 1500 1525 non
1529 1462 1559 1523 in
1590 1460 1791 1525 Orientalibus
1835 1515 1838 1520 .

432 1561 535 1641 modo,
560 1561 614 1624 sed
637 1564 668 1625 in
691 1563 814 1626 Graecis
838 1581 957 1644 quoque
980 1561 1080 1639 libris,
1104 1579 1181 1642 quae
1203 1579 1307 1624 omnes
1320 1562 1432 1624 realem
1443 1560 1642 1642 praesentiam
1657 1560 1697 1622 ita
1715 1577 1792 1622 con-

431 1659 563 1740 firmant,
587 1669 620 1723 ut
641 1662 694 1723 vix
714 1661 775 1724 ulla
799 1662 837 1724 sit
858 1681 936 1742 quae
959 1661 997 1722 ad
1019 1678 1084 1723 eam
1107 1659 1313 1724 stabiliendam
1336 1666 1512 1744 argumenta
1541 1661 1701 1741 perspicua
1730 1675 1790 1722 non

430 1760 611 1842 suppeditet.

878 2023 1142 2094 Communicabit
1168 2021 1351 2094 Sacerdos.
1838 2041 1867 2092 Ρ.
1885 2043 1928 2093 ar.
1946 2043 1962 2094 t
1980 2045 2006 2096 3.

526 2229 579 2308 Da
602 2242 809 2306 communione
831 2241 1002 2306 Sacerdotis
1025 2242 1097 2306 nibil
1119 2243 1272 2324 singulare
1295 2241 1515 2306 observandum
1537 2243 1678 2322 occurrit,
1701 2241 1791 2304 nihil·
1845 2249 2033 2304 Commodianis
2057 2251 2112 2304 dir-

431 2365 489 2426 que
511 2343 720 2426 praescribunt
741 2341 881 2404 rubricae
905 2342 1040 2404 codicum
1063 2343 1279 2420 recentiorum,
1303 2351 1441 2423 tanquam
1464 2342 1579 2406 scilicet
1605 2343 1635 2406 in
1658 2344 1717 2414 ritu
1740 2344 1790 2424 qui
1804 2335 1954 2388 tribuendae
1973 2339 2042 2390 '¹²⁰³-

429 2446 564 2510 omnious
586 2443 659 2506 satis
681 2450 770 2505 notus
793 2459 863 2506 esse
885 2440 984 2508 debet.
1030 2439 1150 2504 Gabriel
1178 2443 1228 2524 qui
1255 2442 1336 2506 illurn
1363 2443 1530 2506 accuratius
1559 2442 1720 2521 describit,
1749 2445 1789 2505 ait

430 2545 624 2613 Sacerdotem
646 2559 756 2621 corpus
779 2549 915 2604 sanctum
937 2542 1079 2619 osculari,
1102 2550 1163 2604 tum
1185 2541 1258 2604 illud
1279 2560 1411 2620 sumere,
1433 2559 1564 2622 moxque
1579 2541 1693 2606 discum
1713 2561 1792 2623 ope<

426 2645 507 2721 rire,
529 2661 637 2724 nempe
660 2659 700 2704 ex
721 2643 894 2704 reverentia
916 2641 1113 2720 sacramenti,
1137 2661 1176 2703 ne
1199 2642 1365 2722 particulae
1387 2643 1417 2705 in
1432 2659 1469 2705 eo
1486 2649 1687 2719 remanentes,
1710 2661 1788 2723 quae

428 2741 650 2808 distribuendae
682 2747 750 2802 sunt
780 2739 816 2803 ad
844 2723 970 2802 aliorum
1007 2743 1261 2817 communionem,
1291 2740 1385 2804 oculis
1415 2742 1571 2822 expositae
1600 2742 1667 2804 sint.
1712 2742 1787 2804 'l'um

427 2843 588 2924 praecipit,
611 2848 644 2902 ut
666 2840 817 2904 Sacerdos
845 2840 968 2903 calicem
998 2840 1136 2923 delegat,
1165 2842 1216 2921 qui
1244 2839 1313 2904 velo
1343 2859 1463 2922 quoquo
1492 2859 1548 2904 suo
1579 2849 1703 2923 opertus
1732 2848 1790 2918 est,

429 2951 459 3005 et
481 2961 520 3005 ex
542 2957 580 3004 eo
602 2940 779 3022 sanguinem
802 2937 911 3002 Christi
933 2940 1032 3018 bibat,
1054 2940 1194 3022 mappula
1207 2940 1326 3016 deinde,
1349 2959 1436 3021 quarn
1450 2942 1570 3004 sinistra
1592 2957 1680 3004 manu
1697 2947 1790 3018 tenet,

428 3059 463 3104 os
487 3040 656 3122 abstergat,
679 3047 710 3101 et
732 3056 815 3102 oram
838 3039 956 3115 nabab,
979 3058 1037 3122 qua
1058 3049 1145 3123 parte
1166 3039 1251 3101 bibit.
1297 3038 1503 3104 Communioni
1533 3039 1704 3104 Sacerdotis
1735 3057 1789 3102 re-

429 3147 569 3204 servatur
590 3136 736 3220 particula
756 3137 807 3200 illa
829 3141 924 3220 major
946 3139 1107 3202 Isbodicon
1129 3140 1225 3214 dicta,
1247 3157 1303 3202 seu
1326 3140 1421 3203 media
1443 3140 1520 3203 illius
1543 3159 1632 3222 pars,
1662 3159 1701 3202 ex
1732 3157 1791 3219 qua

429 3240 623 3323 consignatus
646 3237 700 3301 luit
722 3239 818 3316 calix,
852 3245 883 3300 et
905 3257 945 3302 ex
967 3255 1025 3320 qua
1047 3239 1144 3302 minor
1166 3240 1312 3320 particula
1333 3258 1421 3320 quam
1450 3242 1650 3320 marparitam
1677 3245 1788 3301 vocant

429 3338 580 3414 desumta,
602 3340 716 3402 immitti
737 3340 768 3399 in
790 3338 914 3402 calicem
930 3339 1071 3418 jubetur,
1094 3340 1125 3402 in
1147 3339 1299 3419 excerptis
1322 3358 1362 3401 ex
1385 3339 1524 3402 Gabriele
1548 3347 1578 3402 et
1606 3338 1689 3414 aliis,
1712 3356 1790 3419 quae

429 3439 555 3502 anobis
578 3436 673 3500 relata
695 3446 774 3502 sunt.
820 3437 894 3502 Cum
917 3445 1016 3500 autern
1032 3437 1150 3501 oblatae
1180 3440 1310 3520 majores
1332 3439 1391 3501 sint
1414 3441 1442 3501 in
1459 3438 1582 3504 Oriente
1603 3457 1691 3519 quam
1711 3435 1789 3518 apud

428 3553 484 3600 nos
505 3535 640 3612 soleant,
663 3554 827 3618 omnesque
850 3536 942 3620 vulgo
965 3557 1005 3599 ex
1027 3556 1086 3602 una
1108 3545 1138 3600 et
1160 3539 1264 3602 eadem
1288 3541 1515 3614 communicent,
1539 3538 1588 3600 illa
1611 3557 1682 3619 pars
1705 3538 1791 3618 quasi

428 3637 590 3718 praecipua
613 3638 688 3712 (etsi
709 3636 791 3700 nulla
813 3637 851 3699 sit
873 3635 1032 3700 diversitas
1055 3639 1134 3699 inter
1163 3657 1228 3700 eam
1256 3645 1286 3700 et
1315 3637 1404 3714 alias,
1435 3655 1599 3719 omnesque
1630 3637 1790 3701 credantur

429 3733 594 3816 aequaliter
630 3754 698 3798 esse
732 3753 842 3818 corpus
878 3734 1004 3810 Christi)
1038 3745 1212 3800 reservatur
1241 3737 1278 3800 ad
1308 3737 1529 3818 consignandos
1562 3736 1637 3800 alios
1667 3737 1789 3812 subeas,

429 3838 460 3900 in
482 3835 589 3916 quibus
613 3838 778 3899 communio
801 3835 1004 3914 distribuitur,
1027 3843 1057 3898 et
1080 3836 1117 3898 ad
1136 3836 1339 3917 praebendum
1357 3837 1583 3912 Sacerdotibus,
1607 3835 1708 3912 Claro,
1731 3835 1789 3898 ali-

428 3935 515 4016 isque
546 3933 742 4018 dignioribus.
784 3933 856 3998 Mox
885 3933 1006 3998 Gabriel
1033 3937 1074 3998 ita
1101 3938 1303 4017 prosequitur.
1348 3936 1502 3998 Sacerdos
1530 3935 1668 3998 Diacona
1697 3936 1790 3996 auni-

429 4037 540 4096 stranti
559 4036 794 4096 communionem
814 4037 958 4114 impertit,
981 4044 1011 4097 et
1030 4038 1060 4098 si
1077 4037 1251 4116 provectior
1273 4043 1372 4098 aelate
1390 4035 1500 4114 fucrit,
1531 4036 1586 4096 dat
1606 4036 1636 4097 ei
1656 4035 1789 4109 calicem,

429 4134 572 4214 emaque
595 4134 733 4196 metuar
755 4153 776 4196 a
797 4135 892 4206 latere
913 4135 1094 4216 adunam,
1139 4135 1209 4198 ilem
1222 4135 1499 4215 mcipritDinconus
1521 4135 1654 4213 calicem,
1677 4133 1791 4195 atillad

430 4232 618 4311 circumfert,
641 4234 810 4312 incipiendo
833 4252 853 4295 u
874 4235 969 4296 latere
990 4235 1128 4310 nasacti,
1147 4236 1341 4314 proceditque
1363 4253 1468 4296 earam
1480 4254 1515 4296 eo
1536 4234 1613 4295 ulter
1626 4233 1791 4308 Diaconos,

430 4350 549 4400 aarum
571 4351 730 4394 maenum
748 4332 949 4412 praeferam
978 4342 1150 4416 oportetque
1177 4336 1330 4397 ministros
1357 4335 1465 4396 altoris
1486 4352 1588 4395 omnes
1609 4332 1683 4393 illud
1709 4332 1790 4393 uda-

431 4451 523 4508 φατε,
553 4433 655 4510 capita
682 4433 876 4508 inclinantes,
903 4434 998 4495 donec
1026 4435 1057 4496 in
1083 4435 1176 4497 latere
1203 4434 1317 4498 boreali
1343 4435 1517 4496 considendi.
1562 4431 1640 4494 lime
1669 4431 1793 4509 incipiet

429 4529 583 4592 Sacerdos
609 4532 843 4592 communionem
859 4532 1009 4611 praebere
1023 4534 1169 4596 minnan
1190 4533 1494 4614 inferioris‘ordinis,
1516 4539 1545 4594 et
1558 4532 1683 4610 intinpet
1696 4531 1789 4608 ipsis:

429 4647 562 4710 ususque
583 4617 686 4692 canan
708 4630 835 4692 matam
856 4649 923 4692 cum
944 4633 1102 4713 mappula,
1125 4652 1183 4696 ora
1211 4653 1316 4696 earum
1343 4632 1494 4712 adstupet
1515 4637 1674 4713 postquam
1703 4647 1789 4690 canr-

429 4730 656 4791 municaoerint.
699 4727 866 4808 Maioribus
886 4737 986 4794 autem
1007 4751 1060 4794 seu
1078 4735 1173 4812 primi
1193 4735 1309 4796 ordinis
1336 4733 1498 4806 ministris,
1525 4726 1678 4792 Sacerdos
1706 4726 1792 4789 dubit

431 4845 558 4907 corpus;
580 4826 735 4891 Diaconus
752 4829 912 4909 praebebit
931 4833 1105 4911 sarspuinem
1126 4851 1193 4893 cum
1215 4832 1374 4895 cocbkari.

507 4925 647 5008 Nempe,
671 4935 701 4991 ut
724 4948 764 4991 ex
786 4946 824 4992 eo
845 4929 914 4992 loco
936 4929 1094 5012 multisque
1118 4931 1182 4994 aliis
1205 4931 1392 4995 manifestum
1414 4937 1477 5006 est,
1511 4929 1677 4992 communio
1708 4924 1787 5007 apud
1837 4940 1899 4992 Tres
1913 4938 2091 4995 diversamur.

431 5025 599 5090 Orientales
621 5025 716 5090 tribus
739 5028 832 5092 modis
855 5029 1057 5106 distribuitur,
1079 5033 1120 5092 ita
1142 5030 1291 5111 utnulla,
1315 5038 1456 5112 quantum
1477 5028 1516 5094 ad
1532 5027 1715 5092 Sacramenti
1738 5025 1787 5089 le-

1493 5145 1582 5220 49*
