4760 6038
675 723 726 796 36
1183 719 1543 796 LITURGIA

678 930 725 979 ex
750 907 894 980 Domina
922 909 1065 981 omnium
1091 917 1261 996 nostrum,
1287 906 1454 1003 Deipara,
1486 930 1589 1002 pura,
1616 919 1732 981 sancta
1758 909 1885 1002 blaria,
1917 911 2052 986 lecisti-

679 1045 744 1118 que
769 1023 849 1094 ihud
874 1046 974 1093 unum
1001 1043 1075 1092 oum
1102 1020 1273 1093 divinitate
1300 1031 1377 1112 tua,
1404 1023 1533 1118 absque
1559 1023 1775 1116 confusione,
1809 1032 2052 1124 commistione,

678 1149 735 1209 aut
761 1137 975 1212 alteratione:
1003 1150 1038 1211 ct
1063 1137 1240 1212 confessus
1275 1161 1313 1210 es
1345 1136 1595 1210 confessionem
1627 1138 1749 1211 bonam
1783 1160 1898 1215 coram
1932 1146 2051 1220 Pontio

675 1252 793 1326 Pilato.
846 1254 975 1326 Dedisti
1001 1253 1080 1325 illud
1107 1276 1169 1350 pro
1196 1252 1294 1326 nobis
1322 1275 1422 1348 super
1449 1254 1573 1348 lignum
1601 1267 1750 1328 sanctum
1768 1261 1898 1348 erucis,
1922 1259 2052 1333 volun-

674 1376 744 1438 tate
770 1379 827 1441 tua
854 1371 947 1460 sola,
973 1393 1036 1467 pro
1063 1369 1161 1443 nobis
1188 1367 1351 1442 omnibus.
1406 1367 1518 1443 Credo
1547 1371 1752 1444 divinitatem
1784 1380 1873 1443 tuam
1904 1397 2050 1470 separa-

675 1491 743 1556 tam
774 1507 841 1558 non
871 1485 976 1557 fuisse
1012 1485 1054 1558 ab
1088 1485 1290 1558 humanitate
1324 1495 1399 1574 tua,
1431 1507 1475 1556 no
1510 1497 1678 1559 momento
1712 1487 1845 1582 quidem
1881 1499 1936 1561 aut
1962 1493 2050 1564 nictu

675 1602 773 1673 oculi.
826 1601 957 1675 Dedisti
984 1625 1060 1673 eam
1085 1624 1148 1696 pro
1174 1599 1272 1673 nobis
1306 1600 1349 1672 ad
1382 1600 1541 1692 salutem,
1571 1606 1802 1676 remissionem
1837 1616 2052 1699 peccatorum

676 1727 710 1787 et
735 1720 838 1788 vitam
865 1729 1037 1790 aeternam
1063 1720 1103 1790 iis
1131 1721 1186 1814 qui
1213 1740 1259 1788 ex
1285 1715 1342 1788 illo
1369 1718 1666 1790 communicabunt.
1720 1716 1832 1792 Credo
1867 1718 1931 1791 hoo
1966 1745 2050 1794 uere

676 1837 721 1904 ita
748 1855 837 1905 esse.

901 2024 1024 2095 Oratio
1050 2025 1243 2115 gratiarnm
1268 2023 1418 2092 actionis
1441 2029 1522 2115 post
1550 2022 1827 2094 Communionem.

779 2191 912 2266 Gratias
941 2198 1070 2286 agimus
1097 2191 1175 2282 tibi,
1203 2189 1335 2263 Christe
1360 2189 1480 2280 Deus,
1507 2189 1649 2264 verbum
1675 2214 1792 2264 verum
1820 2215 1866 2264 ex
1889 2192 2050 2266 substan-

673 2313 719 2382 tia
745 2332 829 2405 pura
854 2309 982 2382 Patris:
1011 2313 1087 2404 quia
1114 2308 1214 2380 talem
1239 2312 1274 2379 in
1300 2297 1434 2380 modium
1462 2307 1607 2378 dilexisti
1633 2330 1716 2397 nos,
1753 2318 1786 2379 et
1822 2308 1984 2382 tradidisti
2018 2323 2050 2382 te

673 2428 781 2520 ipsum
807 2422 850 2497 ad
877 2424 1136 2497 immolationem
1163 2446 1225 2520 pro
1248 2422 1354 2496 salute
1380 2432 1517 2512 nostra;
1545 2432 1579 2493 et
1595 2423 1737 2516 largitus
1758 2445 1796 2495 cs
1814 2422 1913 2496 nobis
1934 2430 2050 2516 vitam,

672 2564 735 2636 per
769 2562 892 2636 corpus
928 2551 1017 2612 tuum
1044 2551 1219 2630 sanctum,
1253 2549 1286 2610 ct
1317 2541 1512 2630 sanguinem
1546 2549 1636 2610 tuum
1671 2542 1875 2634 pretiosum,
1909 2563 2050 2634 quorum

673 2656 928 2752 participatione
953 2677 1016 2730 nos
1043 2654 1143 2727 modo
1172 2654 1326 2746 dignatus
1353 2679 1399 2728 es.
1432 2653 1485 2726 Ea
1505 2665 1644 2750 propter
1670 2659 1796 2747 gratias
1824 2657 1952 2748 agimus
1979 2654 2048 2747 tibi,

673 2780 803 2843 amator
829 2781 1006 2844 creaturae
1032 2783 1127 2860 tuae,
1155 2781 1189 2842 ct
1214 2773 1370 2843 mittimus
1399 2769 1456 2842 tibi
1483 2793 1614 2844 sursum
1640 2771 1800 2863 gloriam,
1828 2768 1989 2844 honorem
2017 2781 2051 2844 et

674 2886 919 2976 adorationem,
948 2911 1021 2958 cum
1047 2886 1149 2959 Patre
1173 2896 1231 2958 tuo
1258 2886 1369 2975 bono,
1398 2896 1431 2958 et
1457 2886 1583 2982 Spiritu
1610 2897 1726 2959 sancto
1760 2885 1969 2977 vivificante,
2002 2889 2050 2955 ti-

672 3000 774 3098 bique
801 3003 1093 3093 consubstantiali,
1120 3025 1227 3095 nunc,
1258 3012 1321 3074 etc.

967 3265 1088 3336 Oratio
1116 3265 1350 3336 inclinationis
1372 3271 1453 3359 past
1480 3263 1757 3336 Conannniancm.

776 3454 840 3540 Qui
866 3463 919 3526 est
944 3465 978 3525 et
1003 3452 1083 3542 fuit,
1111 3454 1304 3544 (aeternus)
1333 3457 1388 3548 qni
1418 3455 1511 3526 venit
1543 3461 1642 3547 atque
1676 3453 1793 3523 itermn
1825 3454 1955 3540 veniet,
1992 3455 2047 3547 qni

596 3607 599 3614 ·
671 3573 861 3643 incarnatus
882 3581 917 3642 et
933 3570 1030 3642 homo
1050 3570 1158 3644 factus
1180 3580 1249 3664 cst,
1276 3573 1432 3666 crucique
1452 3569 1569 3642 affixus
1588 3577 1640 3640 est
1657 3579 1795 3664 propter
1816 3589 1897 3642 nos:
1924 3589 2045 3663 passus

671 3695 724 3758 est
757 3690 894 3783 propria
927 3686 1101 3760 voluntate
1134 3689 1168 3758 in
1202 3709 1364 3781 corpore,
1403 3711 1478 3759 cum
1513 3694 1604 3758 esset
1639 3683 1852 3778 impassibilis
1889 3693 2046 3778 tanquam

671 3802 786 3892 Deus;
812 3802 979 3876 involutus
1007 3812 1059 3876 est
1086 3814 1119 3875 et
1144 3807 1273 3898 positus
1299 3805 1333 3873 in
1360 3802 1534 3898 sepulcro,
1562 3803 1710 3874 surrexit
1737 3823 1757 3870 a
1783 3803 1923 3871 mortuis
1950 3803 2046 3872 tertia

672 3919 745 4010 die,
773 3928 807 3990 ct
834 3919 985 3990 ascendit
1011 3921 1045 3990 in
1072 3920 1221 4009 coelum,
1248 3918 1410 4012 sedetque
1437 3917 1480 3988 ad
1507 3918 1681 3989 dexteram
1713 3917 1899 4006 majestatis
1925 3914 2047 4006 Patria,

671 4039 847 4107 etiterum
874 4044 1035 4107 venturus
1063 4044 1115 4107 est
1138 4035 1290 4128 judicare
1315 4039 1417 4108 vivos
1451 4045 1485 4106 et
1517 4041 1684 4105 mortuos:
1719 4055 1816 4126 mem
1849 4029 2048 4103 benedicunt

671 4149 795 4242 Angeli
822 4160 857 4222 et
881 4149 1016 4223 laudant
1028 4149 1251 4243 Archangeli,
1277 4153 1371 4242 cujus
1386 4151 1529 4245 gloriam
1545 4149 1723 4244 loquuntur
1744 4145 1931 4242 Seraphim,
1948 4171 2047 4241 quem

671 4268 813 4339 adorant
839 4264 1040 4358 Cherubim,
1074 4289 1171 4364 quem
1198 4271 1313 4338 timent
1340 4279 1372 4340 ct
1408 4277 1552 4341 tremunt
1586 4287 1702 4339 omnes
1738 4273 1895 4354 naturae,
1926 4259 2046 4353 Filias,

669 4383 820 4455 Verbum
845 4384 910 4455 Dei
936 4381 1044 4455 PatrIs
1057 4436 1068 4471 ,
1095 4381 1196 4457 lesus
1223 4382 1375 4456 Christus
1402 4384 1564 4457 Dominus
1592 4391 1717 4454 noster.
1763 4380 1816 4450 'lu
1843 4401 1881 4450 es
1909 4382 1962 4450 cui
1988 4383 2046 4449 in-

670 4497 771 4570 clinat
797 4521 836 4572 se
862 4498 1005 4595 popolus
1032 4507 1106 4572 tuus
1133 4509 1167 4571 et
1192 4499 1380 4573 haereditas
1408 4510 1483 4590 tua,
1515 4521 1614 4594 mam
1650 4495 1856 4592 acquisivisti
1884 4498 2046 4586 sangnine

671 4625 728 4686 tuo
755 4618 914 4712 pretioso.
967 4617 1095 4711 Aspice
1122 4637 1185 4687 nos
1213 4638 1349 4706 omncs,
1376 4619 1538 4706 Domine,
1565 4615 1607 4686 de
1633 4613 1731 4686 coelo
1759 4621 1876 4685 sancto
1904 4621 1980 4699 tue,
2014 4620 2047 4681 et

673 4750 720 4798 ex
744 4728 932 4802 habitaculo
960 4740 1017 4803 tuo
1043 4743 1257 4828 praeparato:
1285 4731 1428 4805 benedic
1455 4735 1566 4806 servis
1594 4734 1674 4820 tuis,
1702 4751 1763 4824 per
1791 4748 1908 4799 omnes
1935 4724 2047 4797 bene-

675 4843 837 4919 dictiones
865 4847 1071 4940 spirituales:
1098 4848 1227 4921 custodi
1254 4871 1314 4921 eos
1343 4849 1404 4922 sub
1431 4851 1558 4943 potenti
1584 4867 1683 4917 manu
1710 4855 1782 4914 tua:
1810 4843 1966 4913 confirma
1986 4862 2047 4912 eos

673 4963 708 5031 in
733 4960 798 5032 lide
824 4971 890 5032 tua.
942 4963 995 5034 Da
1022 4961 1086 5036 illis
1120 4973 1154 5036 et
1185 4962 1282 5039 nobis
1315 4967 1491 5060 puritatem
1519 4967 1719 5050 animarum,
1746 4981 1943 5053 corporum,
1971 4959 2047 5050 spi-

673 5079 858 5171 rituumque
883 5089 1099 5170 nostrorum,
1126 5090 1160 5150 et
1185 5079 1335 5152 concede
1361 5081 1458 5154 nobis
1485 5079 1584 5151 finem
1603 5075 1825 5149 Christianum
1853 5076 1907 5170 qui
1934 5093 2048 5143 coram

674 5201 708 5262 te
736 5200 894 5287 acceptus
922 5197 981 5266 sit:
1015 5198 1093 5288 quia
1117 5217 1258 5287 regnum
1285 5205 1393 5288 tuum,
1428 5193 1560 5269 Christe
1586 5194 1680 5268 Deus
1705 5199 1840 5283 noster,
1872 5189 2047 5265 sanctitate
