4736 6064
693 629 770 702 474
987 625 1768 703 ttinnatlconnnttts

691 817 751 890 tibi
777 827 828 890 est
854 816 961 909 gloria
990 835 1063 886 cum
1089 814 1190 886 Patre
1217 823 1272 886 tuo
1300 823 1333 884 et
1359 813 1484 910 Spiritu
1509 823 1566 886 tuo
1587 824 1716 904 sancto,
1742 835 1828 887 nunc
1855 816 1949 886 etin
1975 836 2056 888 sae-

692 932 766 1005 cula
794 932 1013 1006 saeculorum.
1065 931 1184 1003 Amen.
1525 923 1531 934 ’

1157 1206 1279 1276 Oratio
1305 1227 1409 1298 caper
1436 1204 1593 1277 Calicem.

793 1413 886 1489 Dcus
902 1423 1034 1487 ‘noster
1065 1411 1148 1484 lesu
1182 1409 1334 1500 Christe,
1370 1434 1473 1483 verus
1508 1433 1592 1484 vere
1624 1413 1736 1498 Deus,
1769 1415 1824 1507 qui
1857 1435 1933 1486 cum
1957 1413 2056 1490 homo

688 1530 796 1604 tactus
832 1554 891 1619 es,
923 1527 1077 1602 divinitas
1109 1537 1165 1600 tua
1199 1550 1366 1622 nunquam
1398 1537 1554 1624 separata
1590 1538 1642 1600 est
1676 1527 1717 1600 ab
1751 1527 1967 1602 humanitate:
2006 1535 2060 1627 qni

689 1645 830 1719 effudisti
858 1649 1053 1738 sanguinem
1079 1653 1168 1716 tuum
1194 1644 1380 1716 voluntarie
1408 1667 1508 1740 super
1535 1642 1722 1736 Golgatha:
1750 1643 1895 1716 extende
1927 1668 2060 1720 manum

689 1773 777 1834 tuam
804 1785 907 1858 super
931 1761 1017 1832 hunc
1043 1760 1192 1850 calicem,
1219 1782 1359 1855 eumque
1385 1759 1545 1849 benedic,
1579 1759 1749 1832 sanctifica
1779 1769 1813 1830 et
1845 1762 1999 1856 purifica,
2025 1773 2060 1844 ut

688 1879 879 1975 perficiatur
905 1881 939 1949 in
966 1900 1010 1950 eo
1039 1878 1176 1968 sanguis
1204 1887 1278 1950 tuus
1304 1885 1457 1962 sanctus,
1484 1879 1518 1947 in
1543 1875 1607 1948 bac
1633 1885 1750 1948 sancta
1775 1874 1931 1950 Ecclesia
1956 1876 2060 1973 Apo-

689 1993 825 2070 stolica:
853 1997 930 2089 quia
956 2004 1010 2065 tua
1038 2002 1090 2066 est
1115 1992 1225 2084 gloria
1252 2015 1326 2063 cum
1353 1991 1453 2064 Patre
1481 1975 1549 2080 tuo,
1576 2002 1610 2064 et
1635 1991 1759 2086 Spiritu
1786 2003 1918 2103 sancto,
1943 2004 2006 2066 etc.

793 2112 937 2200 Pnritas,
963 2108 1150 2182 benedictio
1178 2119 1211 2180 et
1237 2110 1400 2198 suavitas,
1425 2105 1614 2182 bibentibus
1631 2131 1676 2180 ex
1702 2112 1865 2202 sanguine
1893 2119 1949 2182 tuo
1975 2132 2059 2206 pre-

689 2228 788 2315 tioso,
816 2247 911 2299 vero.
964 2227 1084 2300 Amen.

1082 2518 1203 2589 Oratio
1230 2539 1332 2611 saper
1359 2517 1521 2588 cochlear
1547 2518 1669 2587 macie.

794 2724 898 2812 DeuS,
926 2725 1018 2796 Deus
1045 2734 1170 2811 noster,
1198 2727 1253 2819 qui
1280 2747 1417 2797 servum
1443 2732 1532 2795 tumn
1558 2723 1679 2795 Isaiam
1699 2723 1898 2820 Prophetam
1927 2723 2060 2818 dignum

690 2841 799 2914 iecisti
833 2839 969 2913 videndi
1003 2839 1178 2936 Seraphim
1212 2844 1243 2912 in
1278 2845 1371 2935 cujus
1407 2863 1507 2912 manu
1540 2838 1677 2935 forceps
1712 2851 1805 2931 erat,
1837 2864 1903 2935 quo
1932 2845 2062 2937 accepit

692 2956 872 3052 carbonem
907 2979 955 3028 ex
987 2956 1099 3044 altari,
1142 2980 1239 3052 quem
1271 2960 1404 3029 immisit
1437 2959 1487 3030 ori
1526 2959 1608 3049 ejus.
1660 2955 1757 3028 Nune
1792 2959 1936 3031 Domine
1969 2956 2062 3030 Deus

598 3068 600 3077 '
691 3083 818 3158 noster,
845 3074 947 3145 Pater
973 3077 1181 3168 omnipotens
1207 3076 1242 3145 in
1267 3072 1401 3163 mundo,
1428 3071 1573 3144 extende
1598 3095 1729 3144 manum
1756 3082 1846 3145 tuam
1872 3071 2062 3170 superbae

692 3189 849 3262 cochlear
882 3190 1010 3276 erucis,
1037 3190 1089 3261 ‘ad
1123 3188 1414 3262 administrandum
1447 3209 1569 3284 corpus
1597 3199 1631 3261 et
1656 3193 1871 3281 sanguinem,
1903 3191 2063 3282 unigeniti

691 3307 766 3378 Filii
791 3309 837 3378 tui
863 3304 997 3378 Domini
1023 3305 1088 3377 Dei
1115 3315 1149 3376 et
1175 3305 1355 3379 salvatoris
1381 3307 1486 3378 nostri
1518 3304 1601 3376 Jesu
1628 3302 1760 3378 Christi.
1812 3305 1858 3378 Et
1881 3327 1968 3377 nunc
1994 3304 2062 3378 be-

691 3421 801 3510 nedic,
829 3422 999 3494 sanctifica
1026 3433 1060 3494 et
1086 3421 1206 3494 munda
1232 3421 1323 3512 illud,
1351 3420 1458 3515 daque
1484 3419 1530 3492 illi
1559 3423 1714 3493 virtutem
1732 3431 1766 3492 et
1791 3420 1945 3514 gloriam,
1973 3446 2061 3519 qua-

691 3536 757 3609 lem
784 3537 904 3612 dedisti
930 3539 1049 3635 forcipi
1075 3537 1269 3634 Seraphim,
1296 3542 1373 3632 quia
1399 3547 1455 3609 tua
1481 3547 1535 3609 cst
1559 3537 1682 3630 gloria,
1708 3547 1771 3608 ete.

956 3829 1076 3900 Oratio
1103 3852 1207 3923 saper
1233 3852 1353 3900 arcam
1378 3833 1453 3902 sive
1480 3831 1608 3902 discum
1632 3835 1804 3922 majorem

797 4036 941 4110 Domine
967 4035 1060 4109 Deus
1087 4044 1203 4108 noster
1230 4039 1285 4132 qui
1312 4036 1422 4109 dixisti
1448 4035 1563 4132 Moysi
1588 4057 1691 4108 servo
1718 4045 1775 4109 tuo
1804 4048 1838 4110 et
1863 4039 2062 4135 Prophetae,

692 4153 749 4225 iac
775 4152 853 4226 mihi
879 4175 965 4228 vasa
991 4155 1151 4248 pretiosa,
1178 4163 1211 4224 et
1237 4151 1419 4226 collocabis
1455 4175 1496 4225 ea
1522 4157 1557 4224 in
1582 4150 1799 4225 tabernaculo
1832 4174 1934 4249 super
1959 4179 2063 4230 mon-

694 4278 762 4341 tem
787 4269 898 4342 Sinai:
933 4292 1021 4342 nunc
1047 4268 1190 4341 Domine
1216 4268 1310 4341 Deus
1342 4277 1457 4342 noster
1491 4270 1719 4365 omnipotens,
1754 4269 1899 4342 extende
1932 4295 2062 4345 manum
2177 4303 2183 4311 ·

694 4395 783 4457 tuam
811 4407 912 4482 super
938 4386 1024 4458 hanc
1050 4407 1179 4475 arcam3
1208 4395 1240 4456 et
1264 4385 1364 4480 imple
1389 4385 1479 4457 illam
1505 4389 1646 4476 virtute,
1679 4383 1868 4458 fortitudine
1896 4397 1930 4459 et
1956 4391 2064 4481 gratia

695 4501 839 4596 Spiritus
867 4505 990 4592 sancti,
1024 4501 1065 4574 ad
1092 4501 1235 4594 gloriam
1269 4511 1358 4573 mam
1384 4511 1419 4574 ut
1444 4501 1634 4598 perficiatur
1660 4506 1693 4574 in
1720 4524 1761 4573 ca
1788 4524 1912 4599 corpus
1938 4508 2064 4597 unige-

693 4623 751 4690 niti
776 4617 852 4690 Filii
885 4620 931 4690 tui
962 4619 1096 4690 Domini
1128 4615 1191 4689 Dei
1224 4627 1257 4690 et
1290 4617 1477 4692 Salvatoris
1511 4621 1618 4690 nostri
1650 4617 1732 4690 lesu
1758 4615 1900 4711 Christi,
1934 4622 1968 4691 in
2001 4619 2064 4692 hac

551 4747 556 4756 “
694 4745 809 4808 sancta
836 4732 991 4807 Ecclesia
1018 4731 1228 4829 Apostolica,
1255 4737 1331 4828 quia
1357 4733 1414 4806 tibi
1441 4742 1493 4806 est
1518 4733 1638 4827 gloria,
1665 4745 1727 4806 etc.

802 4851 883 4922 Tum
905 4853 1042 4943 faciens
1067 4854 1196 4944 dpoum
1223 4853 1336 4921 crocis
1362 4849 1537 4923 Sacerdos
1563 4852 1656 4921 diunt.

798 4966 924 5050 Virtus,
952 4965 1153 5052 benedictio,
1185 4962 1377 5040 illuminatio
1410 4977 1444 5040 et
1475 4967 1689 5040 sanctificatio
1722 4968 1891 5041 Trinitatis
1927 4979 2064 5042 sanctae

567 5173 573 5184 „
696 5084 738 5156 sit
763 5080 839 5152 huic
865 5080 1052 5172 Ecclesiae,
1079 5078 1276 5154 benedictae
1302 5084 1445 5157 civitatis
1472 5082 1513 5155 N.
1565 5083 1685 5155 Amen.
