4670 6046
538 631 578 704 lll
598 628 805 706 tumetum
827 625 1021 704 COPTlCdll
1044 626 1074 702 S.
1096 625 1279 704 aasabim.
1521 557 1597 700 2b9

615 931 774 1004 ,adorate
800 955 921 1025 οριινοι
953 931 1097 1008 Verbum
1122 932 1201 1004 Dei.

313 1145 406 1222 Hunc
428 1154 557 1216 Diaconi
578 1153 709 1216 hortatio
732 1154 762 1214 in
785 1151 890 1216 codice
913 1152 1031 1216 Graeco
1053 1171 1115 1216 non
1138 1147 1358 1234 occurritt'pia
1381 1171 1455 1215 sanc
1478 1161 1510 1214 ct
1531 1153 1598 1214 sin-

218 1259 347 1344 gularis,
371 1275 459 1338 quam
481 1275 521 1318 ex
544 1253 669 1337 Coptica
693 1256 795 1337 lingua
818 1255 855 1317 ad
879 1257 1004 1319 verbum
1027 1256 1216 1337 interpretati
1239 1273 1361 1334 sumus,
1385 1257 1596 1318 consentiente

219 1358 353 1420 Arabica
366 1357 517 1419 versione.
555 1353 588 1416 ln
604 1373 715 1417 unoex
732 1353 892 1417 Codicibus
916 1355 1029 1436 Regiis,
1054 1354 1133 1416 illius
1154 1354 1231 1416 adeo
1255 1354 1367 1435 legitur
1394 1353 1522 1415 formula
1545 1351 1596 1414 illa

218 1455 367 1536 frequens
389 1453 524 1516 Adcrcte
545 1453 642 1515 Deam
664 1473 731 1514 cum
745 1455 868 1516 amore:
891 1439 972 1535 quod
988 1451 1107 1515 Graece
1120 1469 1182 1515 non
1195 1453 1420 1534 pronuncietur,
1444 1459 1476 1514 ut
1491 1467 1596 1512 omnes

218 1555 345 1632 similes,
369 1569 435 1615 eam
457 1570 519 1615 non
542 1551 618 1615 adeo
643 1553 793 1632 antiquam
816 1569 887 1614 esse
916 1551 1088 1632 significare
1117 1551 1246 1613 videtur.
1291 1551 1365 1613 Erat
1394 1552 1424 1612 in
1448 1549 1597 1629 Scaligeri

221 1653 347 1732 Codice,
371 1651 426 1714 scd
448 1652 579 1732 pessime
601 1653 752 1731 interpres
775 1650 919 1714 reddidit:
942 1649 1036 1712 Orate
1056 1669 1114 1729 pro
1138 1668 1174 1711 co
1195 1652 1247 1730 qui
1263 1657 1370 1729 portat
1390 1649 1513 1711 verbam
1528 1648 1595 1710 Dei.

475 1943 540 2030 Oui
567 1943 773 2015 benedixisti
800 1943 858 2013 ille
886 1950 1047 2036 tempore,
1075 1943 1219 2014 benedic
1245 1963 1342 2011 aune.

329 2169 504 2248 Serranam
527 2179 615 2262 hujus
639 2180 783 2242 orationis
806 2181 856 2261 pia
878 2180 984 2260 valde,
1019 2189 1050 2244 ct
1071 2181 1250 2262 purissimae
1273 2179 1460 2264 theologiae
1488 2182 1596 2264 plana;

218 2304 331 2368 nempe
354 2292 387 2348 ut
409 2283 546 2347 Christus
569 2300 626 2364 per
648 2283 778 2346 divinam
801 2284 1062 2364 omnipotentiam,
1086 2281 1251 2347 secundum
1278 2283 1509 2364 promissionem
1533 2285 1596 2348 suis

218 2387 346 2448 iactam:
375 2383 456 2446 Ecce
484 2402 540 2462 epo
570 2381 725 2444 vobiscum
746 2401 812 2446 sum
834 2402 927 2463 usque
949 2384 992 2445 cd
1013 2383 1298 2445 consummationem
1319 2382 1453 2458 scaeui,
1476 2389 1507 2444 et
1529 2383 1596 2446 sin-

217 2483 320 2570 gulari
342 2481 455 2566 [modo‚
489 2499 545 2562 per
574 2482 850 2544 transmutationem
880 2483 966 2562 panis
996 2489 1026 2544 ct
1049 2482 1111 2542 vini
1148 2480 1180 2542 in
1205 2497 1326 2560 vcorpus
1355 2488 1385 2543 et
1418 2483 1597 2565 sanguinem

217 2601 307 2647 suum
331 2597 495 2663 praesens;
517 2580 693 2662 mysterium
717 2597 735 2639 a
757 2599 792 2643 sc
814 2583 979 2644 institutum
1002 2579 1153 2661 perficiat,
1183 2586 1214 2639 et
1243 2579 1273 2640 in
1297 2595 1335 2640 eo
1359 2581 1595 2644 consummando

218 2681 411 2744 invisibiliter
441 2687 595 2760 operetur.
640 2677 673 2740 ln
701 2679 836 2742 camdem
866 2679 1046 2742 sententiam
1089 2677 1180 2740 multa
1218 2685 1380 2740 occurrunt
1408 2679 1439 2740 in
1467 2679 1596 2744 diversis

219 2779 428 2856 orationibus,
462 2786 599 2858 tempore
628 2776 842 2842 distributionis
871 2777 1078 2841 Eucharistiae
1105 2775 1284 2853 recitandis,
1316 2783 1375 2839 tam
1399 2777 1477 2858 apud
1499 2777 1597 2840 Jaco-

217 2879 299 2942 bitas
323 2895 412 2958 quam
435 2877 513 2958 apud
536 2876 742 2955 Nestorianos,
765 2884 797 2938 ut
819 2885 888 2940 sunt
910 2879 975 2938 ista.
1019 2876 1085 2938 Ηοσ
1107 2877 1204 2955 ipram
1224 2894 1290 2937 esre
1300 2878 1475 2958 mysterium
1497 2878 1598 2939 muers

218 2985 250 3040 ct
271 2978 398 3038 rdtimoe
420 2995 551 3038 coerce:
573 2975 651 3038 bunc
673 2975 799 3038 calicem
821 2978 920 3056 ipsum
942 2993 1115 3056 essequam
1139 2971 1277 3034 Christus
1289 2976 1418 3052 miserat,
1442 2973 1596 3056 multaque

218 3073 338 3138 similia.

628 3333 751 3402 Oratio
775 3335 960 3424 fractionis
986 3334 1033 3402 ed
1060 3331 1192 3402 Filium.

341 3556 377 3634 ln
401 3566 512 3631 Codice
537 3567 808 3631 Graeco-Arabico
831 3567 908 3630 aliae
931 3567 1008 3631 duae
1031 3577 1194 3631 occurrunt
1217 3567 1379 3633 Orationes
1408 3569 1464 3632 sub
1488 3569 1596 3633 eodem

222 3673 314 3738 titulo
337 3666 397 3756 τῆς
418 3657 574 3746 aldoenus,
597 3687 705 3750 nempe
728 3669 873 3732 dicendae
896 3672 1070 3753 priusquam
1100 3671 1199 3734 hostia
1227 3671 1258 3730 in
1286 3671 1461 3735 minutiores
1491 3680 1595 3753 partes

221 3773 400 3854 frangatur,
428 3769 466 3830 ad
489 3769 724 3830 communionem
748 3768 991 3832 distribuendam.
1037 3769 1173 3848 Scilicet,
1204 3777 1236 3830 ut
1259 3769 1329 3831 alibi
1350 3770 1535 3847 monuimus,
1565 3771 1596 3833 in

219 3869 389 3953 Liturgicis
412 3865 573 3930 Codicibus
595 3867 728 3947 scriptae
750 3874 820 3930 sunt
835 3867 996 3933 Orationes
1019 3869 1169 3948 diversae,
1192 3869 1358 3932 secundum
1380 3869 1525 3934 festorum
1548 3869 1597 3932 di-

220 3971 412 4044 versitatem,
441 3974 491 4030 aut
513 3965 685 4030 Sacerdotis
714 3967 867 4029 arbitrium
893 3967 1050 4031 dicendae.
1094 3968 1155 4031 lsta
1183 3968 1303 4031 videtur
1332 3969 1498 4050 antiquior,
1529 3988 1596 4032 cum

218 4070 310 4152 prior
333 4065 442 4128 Graeci
465 4065 585 4128 Codicis
608 4066 795 4128 enucleatam
809 4066 1085 4150 ltlonophysitarum
1100 4067 1253 4131 doctrinae
1276 4066 1497 4148 professionem
1519 4085 1597 4130 con-

218 4172 341 4232 tineat:
370 4164 400 4225 id
431 4183 503 4226 varo
533 4183 595 4226 non
623 4166 681 4226 nisi
709 4173 780 4246 post
809 4167 933 4229 scissam
962 4186 1018 4250 par
1047 4167 1190 4230 Dioscori
1219 4175 1388 4230 sectatores
1418 4166 1597 4247 Ecclesiam,

217 4267 336 4330 lactum
359 4281 429 4326 csse
449 4265 556 4344 potuit.
590 4263 686 4326 llabet
710 4272 808 4327 autem
830 4263 906 4328 haec
929 4267 1026 4329 oratio
1049 4266 1241 4330 obscuritatis
1263 4265 1405 4345 nonnihil,
1429 4282 1490 4326 non
1507 4265 1597 4329 modo

218 4367 307 4428 circa
330 4380 392 4441 res,
414 4361 470 4424 scd
493 4363 581 4424 etiam
605 4381 643 4424 ex
667 4363 732 4443 ipsa
755 4382 864 4427 vocum
887 4365 1000 4446 aliquot
1022 4367 1231 4450 ambiguitate,
1256 4384 1342 4448 quam
1358 4366 1495 4447 Coptitae
1510 4364 1597 4446 primi

216 4467 417 4543 interpretes,
440 4469 471 4524 et
493 4460 611 4523 Arabes
635 4479 697 4523 oon
719 4464 793 4526 satis
815 4465 1007 4528 versionibus
1030 4467 1092 4529 sois
1116 4465 1352 4530 elucidaverunt.

314 4559 417 4622 Statim
440 4559 477 4621 ad
502 4559 651 4623 Christum
674 4559 791 4623 dicitur.
820 4562 946 4626 Verbum
967 4565 1149 4646 intellipibile
1163 4573 1192 4627 et
1205 4566 1293 4627 bomo
1312 4564 1460 4628 visibilis:
1480 4561 1597 4625 Graece

216 4647 247 4723 ὦ
271 4643 352 4740 λῦγε
374 4645 409 4720 bv
430 4657 623 4745 προνοοῦσιν
645 4645 752 4736 ababa,
776 4656 831 4721 καὶ
854 4649 1009 4747 ἄνθρωπε
1032 4650 1067 4726 ὃν
1088 4659 1337 4748 προθεωροῦσιν
1359 4649 1465 4724 αῦνόν.
1495 4661 1598 4724 Verba

215 4761 301 4824 baec
323 4773 385 4818 non
407 4758 479 4820 satis
494 4757 620 4837 Graeca,
643 4757 699 4821 sed
717 4760 779 4841 jam
803 4758 971 4825 barbariem
989 4762 1168 4839 redolentia,
1191 4761 1331 4825 videntur
1352 4763 1513 4843 antiquitus
1527 4778 1598 4824 esse

215 4855 425 4936 interpolata,
456 4874 522 4918 cum
551 4857 716 4939 simplicius
747 4864 778 4920 et
807 4863 976 4924 accuratius
1003 4863 1183 4925 sententiam
1206 4859 1599 4944 exprimerc'dlexandrini

214 4959 262 5021 illi
287 4957 472 5036 potuissent,
495 4945 570 5040 ibye
592 4944 628 5020 ῦν
649 4956 786 5036 νοοῦσιν,
808 4945 969 5044 ἄνθρωπε
991 4945 1026 5024 ὃν
1047 4957 1241 5045 θεωροῦσιν,
1264 4979 1352 5043 ροισι
1371 4959 1471 5023 Arabs
1486 4960 1599 5041 primus

216 5061 380 5136 interpres
402 5063 487 5119 recte
510 5058 678 5136 expressit:
706 5057 831 5121 Verbum
853 5061 933 5139 qaod
954 5061 1145 5140 intellipitar:
1168 5061 1256 5123 boum
1277 5061 1330 5141 qai
1353 5060 1481 5122 videtur.
1516 5059 1601 5122 Duas

1646 945 1676 998 P.
1695 947 1739 1000 32.
1758 948 1774 999 l
1794 949 1837 1002 18.
