4760 6038
676 533 678 542 ’
736 569 795 643 cu
1228 573 1608 653 nissnnrlrro
1726 621 1731 630 ,

735 781 833 853 quam
866 759 1076 832 determinari
1110 765 1173 833 vix
1206 772 1317 857 potest
1361 765 1450 835 circa
1481 762 1653 854 bimrgiae
1686 765 1790 861 ipsius
1826 775 1983 838 aehtem:
2023 789 2100 839 nam

735 879 797 946 etsi
830 877 1012 972 βασιλέων
1051 882 1237 951 meminerit
1271 889 1305 951 et
1340 877 1474 970 Palatii,
1513 878 1596 951 baec
1635 879 1677 952 ad
1712 881 1847 954 Arabes
1880 893 1957 954 tunc
1986 904 2098 957 rerum

734 990 886 1065 dominos
912 1016 978 1065 non
1005 998 1112 1065 minus
1139 993 1275 1084 referri,
1302 1019 1400 1091 quam
1421 996 1463 1068 ad
1484 991 1689 1070 Christianos
1707 996 1930 1093 Imperatores
1947 1012 2096 1094 possunt.

732 1105 851 1201 Neque
885 1112 931 1200 si,
962 1113 1061 1180 utin
1096 1108 1306 1202 Gregoriana
1339 1121 1404 1184 tam
1439 1110 1588 1202 Graeca,
1625 1136 1721 1207 quam
1755 1111 1903 1210 Coptica*
1934 1121 2098 1210 reperitur
2187 1155 2189 1160 .

733 1229 839 1295 oratio
865 1246 933 1317 pro
961 1225 1113 1320 Repihoa
1140 1227 1306 1299 Christum
1332 1228 1538 1318 anmntibaac,
1574 1239 1630 1300 aut
1659 1239 1695 1300 ut
1728 1232 1760 1300 in
1788 1231 1927 1304 Graecis
1954 1233 2096 1305 rubricis

731 1338 820 1439 ὑπὲρ
853 1341 1096 1440 φιλοχρίστου
1132 1341 1235 1440 ἡμῶν
1266 1343 1461 1438 βασιλέως,
1501 1343 1577 1414 inde
1613 1345 1788 1440 quidquam
1824 1345 1912 1420 aliud
1945 1347 2098 1421 concludi

731 1466 862 1552 potest,
889 1460 952 1531 nisi
980 1471 1198 1532 conservatas
1226 1481 1303 1534 esse
1330 1464 1481 1556 antiquas
1507 1457 1686 1550 formulas,
1714 1464 1810 1532 ctiam
1831 1461 1892 1536 sub
1908 1463 2096 1537 lnhdelibus

733 1574 890 1663 dominis,
917 1597 979 1669 pro
1007 1574 1124 1670 quibus
1152 1575 1312 1660 orandum
1338 1596 1432 1668 esse,
1460 1586 1595 1648 veteres
1624 1574 1801 1649 Christiani
1826 1601 1893 1650 uno
1929 1602 2096 1654 consensu

733 1689 924 1762 docuerunt.

410 1813 544 1911 magnaeo
561 1813 718 1913 recontin-
833 1805 937 1878 XLV.
964 1805 1027 1880 Est
1051 1829 1172 1899 magna
1198 1805 1262 1878 hoc
1283 1811 1317 1879 in
1339 1831 1465 1902 genere
1481 1809 1703 1902 Liturgiarom
1724 1814 1889 1884 varietas:
1916 1822 1992 1886 suut
2008 1816 2095 1886 enim

410 1917 508 1968 ΨΜ
523 1909 641 1953 ”mm
731 1923 831 1994 multo
859 1922 992 2018 plures,
1021 1947 1106 2018 quac
1133 1927 1315 1996 orationem
1342 1948 1404 2021 pro
1431 1924 1568 2018 regibus
1590 1935 1624 1997 et
1635 1925 1837 2022 prmcipibus
1853 1925 2094 2021 praescribunt,

732 2038 821 2110 nulla
854 2042 984 2133 pietatis
1019 2049 1075 2111 aut
1108 2039 1184 2112 fidei
1224 2039 1314 2113 iacta
1354 2045 1539 2132 mentione,
1581 2065 1625 2113 ne
1666 2039 1793 2116 scilicet
1831 2053 1961 2138 pateret
1999 2045 2097 2117 calu-

729 2154 872 2227 mniandi
887 2156 992 2230 locus.
1020 2155 1204 2227 Occurrunt
1220 2158 1430 2229 tamenahae
1457 2180 1543 2253 quae
1570 2162 1703 2253 antiquo
1730 2181 1824 2230 more
1852 2169 1986 2232 servato
2010 2185 2094 2233 ora-

725 2275 838 2344 tiones
864 2270 1006 2361 hahent,
1033 2293 1101 2366 pro
1137 2271 1274 2365 regibus
1297 2273 1468 2366 fidelibus,
1496 2277 1582 2344 inter
1608 2296 1691 2368 quas
1717 2296 1784 2345 non
1810 2284 1980 2370 postremo
2016 2274 2094 2348 loco

730 2388 898 2460 censenda
926 2398 978 2460 est
1003 2387 1225 2478 Nestoriana,
1261 2412 1346 2483 quae
1376 2393 1438 2462 vix
1463 2413 1606 2486 unquam
1638 2401 1795 2486 usurpata
1828 2388 1933 2464 luisse
1964 2392 2095 2466 videtur

729 2508 793 2582 illis
820 2512 853 2579 in
879 2506 1093 2601 regionibus,
1130 2530 1212 2602 quas
1247 2508 1423 2582 Christiani
1455 2529 1529 2578 omn
1564 2508 1704 2602 imperio
1737 2505 1933 2579 obtinerent.
1984 2507 2093 2602 Ejecti

729 2628 817 2697 enim
843 2647 890 2696 ex
914 2624 1075 2696 Romanis
1100 2626 1299 2719 provinciis,
1327 2647 1347 2697 e
1373 2622 1616 2717 Mesopotamia
1644 2645 1742 2717 quam
1764 2633 1867 2694 totam
1885 2645 1992 2720 prope
2009 2648 2092 2699 cor·
2213 2677 2217 2686 ·

727 2750 902 2837 ruperant,
929 2744 1129 2814 transierunt
1155 2740 1198 2812 ad
1212 2739 1402 2814 Persarum
1428 2761 1586 2832 regnum,
1614 2742 1668 2833 qui
1687 2748 1763 2809 tnnc
1777 2743 1905 2835 patriae
1918 2740 2090 2835 religionis

728 2859 946 2947 tenacissimi,
974 2854 1178 2929 Christianos
1200 2877 1303 2952 saepe
1322 2859 1529 2949 gravissimis
1544 2853 1829 2950 persecutionibus
1844 2857 2091 2950 oppugnabant,

729 2997 865 3068 quarum
893 2971 952 3044 sub
981 2971 1113 3068 Sapore
1130 2976 1345 3069 praesertim,
1372 2973 1551 3060 Socrates,
1579 2969 1807 3061 Sozomenus,
1836 2979 1868 3043 et
1888 2972 1942 3042 alii
1957 2985 2091 3048 autores

727 3091 895 3162 Historiae
921 3087 1182 3163 Ecclesiasticae
1207 3093 1443 3178 meminerunt,
1477 3087 1578 3160 etde
1614 3083 1731 3181 quihus
1766 3086 1958 3160 Nestoriani
1992 3089 2091 3160 multa

725 3211 759 3278 in
785 3209 863 3279 vitis
891 3204 1146 3278 Catholicorom.
1199 3206 1443 3280 successerunt
1474 3204 1594 3276 ultimis
1626 3204 1804 3275 Persarum
1831 3202 1983 3296 Regibus
2009 3205 2090 3278 blu-

727 3319 919 3412 hamedani,
947 3321 1007 3394 sub
1035 3321 1151 3418 quibus
1177 3344 1245 3394 non
1270 3321 1372 3394 multo
1398 3321 1517 3394 mehor
1542 3321 1687 3393 conditio
1713 3320 1988 3394 Nestorianorum
2019 3323 2090 3413 luit,

726 3442 790 3509 nisi
816 3437 904 3532 quod
929 3437 1027 3510 iidem
1055 3439 1225 3531 abnegare
1252 3460 1322 3510 non
1348 3435 1640 3532 compellebantur.
1692 3434 1886 3508 Hahuenmt
1900 3447 1978 3531 post
1993 3462 2089 3511 unum

725 3562 783 3626 aut
808 3552 945 3625 alterurn
971 3553 1139 3628 saeculum
1172 3552 1344 3628 Ecclesiae
1376 3559 1410 3625 in
1443 3552 1556 3644 lndia,
1597 3553 1685 3649 apud
1719 3553 1901 3642 Tartaros,
1938 3562 1974 3624 et
2003 3555 2089 3651 apud

725 3669 843 3760 Sinas,
870 3670 959 3766 quod
986 3694 1032 3744 ex
1057 3675 1160 3743 variis
1188 3669 1357 3744 autoribus
1383 3670 1459 3743 fuse
1490 3679 1676 3765 exponetur
1710 3673 1744 3740 in
1769 3667 2013 3743 Dissertatione
2048 3671 2088 3742 de
2160 3695 2168 3706 ·

726 3785 875 3876 ejusdem
909 3795 1022 3860 sectae
1056 3790 1309 3884 propagatione.
1373 3787 1441 3860 lllis
1479 3790 1513 3858 in
1546 3783 1739 3878 regionibus
1779 3788 1952 3880 imperium
1985 3806 2088 3881 penes

725 3901 943 3993 idololatras,
970 3912 1027 3974 aut
1051 3924 1119 3975 non
1144 3903 1309 3992 meliores,
1327 3901 1491 3976 barbaros
1519 3911 1609 3992 erat,
1636 3900 1751 3997 quales
1769 3900 1920 3991 Turcae,
1946 3900 2087 3994 blogoli,

726 4027 760 4089 et
786 4018 871 4091 oliae
896 4028 1015 4111 gentes
1041 4020 1250 4110 innumerae,
1277 4042 1362 4115 quae
1389 4019 1782 4092 commuuiTartarorum
1802 4017 2026 4113 appebationc
2045 4016 2086 4088 ab

726 4135 895 4208 autoribus
923 4134 1078 4225 Graecis,
1105 4135 1248 4226 Latinis,
1282 4134 1451 4209 Archibus
1479 4146 1512 4207 et
1537 4136 1651 4209 Persis
1683 4134 1905 4226 designantur.
1957 4133 2086 4229 Ubique

724 4259 833 4323 tamen
856 4255 891 4323 in
909 4252 1065 4344 Liturgiis
1085 4256 1171 4342 suis,
1199 4275 1280 4348 quas
1304 4251 1376 4326 sola
1392 4252 1534 4349 Syriaca
1558 4253 1670 4345 bngua
1690 4248 1877 4339 celebrant,
1903 4272 1971 4323 non
1992 4260 2087 4322 orant

723 4371 787 4440 nisi
810 4389 875 4464 pro
902 4367 1039 4464 regibus
1061 4367 1236 4462 fidelibus,
1263 4366 1329 4440 hoc
1356 4378 1407 4441 est
1434 4367 1638 4442 Christianis.
1683 4368 1794 4463 Atque
1820 4365 1905 4438 haec
1931 4364 2084 4460 exempla

725 4487 935 4577 conjecturas
967 4507 1053 4581 quae
1085 4508 1132 4556 ex
1165 4485 1229 4559 illis
1262 4485 1501 4582 Diptychorum
1541 4483 1691 4558 formulis
1732 4484 1908 4571 ducuntur,
1945 4501 2084 4578 prorsus

725 4610 887 4674 evertunt.

402 4730 528 4786 niveam
542 4734 671 4787 orationes
683 4736 710 4787 u
826 4716 944 4789 XLVI.
960 4717 997 4788 ln
1013 4715 1146 4811 reliquis
1171 4717 1322 4791 omnibus
1340 4717 1487 4810 ejusdem
1503 4717 1607 4791 Officii
1628 4717 1777 4813 partibus
1803 4725 1934 4789 constat
1951 4717 2083 4787 omnino

404 4819 492 4872 ΜΕΝ
509 4819 629 4889 ffi‘l‘ssl‘·
701 4829 788 4931 'sibi
821 4832 1054 4928 Aegyptiacae
1088 4832 1264 4908 Ecclesiae
1297 4833 1480 4932 disciphna,
1525 4845 1562 4907 ut
1593 4837 1626 4905 in
1660 4834 1907 4908 Commentario
1941 4832 2083 4902 seorsim

724 4947 921 5044 exphcatum
952 4959 1014 5020 est.
1067 4948 1151 5022 Sunt
1183 4962 1292 5023 autem
1324 4952 1366 5024 ad
1399 4951 1548 5024 osculum
1581 4954 1675 5047 pacis
1708 4952 1877 5022 orationes
1911 4947 2084 5020 diversae:

723 5087 788 5136 una
806 5070 867 5160 τῆς
890 5064 991 5149 θείας
1010 5068 1228 5169 λειτουργίας
1255 5073 1321 5143 τοῦ
1338 5065 1542 5145 ἀποστόλου
1563 5065 1623 5144 καὶ
1651 5063 1879 5166 ἀδελφοθοόυ
1904 5059 2086 5162 Ἰακώβου,
2348 5118 2349 5209 p

2340 5743 2346 6013 ,
