4686 6060
751 615 833 690 aro
1140 613 1739 712 uurrrurnrona

755 813 872 876 contra
904 826 1111 878 communem
1150 801 1326 876 Ecclesiae
1365 801 1570 900 disciplinam
1614 799 1837 879 ordinationes
1883 807 2122 902 celebrassent,

756 941 890 1014 quarum
917 919 1072 994 validitas
1099 924 1217 992 vocari
1243 924 1276 991 iu
1302 918 1434 992 dubium
1460 927 1600 1015 poterat.
1652 917 1696 990 Et
1722 941 1805 993 sane
1819 945 1934 1019 parum
1947 925 2123 998 commode

754 1039 903 1108 sensisse
930 1035 973 1107 de
998 1036 1062 1110 illis
1088 1035 1328 1125 Nestorianns‚
1354 1045 1516 1108 testantur
1541 1034 1646 1106 Maris
1673 1045 1707 1106 et
1740 1038 1882 1128 Amrus,
1922 1043 1977 1136 qui
2012 1040 2121 1112 Jaco-

753 1146 830 1222 bum
857 1150 1065 1226 Baradaeum
1093 1152 1274 1250 simplicem
1302 1152 1509 1226 sacerdotem
1537 1149 1641 1224 luisse
1667 1149 1829 1225 scribunt:
1857 1155 2032 1230 ordinasse
2064 1166 2120 1227 ta-

752 1289 831 1338 men
855 1266 1045 1364 Episcopos
1073 1279 1107 1342 et
1140 1269 1333 1356 sacerdotes
1368 1268 1421 1341 bis
1452 1267 1604 1340 millenos
1640 1277 1674 1338 et
1708 1268 1857 1364 amplius.
1908 1271 2028 1368 Neque
2055 1295 2122 1344 un-

753 1405 851 1476 quam
878 1392 1051 1458 tenuerrmt
1075 1384 1317 1458 Antiochenam
1345 1381 1544 1456 cathedram
1570 1383 1651 1478 Syri
1676 1382 1868 1474 tacebitne,
1900 1397 1937 1460 ut
1960 1387 2120 1460 Alexan-

753 1497 879 1571 drinam
905 1499 1087 1596 Aegyptii,
1122 1504 1168 1572 ita
1202 1511 1238 1572 ut
1268 1499 1376 1572 nuNus
1407 1503 1509 1572 inea
1546 1508 1639 1572 esset
1672 1498 1887 1573 Orthndoxus
1919 1501 2119 1600 Episcopus.

752 1613 839 1686 Nam
851 1613 1095 1690 Antiocbanum
1109 1614 1369 1689 Patriarcbatum
1385 1614 1447 1687 buc
1463 1626 1569 1710 usque
1582 1612 1709 1708 absque
1723 1618 1961 1714 interruptione
1976 1641 2119 1692 succes-

753 1733 875 1820 sionis,
902 1729 1088 1803 Orthodoxi
1114 1731 1342 1821 obtinuerunt;
1369 1753 1472 1826 saepe
1498 1753 1584 1804 vero
1612 1740 1646 1803 et
1671 1729 1725 1802 diu
1751 1730 1879 1828 absque
1891 1733 2118 1808 Jacobitarum

752 1845 962 1934 Patriarcha,
990 1843 1074 1920 ha‘ec
1099 1850 1255 1944 primaria
1283 1847 1382 1921 sedes
1408 1847 1477 1918 luit.

856 1961 912 2034 lV.
938 1961 1090 2053 Longius
1118 1963 1224 2036 adhuc
1251 1962 1347 2036 abest
1374 1962 1416 2035 ab
1443 1962 1529 2034 iNius
1560 1983 1629 2035 non
1662 1963 1863 2059 interruptae
1897 1967 2117 2038 successionis

469 2073 631 2172 §returnar
659 2081 738 2180 uarro
752 2080 990 2172 praerogativa
1031 2077 1305 2152 Nestorianorum
1352 2081 1546 2152 communio.
1612 2079 1772 2164 Quamvis
1814 2082 1902 2152 enim
1945 2078 2119 2152 Nestorius

446 2163 739 2306 ffisfflffl
754 2193 1139 2292 Constantinopolitanae
1163 2194 1339 2269 Ecclesiae
1364 2204 1552 2291 praeesset,
1588 2217 1674 2289 quae
1711 2217 1756 2266 cx
1794 2195 1970 2290 privilegio
2003 2195 2116 2267 Patri-

704 2271 719 2308 ο
753 2309 893 2382 archalis
928 2309 1017 2382 lacta
1050 2309 1175 2402 lucrat,
1208 2335 1282 2384 cum
1315 2322 1425 2383 tamen
1461 2311 1618 2404 dignitate
1652 2309 1812 2406 spoliatus
1847 2321 1880 2383 et
1910 2313 1944 2380 in
1981 2311 2116 2384 exilium

751 2425 865 2523 pulsus
893 2436 960 2515 est,
987 2430 1151 2499 neminem
1178 2431 1233 2522 qui
1268 2451 1289 2499 a
1325 2431 1394 2502 suis
1430 2429 1503 2519 ejus
1535 2426 1631 2516 loco,
1666 2426 1784 2500 saltem
1818 2417 2117 2523 postquam'diem

751 2563 846 2616 suurn
873 2539 966 2632 obiit,
993 2541 1257 2636 substitueretur,
1283 2554 1339 2616 aut
1366 2546 1517 2639 quamvis
1543 2543 1764 2634 illegitimam,
1792 2542 1909 2614 saltem
1936 2545 2117 2618 continua-

751 2667 818 2728 tam
862 2656 1129 2732 Patriarcbarum
1182 2663 1428 2733 successionem
1472 2669 1643 2747 servaret,
1685 2655 1971 2753 deprehendimus.
2033 2659 2118 2732 Nam

752 2793 868 2846 omnes
894 2772 1086 2846 Nestoriaui
1118 2797 1163 2847 ex
1197 2776 1351 2849 Romano
1386 2777 1529 2872 Imperio
1563 2773 1669 2871 pulsi,
1704 2773 1747 2845 ad
1781 2775 1958 2847 Persarum
1985 2773 2118 2872 limites,

752 2898 808 2962 aut
833 2891 867 2960 in
894 2911 1009 2962 eorum
1035 2894 1218 2984 provinciis
1245 2891 1344 2968 sedes
1370 2889 1522 2964 fixerunt.
1576 2890 1661 2962 Hinc
1687 2899 1764 2984 post
1791 2911 1896 2963 annos
1921 2893 2000 2964 satis
2028 2891 2118 2964 mul-

748 3013 820 3097 tos,
853 3028 928 3078 cum
953 3004 1141 3080 Ecclesiam
1176 3007 1352 3082 Seleuciae
1377 3005 1574 3080 Parthorum
1607 3007 1826 3096 invasissent,
1866 3029 1953 3101 quae
1988 3007 2118 3102 quidem

692 3131 694 3136 '
749 3144 795 3193 ex
822 3145 927 3218 nuper
953 3127 1097 3196 instituta
1124 3123 1185 3198 suh
1212 3125 1396 3198 Justiniano
1425 3121 1588 3196 Cathohoi
1617 3121 1795 3214 dignitate,
1826 3143 1951 3194 novam
1986 3126 2117 3194 autori-

749 3247 850 3312 tatem
879 3253 1059 3316 consecuta
1085 3254 1173 3332 erat,
1195 3265 1269 3314 eam
1297 3263 1379 3314 suaa
1408 3240 1582 3332 religionis
1610 3235 1809 3311 Cathcdram
1818 3239 2013 3334 primariam
2040 3261 2118 3311 esse
2324 3241 2325 3250 ’

749 3355 945 3448 voluerunt3
973 3367 1071 3454 atque
1097 3357 1173 3430 inde
1198 3357 1321 3431 nuNum
1347 3359 1506 3450 maiorem
1534 3353 1659 3426 titulum
1687 3375 1784 3448 quam
1802 3350 1973 3424 Catholici
1988 3352 2118 3425 Seleu·

749 3475 826 3544 cine
853 3480 888 3545 et
907 3474 1146 3568 Ctesiphontis,
1173 3472 1372 3546 Patriarchis
1400 3476 1468 3546 suis
1495 3468 1667 3543 veteribus
1695 3467 1920 3542 attribuerunt.
1973 3470 2021 3543 At
2045 3473 2118 3567 ipsa

747 3591 900 3678 nominis,
927 3613 995 3664 non
1011 3600 1087 3662 ante
1113 3600 1246 3664 sextum
1272 3587 1441 3662 sacculum
1467 3588 1616 3683 usurpati
1641 3590 1747 3676 ratio,
1775 3589 1856 3660 satis
1874 3607 2033 3678 magnum
2055 3596 2116 3676 est,

749 3708 899 3800 quamvis
926 3705 990 3777 alia
1016 3707 1117 3778 multa
1144 3727 1212 3777 nou
1239 3713 1465 3800 suppeterent,
1492 3705 1649 3776 novitatis
1668 3711 1910 3793 argumentum,
1938 3721 2003 3795 quo
2018 3701 2115 3797 plane

749 3822 943 3914 dejiciuntur
969 3821 1098 3894 ihorum
1127 3823 1243 3894 summi
1269 3819 1503 3908 Patriarchae,
1535 3829 1603 3890 tum
1629 3817 1670 3890 ab
1697 3815 1772 3906 illa,
1805 3839 1902 3911 quam
1932 3815 2021 3888 lalso
2054 3817 2116 3889 sibi

748 3937 917 4022 vindicant
944 3941 1144 4034 antiquitatis
1175 3936 1298 4030 gloria:
1339 3935 1416 4008 tum'
1438 3939 1536 4008 etiam
1569 3932 1611 4005 ab
1642 3937 1717 4029 ipsa
1750 3933 1934 4005 autoritatis
1967 3919 2114 4024 dignita-

749 4057 856 4150 tisque
882 4057 1137 4150 praerogativa,
1165 4077 1229 4148 qua
1257 4074 1373 4125 omues
1401 4052 1483 4124 alias
1509 4048 1730 4146 Episcopales
1758 4049 1857 4122 sedes
1890 4049 1954 4122 sibi
1985 4047 2113 4121 Nesto·
2210 4083 2218 4100 ·

748 4175 833 4242 riaui
859 4169 1088 4262 subjecerunt,
1116 4181 1172 4243 aut
1198 4167 1365 4262 subjicere
1391 4170 1500 4241 conati
1527 4175 1609 4240 sunt

749 4368 753 4376 ,
852 4287 894 4358 V.
923 4288 1054 4383 Quippe
1084 4308 1182 4359 nemo
1218 4289 1252 4357 in
1286 4285 1467 4377 originibus
1502 4282 1749 4358 Ecclesiasticis
1784 4280 1996 4385 mediocriter
2029 4303 2114 4354 ver-

475 4403 601 4494 pamerras
623 4407 734 4472 dignitas
747 4413 837 4476 satus
870 4407 1019 4496 ignorat,
1054 4401 1218 4475 Catholici
1243 4401 1435 4493 dignitatem
1461 4409 1495 4471 et
1517 4397 1779 4491 jurisdictionem
1803 4396 2019 4470 Patriarchali
2044 4402 2113 4470 mi-

423 4491 862 4634 ξῐῗζῒωῗζξΐζῶῗξὲἳηοτεω
895 4519 1016 4607 luisse,
1054 4522 1205 4615 quamvis
1237 4516 1567 4611 Metropolitanorum
1598 4513 1748 4586 ordinem
1767 4514 2014 4598 antecelleret:
2048 4525 2113 4586 tum

423 4679 475 4718 nan
493 4674 532 4718 ως
549 4667 681 4720 veterior.
747 4648 845 4708 extra
870 4635 1113 4708 Antiochenum
1139 4633 1418 4723 Patriarchatum,
1445 4630 1553 4703 nullos
1579 4629 1685 4702 luisse
1712 4631 1875 4722 ejusmodi
1911 4629 2112 4704 Catholicos.

745 4753 841 4825 Unde
869 4755 950 4826 satis
977 4749 1184 4824 manifestum
1212 4759 1279 4841 est,
1305 4748 1546 4838 Nestorianos,
1574 4750 1628 4841 qui
1657 4767 1773 4818 omnes
1790 4756 1881 4819 retro
1898 4769 1979 4820 suae
2001 4757 2114 4818 sectae

745 4867 976 4958 Patriarchae,
1020 4864 1211 4940 Cathohcos
1248 4864 1434 4964 appellatos
1474 4867 1661 4959 reperiunt,
1693 4860 1816 4948 lrustra
1854 4858 2046 4960 laborasse,
2082 4869 2116 4931 ut

604 5035 616 5055 ,
746 4990 997 5060 successionem
1033 5005 1148 5056 eorum
1174 4983 1217 5055 ad
1242 4979 1428 5078 Apostolos
1462 5002 1570 5076 usque
1602 4988 1860 5075 promoverent,
1895 4981 2049 5073 quamvis
2082 4975 2114 5046 id

747 5109 858 5177 conati
883 5103 1006 5174 luerint
1031 5101 1135 5174 Maris
1162 5101 1351 5174 Salomonis
1378 5099 1483 5190 iilius,
1510 5109 1544 5171 et
1571 5100 1626 5194 qui
1652 5119 1728 5170 eum
1754 5099 1788 5169 in
1813 5094 1991 5192 Epitomen
2006 5085 2112 5164 rene-

746 5224 795 5313 git
821 5222 945 5298 Amrus
971 5216 1117 5290 Nathaei
1147 5217 1249 5310 lilius,
1283 5217 1343 5290 sed
1378 5238 1517 5314 prorsus
1551 5213 1738 5288 inlehoiter.
1796 5211 1914 5309 Neque
1948 5213 2036 5284 enim
2069 5229 2114 5281 ex

1347 5530 1360 5580 l
