4736 6064
660 594 743 672 SIVE
773 595 904 674 chron
929 597 1175 676 UMVERSAMS
1202 601 1432 694 AETHIDPUM.
1659 605 1738 680 487
1769 655 1774 666 ·

468 779 654 852 Diaconos.
707 780 775 884 Pro
802 781 903 856 beato
932 793 966 856 et
992 795 1108 856 sancto
1134 785 1326 859 Patriarcha
1353 798 1469 862 nostro
1497 787 1656 863 Gabriele
1681 791 1739 865 vel

362 895 404 969 N.
431 904 466 967 et
491 895 593 968 Patre
618 905 736 970 nostro
762 898 958 972 venerando
985 897 1199 996 Metropolita
1223 911 1342 976 nostro
1368 902 1470 978 Abba
1496 904 1539 977 N:
1567 909 1623 1000 qui
1650 929 1737 980 ora-

361 1009 507 1083 tionihus
534 1015 604 1086 suis
630 1011 765 1086 laudant
789 1022 824 1085 to
851 1024 885 1086 et
909 1017 1037 1106 gratias
1065 1026 1167 1108 agunt
1191 1016 1261 1089 tibi.
1493 1016 1497 1021 ’

465 1126 532 1201 Per
558 1127 762 1223 Stephanum
787 1137 1080 1227 protomartyrem,
1106 1131 1304 1205 Zachariam
1331 1133 1552 1223 sacerdotem,
1579 1145 1614 1207 et
1624 1135 1737 1208 Joan-

361 1236 437 1316 nsm
463 1243 666 1339 Baptistam:
701 1267 763 1340 per
797 1266 913 1318 omnes
947 1254 1082 1318 sanctos
1116 1257 1150 1318 et
1176 1245 1346 1344 Martyres
1374 1251 1429 1343 qui
1456 1253 1600 1344 quietem
1628 1261 1760 1324 acce-'

360 1368 480 1457 perunt
504 1362 537 1429 in
553 1358 619 1431 tide
639 1358 779 1432 Christi:
806 1359 1009 1450 Mathaeum,
1034 1360 1199 1453 Marcum,
1224 1362 1363 1453 Lucam,
1389 1364 1566 1455 loannem,
1594 1377 1735 1460 mutuor

360 1473 611 1566 Evangelistas,
639 1483 673 1545 et
697 1497 759 1571 per
784 1476 926 1548 Mariam
952 1478 1016 1550 Dei
1042 1480 1240 1569 genitricem
1267 1479 1480 1554 exaudinos.
1506 1479 1573 1552 Per
1586 1481 1734 1574 Pstmm,

360 1590 545 1677 Andream,
571 1587 736 1662 Jacobum
761 1599 796 1662 et
821 1591 998 1682 loannem,
1024 1591 1209 1690 Philippum
1236 1603 1270 1666 et
1295 1593 1603 1687 Bartholomaeum,
1635 1595 1734 1670 Tho-

359 1728 448 1776 mam
475 1714 508 1776 et
533 1703 740 1794 Mathaeum,
767 1705 958 1778 Thadaeum
986 1716 1020 1779 et
1045 1707 1250 1796 Nathanael,
1277 1708 1443 1783 Jacobum
1468 1707 1570 1783 filium
1600 1709 1734 1807 Alphei,

360 1830 396 1892 et
408 1819 577 1909 Mathiam,
605 1819 776 1893 duodecim
797 1820 1006 1918 Apostolos:
1034 1833 1068 1894 et
1088 1821 1254 1896 Jacobum
1274 1823 1475 1921 Apostolum
1501 1825 1638 1899 fratrem
1653 1825 1734 1898 Doa

359 1937 458 2024 mini,
484 1934 687 2032 Episcopum
715 1939 895 2010 sanctuarii
921 1937 1127 2011 Jerusalem:
1153 1937 1291 2012 Paulum
1318 1950 1351 2012 et
1370 1939 1590 2030 Timotheum,
1617 1939 1734 2030 Silam,

359 2050 561 2138 Barnaham,
588 2051 710 2141 Titum,
736 2051 962 2125 Philemonem
991 2064 1024 2126 et
1039 2049 1260 2126 Clementem:
1288 2057 1499 2151 septuaginta
1517 2054 1602 2130 duos
1624 2055 1736 2128 disci-¹

360 2167 469 2262 prdos,
498 2174 532 2238 et
558 2169 672 2240 socios
699 2189 815 2240 eorum
842 2171 1062 2263 quingentos,
1087 2177 1323 2264 trecentosque
1350 2171 1466 2244 decem
1493 2181 1529 2243 et
1554 2179 1632 2244 octo
1660 2169 1732 2243 Or-

358 2279 552 2355 thodoxos:
580 2285 750 2356 orationes
778 2305 894 2356 eorum
918 2281 1116 2380 multiplices
1143 2284 1318 2358 nobiscum
1346 2289 1420 2358 siut.

463 2396 632 2470 Memento
666 2401 766 2470 etiam
799 2396 994 2472 Catholicae
1033 2409 1067 2471 ot
1106 2401 1326 2496 Apostolicae
1357 2399 1535 2474 Ecclesiae
1569 2405 1604 2473 in
1634 2423 1732 2498 pace,
1856 2417 1860 2429 ·

358 2515 509 2609 pretioso
537 2515 700 2606 sanguine
728 2511 850 2586 Christi
880 2517 926 2585 tui
960 2514 1163 2587 aedificatae.
1215 2513 1400 2589 Memento¹
1420 2537 1553 2613 quoque
1578 2518 1732 2588 ramma

359 2625 516 2717 chamm,
542 2627 849 2723 metropolitarum,
875 2629 1137 2726 Episcoporum,
1171 2630 1408 2722 Sacerdotum,
1435 2643 1470 2704 et
1494 2633 1732 2723 Diaconorum,

359 2745 414 2839 qui
440 2753 567 2816 rectam
595 2743 764 2816 doctrinae
790 2766 896 2816 verae
922 2747 1013 2817 viam
1040 2755 1223 2818 tenuerunt

461 2858 623 2953 Populus.
675 2859 840 2932 Miserere
866 2861 1010 2933 Domine
1037 2863 1219 2933 animarum
1246 2883 1422 2935 servorum
1440 2874 1582 2956 monuo,
1609 2873 1643 2936 et
1664 2884 1732 2935 an-

358 2973 506 3046 cillarum
531 2983 672 3060 tuarum,
700 2978 756 3070 qui
782 2975 1000 3048 comederunt
1026 2997 1149 3072 corpus
1176 2984 1279 3068 tuum,
1306 2987 1339 3050 et
1364 2975 1518 3052 bibenmt
1535 2981 1732 3072 sauguinem

357 3098 458 3177 tuum,
485 3099 520 3161 et
546 3093 689 3185 quietem
715 3099 919 3186 acceperuut
943 3095 977 3162 in
1002 3089 1069 3163 lide
1094 3099 1160 3163 tua.

461 3202 646 3275 Sacerdos.
698 3203 820 3275 lterum
847 3203 1066 3299 deprecemur
1092 3207 1351 3301 omnipotentem
1376 3205 1566 3299 Dominum,
1596 3208 1730 3278 Patrem

357 3317 508 3404 Domini,
544 3317 627 3390 Dei·
641 3327 676 3390 et
710 3317 890 3392 salvatoris
925 3323 1032 3394 nostri
1064 3321 1147 3394 lesu
1180 3319 1311 3394 Christi.
1372 3319 1542 3395 Memento
1575 3321 1731 3410 Domine,

356 3436 452 3506 unius
480 3443 617 3506 sanctae
642 3432 820 3506 Ecclesiae
839 3432 1033 3507 Catholicae
1052 3444 1086 3506 et
1103 3434 1336 3530 Apostolieae,
1363 3445 1587 3510 conservatae
1605 3461 1625 3510 a
1649 3435 1729 3508 lini-

356 3545 419 3619 bus
445 3569 552 3641 usque
578 3547 621 3619 ad
646 3548 730 3620 fines
755 3547 876 3620 muudi.

459 3661 629 3735 Memento
655 3665 799 3736 Domine
824 3663 934 3736 Patris
966 3669 1073 3738 nostri
1098 3664 1312 3738 Patriarchae
1346 3669 1452 3739 nostri
1484 3664 1586 3740 Abba
1618 3665 1660 3738 N.
1697 3677 1731 3740 et

355 3777 452 3850 Beati
478 3777 713 3873 Metropolitae
739 3783 845 3852 nostri
863 3778 965 3854 Abba
985 3779 1025 3852 N.
1053 3800 1219 3855 conserva
1245 3780 1335 3852 illum
1360 3781 1460 3855 nohis
1487 3785 1581 3854 annis
1607 3783 1728 3872 multis,

355 3891 539 3988 diebusque
566 3894 723 3988 pacificis.

315 4089 319 4098 .
459 4008 629 4081 Memento
662 4007 806 4081 Domine
839 4009 1076 4099 Sacerdotem,
1112 4011 1339 4082 Diaconorum
1375 4019 1408 4082 et
1441 4009 1729 4084 Subdiacouorum

358 4121 639 4196 Orthodoxorum.

461 4237 629 4310 Memento
655 4238 800 4312 Domine
826 4239 933 4332 Regis
959 4243 1085 4331 nostri,
1118 4239 1414 4334 Lebna-Dinghil,
1450 4261 1618 4314 conserva
1653 4258 1729 4308 eum

354 4352 453 4426 nohis
480 4353 514 4422 in
540 4374 634 4448 pace.

460 4468 605 4541 Trinitas
631 4481 765 4560 sancta,
799 4469 920 4558 Pater,
946 4470 1027 4562 Pili,
1055 4480 1088 4542 et
1114 4469 1257 4567 Spiritus
1279 4481 1413 4558 sancte,
1439 4468 1582 4542 benedic
1612 4485 1729 4562 popu-

355 4582 422 4654 lum
456 4593 550 4654 tuum·
582 4581 775 4656 dilectorum
808 4583 1091 4675 Christianorum,
1122 4584 1408 4658 benedictionibus
1445 4581 1667 4669 coelestibus,
1695 4587 1729 4651 et

354 4700 447 4768 mitte
473 4699 614 4788 gratiam
648 4698 791 4793 Spiritus
826 4704 952 4789 sancti,
988 4709 1022 4772 et
1055 4700 1110 4773 lac
1144 4709 1260 4795 portas
1285 4698 1462 4773 Ecclesiae
1489 4709 1566 4770 tuae
1592 4703 1729 4771 sanctae

354 4807 452 4884 nohis
479 4818 596 4906 patere
622 4833 697 4884 cnm
723 4815 954 4887 misericordia
980 4826 1015 4888 et
1040 4817 1228 4888 securitate.
1260 4813 1391 4887 Perfice
1408 4810 1505 4887 nobis
1529 4811 1628 4886 fidem
1644 4812 1734 4882 Tri-'

354 4928 466 4998 nitatis
492 4946 599 5020 usque
626 4926 669 4998 ad
696 4925 843 5000 ultimum
869 4933 961 5003 vitas
995 4933 1154 5026 spiritum.
1206 4928 1365 5002 Pontifex
1391 4929 1474 5002 lesu
1506 4925 1639 5000 Christe
1664 4946 1729 4996 re-

354 5043 448 5135 spice
473 5039 627 5114 iufirmos·
643 5039 759 5134 populi
787 5045 850 5115 tui:
878 5045 984 5120 deduc
1011 5054 1126 5141 patres
1159 5055 1194 5117 et
1225 5043 1348 5118 hanes
1380 5053 1516 5118 nostros
1552 5043 1608 5139 qui
1638 5061 1728 5137 pro-
