4680 6044
720 587 798 662 224
1185 586 1625 668 COMMENTARIUS
1754 605 1760 618 ·

450 791 575 844 debriatis
592 792 706 844 Patrtur.
806 770 928 836 Gahriel
950 772 1120 838 Patriarcha
1142 771 1364 838 Alexandrinus
1388 775 1418 836 iu
1439 773 1548 836 Rituail
1570 791 1635 838 sua.
1680 775 1836 838 Sacerdos
1849 776 1940 838 dictis
1953 775 2002 836 itis
2017 793 2089 836 aer·-

396 879 460 930 chae
484 878 517 931 de
540 879 705 931 invocatione
719 871 768 934 bis
794 880 826 934 et
851 873 930 936 hunc
957 891 1083 954 paoem,
1112 881 1175 936 tres
1204 892 1311 934 emaus
1340 892 1432 952 saper
1460 874 1591 935 oblatam
1619 876 1652 936 in
1680 875 1785 938 eodem
1813 875 1907 937 aerbo
1933 872 2089 953 formabit,

396 965 486 1019 verba.
719 979 878 1050 anaqam
900 974 1030 1048 duent,
1054 972 1159 1035 eiiciat
1180 973 1276 1051 ipsum
1291 989 1404 1052 corpus
1426 979 1571 1048 sanctum,
1594 991 1671 1052 quac
1693 993 1761 1036 cam
1778 973 2003 1052 pronunciarit,
2014 991 2089 1052 per-

715 1071 818 1149 naar
840 1078 870 1132 et
891 1068 1021 1151 efficitur
1045 1090 1157 1151 corpus
1186 1068 1316 1146 Christi,
1344 1071 1418 1134 illnd
1443 1073 1541 1152 ipsum
1567 1072 1648 1151 quod
1669 1075 1789 1152 accepit
1815 1093 1856 1134 ea
1883 1071 1987 1134 biario
2020 1071 2090 1132 Vir-

716 1169 801 1248 qine,
825 1179 881 1234 etc.
928 1169 1059 1250 Cumque
1080 1171 1212 1244 dicerit,
1235 1177 1266 1232 et
1288 1167 1367 1232 huuc
1390 1169 1539 1246 Calicem,
1561 1172 1663 1251 ciqrtat
1683 1174 1774 1234 etiam
1797 1180 1844 1234 ter
1872 1173 1960 1251 ripam
1981 1172 2089 1246 auca,

719 1275 879 1348 antequam
901 1270 986 1331 dicat
1006 1269 1184 1353 sauguinem
1206 1270 1373 1350 pretiosum
1395 1271 1468 1332 novi
1490 1270 1673 1334 Testamenti
1695 1273 1748 1350 tui,
1770 1290 1848 1352 quae
1869 1290 1935 1332 mon
1951 1288 2090 1350 proram

719 1368 862 1444 ciaoerit,
898 1371 1000 1430 omum
1031 1371 1221 1448 propositum
1247 1370 1284 1448 fit
1308 1371 1433 1448 conquas
1462 1367 1592 1445 Citristi,
1626 1389 1717 1450 asper
1745 1372 1856 1451 liqmcm
1885 1372 1986 1432 aaron
2014 1367 2089 1450 afu-

719 1485 788 1542 nos,
812 1474 922 1532 eta...
946 1466 987 1529 Et
1007 1468 1116 1530 deinde
1137 1466 1300 1530 Sacerdoti
1320 1486 1380 1529 non
1402 1469 1472 1530 iicet
1492 1469 1541 1530 oei
1567 1487 1659 1532 mmm
1686 1469 1920 1532 benedictionem
1945 1468 2089 1548 formate,

718 1583 813 1646 neque
834 1567 877 1628 ad
893 1568 1080 1648 principem,
1103 1576 1157 1630 aut
1176 1582 1351 1647 quenquam
1373 1568 1466 1630 aliam
1487 1571 1519 1629 in
1545 1568 1690 1648 diqnitate
1712 1571 1902 1631 emutilatum
1922 1570 2089 1648 respicere.-

719 1665 763 1727 ad
785 1664 936 1728 Cluistura
958 1669 1051 1744 anm,
1083 1669 1136 1747 qui
1157 1685 1261 1728 coram
1284 1685 1320 1727 eo
1347 1667 1520 1729 immolatus
1548 1676 1608 1744 est,
1636 1670 1794 1747 imperium
1817 1670 1966 1748 perimet,
1995 1675 2025 1729 et
2049 1667 2090 1728 ad

719 1784 786 1826 eum
804 1784 914 1844 preces
936 1767 1114 1846 diripendae
1135 1774 1211 1828 ami.
1256 1765 1369 1828 Eadem
1391 1767 1510 1829 ommno
1532 1765 1623 1830 habet
1643 1766 1744 1830 Autor
1763 1767 1913 1832 Scientiae
1934 1766 2088 1828 Ecclesia-

719 1865 831 1942 sticae,
853 1872 887 1926 ut
908 1865 1065 1928 Tractatus
1088 1866 1126 1928 de
1147 1864 1407 1928 benedictionibus
1430 1884 1508 1946 quae
1530 1867 1562 1928 in
1584 1865 1718 1949 Liturgia
1741 1866 1805 1930 lieri
1828 1865 1956 1929 debent:
1988 1864 2087 1928 etalii

720 1963 842 2030 diversi.

431 2071 707 2125 testimoniatheoto-
806 2063 937 2127 Probent
959 2063 989 2126 id
1012 2065 1100 2127 etiam
1129 2065 1296 2127 testimonia
1319 2062 1545 2146 Theologomm
1566 2065 1664 2143 varia,
1692 2064 1723 2126 in
1753 2063 1860 2144 quibus
1891 2082 1958 2132 cum
1987 2070 2088 2126 sancto

395 2174 494 2228 gotum.
721 2162 844 2243 Spiritui
866 2164 1000 2226 illabenti
1023 2165 1282 2227 consecrationem
1306 2164 1453 2241 tribuunt,
1482 2162 1638 2226 maniieste
1669 2163 1828 2246 designant
1857 2161 2087 2242 invocationem,

720 2281 780 2343 qua
814 2264 939 2346 illapsus
975 2282 1031 2326 seu
1070 2257 1280 2348 incontinens
1312 2264 1491 2345 postulatur.
1542 2261 1674 2327 Severus
1708 2262 1877 2343 Episcopus
1906 2261 2089 2325 Mcbmomn

719 2363 750 2424 in
775 2362 916 2426 Tractatu
946 2362 984 2425 de
1015 2362 1159 2426 Paschate
1189 2371 1221 2425 et
1246 2363 1451 2441 Eucharistia‚
1485 2361 1642 2443 explicans
1672 2381 1710 2425 ea
1742 2361 1852 2441 verba,
1882 2380 1961 2442 quae
1984 2361 2089 2444 jubent

721 2479 828 2525 omnes
851 2461 933 2546 Agni
954 2461 1106 2524 Paschalis
1130 2462 1246 2525 comedi
1268 2481 1353 2526 assas
1377 2463 1453 2544 igni:
1476 2480 1597 2541 nempe,
1619 2462 1730 2543 inquit,
1754 2460 1967 2542 iqneSpiritus
1983 2460 2089 2536 sancti,

719 2563 889 2641 etquidem
909 2562 960 2623 ille
980 2563 1060 2641 iqnis
1087 2569 1149 2636 est,
1179 2563 1231 2642 qui
1258 2565 1421 2643 requiescit
1448 2580 1540 2641 super
1564 2547 1659 2640 pane,
1692 2567 1723 2622 et
1750 2557 1844 2642 efficit
1870 2561 1953 2622 dum
1981 2577 2090 2638 corpus

719 2659 842 2725 Christi,
887 2659 967 2722 idem
990 2661 1019 2721 iu
1043 2659 1277 2733 Quaestionibus
1299 2670 1330 2724 et
1359 2660 1627 2742 Responsianibus.
1660 2659 1759 2740 Super
1783 2677 1896 2739 panem
1923 2666 1953 2721 et
1979 2661 2089 2734 mnam

719 2779 787 2823 curn
808 2759 949 2840 Liauqia
972 2759 1156 2837 celebratur,
1186 2767 1216 2820 et
1235 2768 1452 2823 consecrantur
1480 2763 1512 2821 in
1539 2761 1659 2823 nornine
1687 2757 1817 2835 Cluati,
1845 2759 1896 2820 cni
1919 2759 1962 2819 ait
1983 2759 2090 2839 qioria,

719 2861 875 2923 descendit
894 2859 1027 2939 Ερίνᾶιιν
1048 2866 1188 2936 canaan,
1211 2868 1241 2923 et
1261 2857 1431 2940 efficiuntur
1451 2879 1562 2940 corpus
1584 2867 1614 2920 et
1633 2859 1767 2938 sanquis.
1802 2857 1918 2920 Eodem
1944 2857 1975 2918 in
1997 2875 2090 2938 opere

720 2967 874 3040 comparat
896 2957 1024 3039 Spiritus
1047 2960 1143 3021 sancti
1164 2959 1302 3040 illapsum
1325 2958 1384 3022 soli
1406 2960 1556 3022 exorienti
1576 2959 1735 3038 omniaque
1756 2955 1928 3034 illustranti,
1953 2964 1984 3018 et
2007 2957 2091 3019 cale·

719 3060 851 3123 facienti.
896 3059 995 3137 Sicut,
1018 3058 1127 3140 iuquit,
1157 3061 1259 3121 omnia
1281 3077 1413 3139 corpora
1434 3059 1568 3120 calorem
1588 3058 1844 3137 talispercipinnt
1852 3057 2011 3135 mmmmm,
2033 3075 2091 3118 non

719 3178 792 3221 oero
814 3159 975 3240 pandam
996 3177 1037 3219 ec
1059 3167 1255 3238 capariam,
1287 3161 1332 3221 ita
1350 3159 1443 3237 piane
1463 3160 1496 3219 in
1522 3156 1718 3218 &anamma
1747 3174 1781 3216 se
1808 3173 1861 3216 res
1886 3154 1992 3217 babet:
2021 3157 2092 3236 quia

718 3257 851 3338 Spiritus
870 3257 1002 3320 Sanctia
1024 3258 1180 3320 descendit
1199 3276 1291 3337 srtper
1313 3276 1417 3320 omnes
1438 3256 1606 3331 Ecclesiae,
1636 3264 1667 3319 et
1695 3253 1789 3336 efficit
1816 3255 1919 3316 onmia
1945 3273 2024 3334 quae
2050 3253 2093 3316 ibi

719 3355 898 3438 offeruntur,
922 3375 1031 3437 corpus
1053 3365 1082 3419 et
1102 3350 1285 3437 sanqnircan'
1299 3355 1422 3420 Christi,
1467 3355 1613 3419 Homiiiae
1635 3354 1673 3417 de
1696 3353 1810 3416 cuculo
1840 3354 1910 3414 anui
1938 3351 1976 3416 ad
2006 3371 2092 3416 usum

719 3456 876 3519 Ecclesiae
905 3453 1067 3537 captione,
1097 3455 1127 3517 in
1157 3472 1194 3517 ea
1223 3473 1301 3535 quae
1331 3463 1378 3518 est
1406 3456 1445 3518 de
1471 3456 1555 3519 initio
1583 3452 1742 3537 Evangelii
1771 3451 1935 3517 secuudum
1966 3452 2089 3518 Lucam.

718 3545 854 3618 Assumit
873 3557 967 3618 lilius
993 3555 1131 3630 Verbera,
1151 3574 1262 3636 panem
1284 3563 1314 3617 et
1333 3557 1449 3633 cinam,
1478 3553 1626 3636 efficitque
1656 3572 1695 3615 ea
1724 3571 1834 3632 carptis
1855 3560 1885 3613 et
1905 3555 2089 3633 conperirem,

718 3657 763 3717 ita
786 3663 885 3718 tamen
905 3663 940 3717 ut
957 3655 1126 3735 praecedat
1145 3653 1279 3734 Spiritus
1290 3661 1415 3716 sanctus
1431 3655 1582 3716 illabendo
1596 3671 1688 3732 asper
1707 3672 1759 3724 ea,
1787 3660 1876 3733 atque
1898 3669 1936 3713 ea
1950 3654 2089 3732 sanctifi-

719 3757 834 3830 cando,
857 3756 936 3816 sicut
954 3753 1031 3833 fecit
1051 3756 1082 3815 in
1100 3755 1201 3833 primo
1223 3752 1450 3816 incantationis
1468 3760 1624 3816 momento.
1662 3751 1698 3814 Si
1713 3751 1832 3832 quidem
1845 3750 2001 3813 Sacerdos
2022 3756 2092 3813 orat

717 3873 774 3934 pro
795 3855 906 3932 illapsu
927 3853 1059 3932 Spiritus
1080 3855 1192 3932 sancti,
1216 3871 1436 3933 superponent
1458 3862 1488 3916 et
1508 3855 1624 3930 cinam,
1647 3859 1681 3914 ut
1702 3869 1740 3913 ea
1761 3851 1942 3929 inmittat,
1968 3869 2090 3930 ecumque

719 3953 760 4015 ab
782 3955 885 4016 eodem
897 3950 1027 4032 (Spiritu
1037 3957 1159 4025 sancto)
1176 3954 1366 4032 somniante
1378 3961 1458 4028 arnt,
1483 3961 1552 4014 tunc
1562 3952 1664 4014 unitur
1674 3949 1734 4012 iliis
1747 3949 1852 4024 Filiam,
1867 3947 2090 4030 efficiunturque

720 4055 750 4115 ei
771 4071 882 4132 corpus
904 4060 934 4113 et
954 4054 1094 4133 smnchm
1112 4043 1170 4131 per
1191 4053 1332 4114 unionem
1354 4053 1418 4130 ejus
1441 4071 1507 4114 cum
1529 4051 1598 4115 iliis.
1643 4049 1689 4112 De
1710 4047 1761 4110 illa
1783 4047 1901 4110 tatione
1916 4047 2088 4129 explicandi

721 4152 939 4216 elementorum
962 4153 1221 4215 consecrationem
1243 4169 1301 4232 per
1323 4152 1514 4214 assumtionis
1537 4149 1672 4227 modum,
1695 4147 1784 4210 simili
1805 4147 1848 4209 iili
1871 4165 1930 4228 qua
1959 4147 2088 4210 Verbum

719 4253 751 4315 iu
778 4260 866 4315 utero
894 4251 1006 4314 Beatae
1034 4251 1168 4332 Virginis
1205 4251 1319 4313 biariae
1349 4269 1471 4314 carnem
1506 4251 1662 4325 assumsit,
1691 4247 1808 4311 dicetur
1838 4247 1923 4322 alibi,
1954 4265 2022 4308 cum
2050 4245 2087 4308 dc

721 4351 915 4417 Orientalium
947 4352 1028 4414 circa
1049 4350 1257 4413 Eucharistiae
1282 4352 1456 4432 mysterium
1487 4348 1653 4431 Theologia
1680 4347 1873 4411 tractabitur:
1904 4346 2011 4410 sullicit
2032 4345 2087 4408 hoo

721 4453 791 4517 loco
813 4459 958 4515 annotare
982 4469 1063 4527 eam,
1086 4468 1174 4530 quam
1197 4449 1364 4513 observare
1387 4452 1515 4531 quisque
1538 4455 1656 4528 potest,
1684 4449 1763 4510 inter
1791 4446 1944 4510 Orationis
1973 4452 2003 4508 et
2025 4445 2087 4507 lio-

721 4553 819 4617 miliae
841 4552 937 4615 verba
959 4550 1203 4614 conformitatem.
1249 4551 1330 4614 idem
1354 4558 1441 4612 autor
1463 4550 1494 4610 in
1517 4547 1574 4610 alia
1597 4547 1738 4612 Humilia:
1759 4547 1893 4626 Spiritum
1913 4547 1997 4610 citae
2017 4545 2087 4607 ilio-

721 4653 802 4716 bitur
828 4661 858 4715 et
889 4652 1050 4732 requiescit
1078 4669 1168 4730 super
1199 4669 1310 4730 panem
1332 4658 1362 4711 et
1388 4651 1504 4727 ninum,
1520 4657 1521 4662 ’
1540 4667 1634 4728 eoque
1663 4654 1823 4710 coreseorat
1856 4654 1886 4708 et
1912 4647 2087 4725 sanctificat

415 4747 462 4803 Μ’·
480 4749 526 4801 nr.
544 4749 606 4804 Bttt.
623 4751 684 4819 neq.
721 4751 802 4814 idem
825 4751 927 4814 etalii
953 4749 1109 4813 Jacohitae
1132 4749 1252 4814 docent.
1302 4747 1437 4830 Epistola
1466 4747 1637 4812 Sacerdotis
1667 4754 1809 4809 recenter
1838 4743 1978 4810 ordinati.
2022 4745 2087 4820 Qua

720 4852 799 4913 bora
821 4850 934 4930 accipit
953 4850 1105 4912 Sacerdos
1127 4849 1307 4912 oblationem
1328 4851 1360 4910 ia
1381 4865 1488 4908 manus
1510 4865 1584 4908 suas
1601 4865 1714 4926 puras,
1741 4852 1770 4906 et
1791 4861 1859 4906 eam
1881 4845 1981 4907 eleuat
1999 4862 2087 4923 mapa·

720 4951 820 5012 altare
842 4957 994 5026 sonantia,
1019 4949 1224 5010 audaciora
1246 4948 1402 5012 &scandit
1427 4949 1531 5026 qratia
1551 4947 1625 5026 Dei,
1658 4953 1687 5008 et
1713 4945 1846 5024 Spirittts
1872 4945 1938 5023 eicos
1967 4951 2087 5006 sancbts

718 5049 865 5125 illabitur,
899 5067 966 5109 oum
1002 5047 1184 5128 Ampelorum
1212 5048 1406 5111 invisibilium
1434 5047 1639 5131 myriadibus,
1674 5053 1705 5108 et
1731 5045 1833 5108 aanor
1867 5044 1995 5108 Verbera
2027 5045 2088 5122 m'nt
