4686 6060
552 511 705 607 196,
929 533 1004 609 or
1057 533 1533 614 rnrnrtrcnn

549 722 603 789 cie
630 717 673 788 ad
700 717 870 790 Orientem
897 740 1084 808 conversa,
1112 723 1221 816 capite
1254 720 1429 813 inclinato,
1464 723 1651 798 tenentibus
1685 747 1760 800 eum
1795 729 1930 800 Sacer-

550 833 682 907 dctihus
710 833 849 908 duobus.
909 834 994 906 'lum
1027 839 1191 932 antiquior
1224 836 1433 933 Episcopus,
1465 841 1714 912 instrumentum
1751 843 1928 918 electionis

549 955 624 1026 sire
639 951 837 1047 Psephisma
865 951 1066 1046 descriptum
1081 975 1100 1023 a
1120 957 1317 1046 secretario,
1345 965 1523 1050 antequam
1542 956 1573 1026 in
1590 953 1781 1032 Ecclesiam
1798 963 1926 1033 venia-

549 1079 621 1158 tur,
649 1067 747 1140 tradit
772 1071 828 1140 uni
856 1090 903 1139 ex
929 1065 1106 1156 Diaconis,
1135 1072 1191 1164 qui
1222 1091 1409 1144 conscenso
1442 1069 1604 1162 Anhone,
1636 1069 1714 1143 illud
1745 1072 1828 1166 legit
1859 1073 1927 1146 alta

548 1208 649 1258 voce.

652 1302 737 1373 Post
773 1298 858 1372 illius
893 1301 1100 1370 instrumenti
1135 1298 1331 1390 lectionem,
1364 1300 1628 1374 Archidioconus
1663 1301 1751 1375 dicet
1781 1302 1926 1400 hymnos

547 1421 778 1516 praescriptos
804 1417 838 1486 in
864 1413 1066 1503 Pontilicali,
1094 1423 1128 1486 et
1155 1419 1285 1510 quoties
1312 1416 1494 1490 nominabit
1521 1417 1683 1508 electum,
1716 1424 1925 1516 prostratio·

546 1556 642 1622 nem,
671 1554 769 1627 qnam
795 1541 1025 1618 metanoeam,
1053 1539 1089 1601 ut
1115 1531 1249 1622 Graeci,
1274 1544 1413 1623 vocant,
1442 1534 1486 1605 ad
1512 1556 1588 1606 eum
1605 1555 1792 1608 conversus
1811 1535 1924 1609 faciet.

546 1648 631 1721 Post
654 1648 813 1742 hymnos,
841 1646 969 1718 dicetur
996 1655 1047 1717 ter
1072 1645 1183 1738 Kprie
1210 1647 1349 1720 eleison.
1401 1650 1533 1722 Deinde
1552 1649 1712 1745 Episcopi
1734 1673 1781 1723 ex
1803 1650 1924 1726 throno

547 1763 766 1850 descendent,
796 1765 1044 1857 consistentque
1078 1785 1186 1858 prope
1219 1763 1324 1836 altare
1362 1765 1405 1836 ad
1439 1766 1655 1842 ordinandum
1687 1767 1925 1842 Patriarcham.

545 1879 746 1954 Adolehitur
772 1883 942 1954 incensum
970 1878 1012 1950 ah
1041 1883 1226 1973 antiquiore
1251 1879 1442 1977 Episcopo,
1470 1892 1606 1978 etpost
1632 1887 1816 1958 orationem
1843 1883 1925 1956 thu-

547 2004 593 2073 ris
620 1999 770 2094 duasque
797 1996 881 2072 alias
908 2008 1106 2100 sequentes,
1133 2019 1254 2092 nempe
1280 1996 1354 2070 illas
1382 2020 1469 2093 quae
1495 2001 1529 2070 in
1553 1999 1705 2094 Liturgio
1733 2009 1925 2090 occurrunt,

547 2114 690 2214 populus
724 2115 811 2186 dicet
841 2114 1009 2187 multoties
1042 2113 1152 2206 Kprie
1185 2113 1323 2183 eleison.
1377 2113 1560 2210 Oompletis
1594 2115 1668 2190 aliis
1704 2115 1923 2203 orationihus

547 2254 633 2328 quae
660 2254 707 2303 ex
733 2229 917 2303 Pontificali
943 2229 1109 2328 petendae
1136 2238 1229 2316 sunt,
1257 2232 1421 2325 antiquior
1446 2229 1636 2327 Episcopus
1670 2232 1822 2304 dextram
1853 2233 1925 2303 irn-

543 2360 648 2448 ponet
673 2373 775 2446 super
802 2351 900 2423 electi
926 2358 1044 2446 caput,
1072 2347 1224 2443 dIcetque
1250 2344 1515 2419 Archidiaconus
1549 2348 1743 2422 Orationem
1778 2347 1820 2420 ah
1848 2349 1921 2422 istis

543 2465 660 2540 verbis
686 2470 906 2562 incipientem.
959 2465 1090 2536 Divina
1115 2466 1233 2558 pratia
1259 2483 1348 2555 qaae
1375 2465 1511 2556 infima
1535 2469 1646 2536 sanat.
1698 2461 1751 2536 Ea
1778 2471 1831 2537 est
1857 2485 1924 2534 au-

543 2591 611 2653 tem
646 2582 796 2675 ejusdem
833 2585 966 2655 omnino
1000 2583 1201 2673 sententiae,
1236 2587 1270 2649 et
1303 2577 1422 2650 iisdem
1453 2600 1561 2675 prope
1594 2590 1759 2675 concepta
1794 2577 1924 2670 verhis,

544 2721 587 2770 ac
622 2697 678 2770 illa
718 2697 804 2792 apud
841 2696 993 2769 Graecos
1019 2695 1066 2770 ‘H
1085 2695 1170 2769 θεία
1193 2691 1313 2794 χάρις,
1341 2687 1383 2767 dc
1419 2696 1682 2790 (puellarium,
1710 2694 1855 2768 Goarius
1890 2705 1925 2767 et

544 2813 600 2886 alii
625 2813 700 2887 luse
728 2823 762 2884 et
788 2812 886 2885 docte
914 2813 1185 2909 disputaverunt,
1212 2819 1247 2883 et
1278 2832 1340 2884 nos
1375 2811 1522 2884 dicemus
1559 2811 1646 2885 alihi.
1701 2811 1800 2900 Quod
1833 2835 1920 2884 vero

544 2929 659 3002 scribit
684 2926 900 3017 Ahulhircat,
929 2929 993 3000 dici
1019 2949 1092 3000 eam
1128 2926 1169 3000 ah
1205 2927 1471 3020 Archidiacono,
1504 2950 1573 3000 nen
1605 2932 1650 3001 ita
1682 2928 1922 3025 accipiendum,

544 3048 640 3140 quasi
667 3045 807 3118 officium
833 3047 937 3140 ipsius
964 3047 1021 3133 sit,
1050 3046 1234 3118 orationem
1260 3045 1294 3114 in
1321 3066 1385 3139 qua
1411 3065 1479 3118 non
1505 3045 1639 3117 minima
1675 3048 1782 3117 virtus
1815 3042 1922 3117 Ordi-

543 3164 686 3233 nationis
715 3163 884 3251 consistit,
911 3161 1141 3257 pronuntiare:
1167 3182 1242 3231 nam
1270 3159 1409 3232 testibus
1445 3160 1518 3232 aliis
1551 3161 1704 3234 omnihus
1738 3159 1922 3250 autoribus,

543 3299 617 3348 eam
644 3275 805 3372 Episcopi
832 3281 1057 3373 pronuntiant,
1091 3299 1165 3348 cum
1193 3297 1309 3347 manus
1340 3279 1513 3372 imponunt
1546 3275 1741 3348 ordinando.
1794 3275 1921 3347 Verum

544 3395 705 3464 sententia
732 3392 809 3466 talis
837 3403 905 3481 est,
932 3393 1022 3488 quod
1047 3390 1312 3464 Archidicconus
1339 3393 1396 3485 qui
1418 3387 1469 3462 'ex
1495 3413 1634 3464 munere
1667 3390 1835 3464 ordinario
1862 3395 1921 3462 in-

542 3507 642 3581 choat
668 3512 838 3583 orationes
866 3530 1000 3598 omnes,
1028 3530 1115 3603 quae
1140 3530 1160 3579 a
1186 3503 1335 3604 pluribus
1363 3507 1524 3580 dicendae
1556 3517 1648 3598 sunt,
1680 3509 1788 3603 prima
1822 3508 1921 3578 etiarn

540 3627 637 3696 istius
664 3622 772 3695 verba
798 3627 950 3720 incipiat,
977 3633 1013 3695 ut
1047 3645 1121 3695 eam
1156 3621 1319 3720 Episcopi
1344 3625 1408 3696 rite
1440 3627 1662 3720 pronuntient.
1714 3621 1799 3694 ttun
1830 3619 1920 3718 Epi-

542 3761 666 3834 scopus
695 3743 846 3811 converti
869 3737 965 3832 juhet
992 3738 1135 3812 electum
1151 3739 1193 3810 ad
1214 3738 1385 3812 Orientem
1400 3749 1433 3812 et
1456 3738 1689 3812 Occidentem:
1717 3741 1921 3832 signansque

540 3853 663 3948 pollice
691 3864 791 3950 caput
817 3857 889 3947 ejus
916 3859 950 3926 in
976 3853 1111 3927 modum
1138 3857 1246 3927 crucis
1267 3854 1354 3928 dicit
1409 3855 1646 3926 Ordiaacimas
1664 3877 1768 3948 saper
1786 3853 1918 3925 Eccle-

539 3973 626 4039 siam
638 3970 711 4041 Dei
736 3978 906 4058 sanctam,
933 3971 978 4042 N.
992 3970 1319 4064 Archiepiscopam:
1343 3994 1447 4065 saper
1465 3971 1660 4043 Ecclesiam
1679 3970 1751 4041 Dei
1765 3975 1920 4042 sanctam

541 4108 629 4179 qaae
664 4092 715 4157 eet
747 4090 783 4157 ia
815 4110 939 4179 mapna
977 4084 1063 4157 urhe
1095 4085 1336 4158 Alexandria:
1367 4096 1504 4184 etpost
1536 4110 1665 4160 moram
1690 4087 1917 4182 interpositam

539 4203 585 4273 Ν.
612 4203 936 4297 Archiepiscopam,
964 4203 1211 4286 Patriarcham
1236 4225 1340 4296 saper
1372 4203 1566 4276 Ecclesiam
1591 4203 1662 4275 Dei
1693 4201 1918 4288 Catholicam,

540 4318 779 4409 Apostolicam
800 4320 1036 4412 praedictam,
1083 4321 1119 4390 io
1151 4318 1237 4390 arhe
1275 4319 1511 4407 Menandrico,
1546 4321 1703 4402 mamma
1738 4317 1917 4391 Orthodo-

539 4456 680 4505 aarum:
706 4438 742 4505 ia
768 4438 902 4506 nomiae
928 4435 1049 4506 Patria
1075 4441 1110 4506 et
1136 4433 1223 4506 Filii
1248 4442 1284 4507 et
1307 4434 1461 4529 Spiritus
1486 4438 1614 4524 sancti,
1641 4435 1760 4506 Antea.

643 4550 791 4623 Induitur
818 4550 938 4622 deinde
951 4572 1060 4624 novus
1073 4553 1224 4626 Antiates
1252 4549 1426 4643 stichario,
1454 4560 1488 4622 et
1514 4549 1588 4624 aliis
1604 4549 1767 4642 vestibus,
1795 4571 1917 4644 nempe

538 4663 665 4756 Pallio,
693 4676 727 4738 et
754 4665 882 4737 Ooaclo
910 4669 983 4740 sive
1016 4666 1156 4760 Casula,
1189 4666 1296 4740 seda
1326 4677 1442 4740 nostra
1469 4665 1596 4740 diversi
1621 4669 1776 4759 generis,
1808 4668 1916 4737 invo-

540 4789 700 4874 caturque
729 4804 830 4878 super
857 4805 933 4854 euru
958 4805 1082 4856 nomen
1107 4784 1217 4856 Patris
1244 4791 1278 4855 et
1302 4781 1378 4857 Filii
1414 4793 1448 4856 et
1482 4780 1625 4878 Spiritus
1661 4783 1777 4855 sancti.
1831 4779 1916 4852 'lum

540 4895 722 4967 ascendunt
747 4893 984 4993 adssthronum,
1011 4909 1111 4995 atquc
1125 4899 1290 4995 antiquior
1304 4897 1562 4994 Episcoporum,
1589 4908 1766 4993 antequam
1788 4917 1914 4968 ascen-

541 5010 613 5102 dat,
640 5009 729 5082 illum
756 5024 953 5107 veneratur,
980 5016 1014 5086 in
1041 5037 1084 5087 eo
1120 5014 1260 5088 electum
1293 5014 1452 5104 collocat,
1487 5024 1521 5087 et
1553 5019 1642 5086 circa
1676 5011 1765 5085 illurn
1797 5011 1917 5084 consi-
