4686 6060
668 623 744 696 390
1049 617 1651 698 onnnnnrnncfln

666 808 796 882 cobitas
822 806 1066 894 Antiochenos,
1092 829 1167 879 cum
1195 828 1348 878 manuum
1375 807 1619 902 impositionem
1645 827 1714 877 non
1739 807 1847 877 minus
1872 825 2041 878 necessa-

665 928 748 996 riam
772 923 981 1017 judicarent,
1017 922 1059 996 ad
1090 926 1266 1018 potestatis
1300 921 1488 1018 amplioris,
1523 945 1608 1018 quae
1640 919 1857 994 Patriarebali
1890 921 2042 1011 dignitati

666 1043 842 1132 conjuncta
869 1049 942 1126 est,
969 1039 1198 1126 collationem,
1226 1060 1323 1133 quam
1352 1036 1394 1108 ad
1418 1036 1623 1133 Episcopum
1649 1038 1890 1110 instituendum.
1945 1034 2042 1107 Unde

666 1158 765 1228 etiarn
793 1156 879 1253 apud
906 1163 1080 1250 utrosque,
1105 1176 1172 1227 non
1199 1157 1271 1225 siue
1294 1151 1451 1249 precibus
1477 1163 1510 1224 et
1530 1175 1683 1224 manuum
1701 1155 1926 1248 impositione,
1951 1149 2041 1247 Epi-

665 1293 789 1367 scopus
816 1271 860 1343 ad
886 1269 1086 1366 Metropolin
1114 1267 1385 1357 transferebatur,
1411 1268 1498 1341 band
1523 1271 1643 1340 minori
1660 1271 1753 1341 vitio.
1784 1265 1924 1356 Verum,
1952 1271 2041 1361 quia,

667 1399 702 1458 ut
729 1387 892 1476 diximus,
919 1391 1006 1459 inter
1032 1395 1081 1458 tot
1106 1388 1314 1478 ignorantiae
1342 1395 1375 1457 et
1401 1383 1582 1456 haereseos
1608 1382 1716 1472 mala,
1752 1381 1871 1478 quibus
1896 1379 2042 1454 lacebi-

666 1507 733 1576 tica
749 1501 904 1576 Ecclesia
920 1501 1150 1574 Alexandrina
1178 1498 1383 1574 conflictatur
1410 1499 1452 1573 ab
1481 1503 1575 1572 annis
1601 1499 1691 1571 mille
1718 1507 1751 1571 et
1778 1497 1930 1595 amplius,
1956 1497 2044 1571 band

668 1621 910 1694 sanctissimam
938 1616 1144 1713 disciplinam
1172 1615 1327 1712 Coptitae
1352 1621 1558 1690 retinuemnt
1588 1619 1830 1711 incorruptam,
1864 1625 1899 1686 ut
1934 1613 2042 1686 nullus

667 1756 729 1831 per
755 1733 1005 1809 translationem
1033 1731 1074 1805 ab
1103 1732 1168 1804 alia
1193 1731 1389 1828 Episcopali
1415 1731 1498 1805 sede
1532 1730 1572 1804 ad
1600 1730 1863 1802 Alexandrinam
1896 1751 2042 1826 promo-

667 1858 818 1939 veretur,
845 1849 969 1920 idcirco
995 1845 1210 1919 Patriarcbae
1238 1847 1486 1920 Ordinatiouem
1516 1856 1739 1918 servaverunt
1768 1846 1916 1938 legitime
1944 1843 2042 1918 cele-

667 1965 809 2056 bratam,
837 1962 943 2060 qualis
971 1985 1049 2037 esse
1078 1962 1263 2036 sacerdotis
1285 1960 1396 2052 debet,
1424 1964 1478 2057 qui
1503 1961 1545 2034 ad
1558 1961 1798 2059 Episcopatum
1816 1969 2043 2058 promovetur.

370 2108 463 2160 nomos
479 2106 655 2176 qutosrgnn-
773 2080 926 2153 LXXIV.
952 2079 1009 2152 Ex
1035 2101 1077 2151 ea
1104 2081 1204 2172 igitur
1229 2069 1309 2170 lege
1336 2076 1517 2150 si·electus
1545 2086 1762 2151 consecratus
1789 2087 1841 2150 est
1866 2079 1900 2147 in
1916 2078 2045 2148 Komos

347 2200 397 2243 cel.

671 2219 731 2270 seu
756 2194 1116 2292 Arobipresbyterum,
1142 2193 1218 2282 vel,
1247 2193 1335 2290 quod
1361 2193 1449 2266 idem
1478 2203 1548 2281 est,
1578 2193 1816 2288 Hcpameaana
1844 2173 1955 2266 statim
1981 2215 2045 2288 or-

670 2314 800 2386 dinatur
826 2335 922 2385 more
949 2312 1048 2385 solito
1076 2313 1109 2382 in
1134 2307 1348 2407 Episcopum.
1403 2311 1438 2381 lo
1472 2306 1656 2380 Pontifieali
1688 2315 1821 2380 notatim
1855 2317 2046 2403 praeterea,

670 2430 833 2520 electum,
861 2431 890 2501 si
918 2438 1017 2500 autea
1043 2426 1265 2499 Monostieam
1292 2427 1396 2497 vitam
1421 2422 1597 2522 professus
1623 2447 1691 2497 nou
1720 2423 1838 2512 suerit,
1872 2427 2046 2520 suscipere

668 2544 843 2633 Habitum,
887 2546 962 2616 sive
994 2541 1157 2630 Schema,
1199 2540 1287 2636 quod
1319 2541 1365 2612 illi
1398 2541 1597 2635 imponitur,
1630 2539 1726 2613 dictis
1762 2539 1859 2611 simul
1893 2537 2045 2612 omnibus

671 2658 894 2746 orationibus,
921 2681 1009 2752 quae
1036 2656 1078 2729 ad
1104 2656 1290 2729 iaciendum
1324 2654 1523 2728 Monachum
1556 2659 1769 2752 pronunciari
1800 2655 1919 2727 solent.
1972 2654 2047 2726 Nec

669 2781 703 2848 in
731 2776 893 2848 exteriori
920 2776 1133 2845 caeremonia
1166 2774 1370 2846 consistitur:
1406 2793 1482 2843 narn
1518 2771 1614 2844 simul
1647 2771 1862 2863 obstringitur
1893 2769 2045 2843 omuibus

670 2892 799 2981 officiis,
825 2891 1090 2986 praesertimque
1117 2887 1347 2976 abstinentiae,
1375 2895 1409 2958 et
1431 2889 1567 2981 jejuniis
1594 2891 1680 2960 inter
1703 2885 1890 2959 Monaebos
1917 2885 2046 2959 obser-

668 3009 768 3080 vatis.
821 3004 919 3078 Unde
944 3008 1031 3077 inter
1057 3007 1194 3077 crimina
1220 3004 1371 3077 Macaria
1398 3001 1554 3096 objecta,
1578 3003 1658 3076 illud
1690 3003 1768 3091 luit,
1804 2999 1893 3096 quod
1925 3024 2046 3074 carues

669 3127 701 3194 in
731 3119 826 3195 Ceba
851 3121 1068 3194 Patriarchali
1096 3121 1138 3194 ad
1164 3143 1313 3194 mensam
1341 3118 1553 3194 adhibuisset.
1593 3117 1645 3192 Ea
1670 3141 1774 3215 porro
1802 3118 1946 3210 dignitas
1970 3118 2047 3190 Ec-

577 3228 580 3238 ’
670 3241 796 3312 clasiae
823 3237 987 3334 Copticae
1011 3241 1148 3333 propria
1182 3247 1242 3308 est
1295 3236 1425 3307 Komoa
1456 3234 1631 3324 brebiae,
1665 3238 1728 3308 etsi
1760 3256 1835 3307 vox
1864 3238 2046 3328 peregrina

611 3351 615 3356 ’
672 3377 751 3428 esse
778 3351 944 3442 videatur,
970 3353 1075 3446 vulgo
1102 3355 1136 3424 iu
1164 3351 1346 3426 Glossariis
1366 3349 1703 3446 Coptica-Arabicis,
1731 3359 1797 3422 tam
1825 3348 1919 3422 oditis
1946 3373 2047 3445 mam

670 3471 753 3545 nss.
780 3467 964 3566 respondet
991 3469 1144 3543 Graecae
1168 3463 1414 3567 ‘Hpodpcevoes
1428 3465 1493 3538 boc
1520 3475 1572 3538 est
1597 3465 1719 3538 Abboa
1744 3487 1805 3537 seu
1831 3465 2047 3538 Arcbiman-

670 3588 773 3657 drita.
826 3585 910 3659 Sunt
936 3595 1047 3656 tamen
1073 3583 1260 3676 llegumeui
1293 3582 1431 3680 duplicis
1463 3583 1615 3675 generis:
1648 3602 1727 3654 nam
1758 3582 1805 3652 ita
1840 3582 2049 3678 appellantur

670 3700 865 3797 aliquando,
902 3703 1001 3772 etiam
1034 3710 1171 3772 servata
1203 3701 1237 3770 in
1263 3698 1414 3771 Arabico
1442 3718 1620 3786 sermone,
1654 3695 1787 3769 Graeca
1821 3718 1927 3788 voce,
1961 3697 2046 3772 Μο-

669 3821 891 3892 nasteriorum
909 3813 1072 3888 'Abbates
1099 3837 1160 3888 seu
1186 3812 1487 3903 Archimaudritae,
1513 3824 1548 3885 ut
1575 3837 1621 3885 ex
1638 3812 1786 3906 Liturgia
1815 3825 1850 3886 et
1875 3813 1949 3888 aliis
1970 3813 2047 3887 Ec-

670 3934 867 4006 clesiasticis
893 3930 987 4003 libris
1014 3941 1128 4027 patet:
1163 3939 1197 4002 et
1222 3934 1256 4002 in
1283 3929 1451 4026 Diptycbo
1484 3929 1694 4020 basilianae,
1727 3928 1784 4002 ubi
1815 3933 1977 4002 memoria
2011 3931 2048 4002 iit

669 4048 813 4144 Abbatis
840 4047 980 4119 Joanuis
1006 4045 1211 4140 Hegumeni‚
1238 4047 1272 4119 iu
1298 4044 1447 4119 Arabica
1473 4048 1631 4119 versione
1656 4045 1778 4137 legitur
1803 4031 1942 4118 nomo's.
1975 4045 2066 4126 Al-¹

669 4167 732 4237 teri
760 4173 833 4236 sunt
855 4160 1054 4259 Presbyteri
1081 4164 1136 4259 qui
1163 4162 1356 4255 dignitatem
1380 4160 1503 4234 habent
1521 4159 1730 4235 Sacerdotali
1757 4161 1932 4253 majorem,
1957 4160 2045 4258 Epi-

670 4278 800 4375 scopali
826 4281 1001 4367 minorem,
1029 4275 1115 4350 adeo
1142 4287 1178 4350 ut
1204 4275 1448 4372 quodammodo
1475 4275 1735 4374 chorepiscopis
1763 4275 1888 4350 similes
1913 4275 2048 4367 fuerint,

668 4405 702 4467 et
727 4394 872 4467 sortasse
898 4395 1029 4465 llomoc
1055 4416 1075 4464 a
1110 4414 1200 4466 voce
1234 4391 1367 4466 Graeca
1401 4391 1576 4466 deductum
1604 4402 1656 4466 est
1682 4389 1821 4490 Κώμη,
1857 4391 1900 4464 ad
1935 4393 2048 4485 sigui-

667 4510 833 4585 beandum
858 4511 1011 4582 vicorum
1039 4519 1072 4581 et
1096 4531 1263 4605 pagorum
1288 4519 1439 4606 rectores
1464 4507 1708 4606 Presbyteros3
1736 4519 1793 4582 aut
1819 4511 1919 4581 etiarn
1936 4529 2047 4603 paro-

668 4627 750 4702 cbos
764 4652 783 4716 ,¹
811 4635 847 4697 ut
883 4623 970 4720 apud
1000 4646 1064 4698 nos
1098 4624 1322 4722 appellantur:
1359 4647 1436 4697 uam
1470 4647 1517 4696 ex
1550 4645 1667 4698 eorum
1703 4624 1912 4701 ordinatione
1944 4632 2047 4719 patet,

670 4750 890 4816 consecratos
917 4740 1023 4813 luisse
1050 4740 1094 4824 ad
1121 4741 1226 4814 altare
1252 4740 1393 4834 alicujus
1419 4739 1511 4814 urbis
1538 4750 1595 4813 aut
1619 4739 1709 4831 loci,
1740 4750 1778 4812 ut
1803 4743 1837 4812 iu
1864 4761 1908 4812 eo
1934 4759 2047 4812 curam

667 4856 871 4954 pastoralem
899 4867 1111 4929 exercerent.
1163 4857 1213 4928 lta
1241 4867 1308 4928 tum
1334 4859 1410 4928 veri
1440 4857 1647 4949 Hegumeni‚
1681 4879 1743 4931 seu
1775 4853 1930 4930 Abbates
1962 4855 2047 4928 lilo-

667 4977 908 5062 nasteriomm,
937 4981 1003 5044 tum
1029 4971 1123 5044 titulo
1151 4971 1289 5065 alicujus
1317 4971 1493 5046 Ecclesiae
1519 4971 1641 5044 addicti
1667 4971 1892 5060 Sacerdotes,
1919 4981 1953 5045 et
1978 4969 2047 5042 bo-

667 5111 785 5164 norem
812 5089 1012 5162 Saocrdotio
1040 5088 1181 5184 simplici
1216 5092 1378 5182 majorem
1405 5087 1593 5179 habebant,
1626 5096 1659 5161 et
1686 5087 1952 5161 Ordinationem·
1971 5089 2046 5158 sin-
