4760 6038
646 628 694 700 10
1148 630 1507 708 LITURGIA

643 823 745 904 tunm,
772 816 826 909 qui
853 817 962 886 omnia
990 815 1107 888 dedisti
1134 817 1241 889 nobis.
1295 817 1437 890 Posside
1470 839 1554 909 nos,
1588 816 1682 891 Deus
1709 817 1869 892 Salvator
1894 832 2021 914 noster,

642 952 719 1000 nam
747 941 881 1026 praeter
909 942 941 1003 te
968 932 1064 1003 alium
1092 945 1158 1005 non
1186 935 1359 1026 novimuS,
1394 943 1428 1004 et
1460 955 1582 1005 nomen
1617 945 1707 1005 tuum
1738 945 1888 1008 sanctum
1915 941 2021 1011 invo-

643 1067 767 1117 camus.
821 1047 947 1118 Vivant
973 1051 1086 1145 itaque
1113 1053 1243 1120 animae
1276 1058 1413 1120 nostrae
1448 1071 1511 1145 per
1542 1047 1698 1144 Spiritum
1736 1061 1826 1123 tuum
1861 1064 2022 1146 sanctum,

641 1182 750 1256 neque
783 1185 874 1235 mors
911 1167 1041 1257 peccati
1076 1163 1262 1235 dominetur
1298 1185 1399 1260 super
1435 1186 1499 1238 nos
1534 1188 1657 1238 servos
1691 1176 1785 1257 tuoe,
1820 1191 1885 1240 nec
1920 1192 2022 1265 super

641 1299 774 1348 omnem
799 1279 957 1374 populum
987 1290 1084 1351 tuum.
1137 1280 1282 1352 Domine
1308 1283 1480 1354 miserere.

745 1395 819 1466 Pro
850 1396 1062 1466 Patriarcba
1088 1403 1123 1466 et
1150 1397 1342 1490 Episcopia.

744 1508 874 1584 Rursus
902 1534 1079 1605 precamur
1106 1521 1156 1602 te,
1189 1512 1333 1583 Domine
1360 1512 1581 1605 omnipotens,
1608 1509 1709 1582 Pater
1735 1513 1869 1586 Domini
1895 1513 1960 1586 Dei
1986 1526 2021 1588 et

640 1624 826 1699 Salvatoris
853 1630 959 1699 nostri
985 1627 1067 1699 Jesu
1086 1625 1220 1718 Christi,
1234 1648 1392 1720 rogamus
1410 1637 1444 1698 et
1469 1626 1686 1700 obsecramus
1713 1627 1895 1702 bonitatem
1916 1640 2019 1723 tuam,

643 1766 665 1814 o
692 1735 821 1814 amator
846 1741 1023 1814 bominum.
1563 1763 1569 1770 ·

743 1857 785 1928 st
810 1858 1023 1929 Potrimcba
1048 1861 1122 1952 ipre
1150 1859 1314 1946 celebret,
1343 1859 1435 1929 dicet
1459 1863 1573 1930 socias
1599 1857 1811 1929 Sacerdotis.

745 1972 936 2062 Memento,
962 1974 1126 2063 Domine,
1163 1974 1251 2046 beati
1277 1974 1386 2046 Patris
1412 1977 1535 2063 nostri,
1563 1985 1597 2046 et
1623 1975 1806 2046 venerandi
1833 1973 2018 2072 Arcbiepi-

642 2091 735 2185 scopi
763 2089 877 2184 Papae
903 2089 945 2161 N.
974 2093 1113 2184 ejusque
1140 2093 1173 2160 in
1200 2095 1382 2164 ministerio
1412 2089 1612 2188 Apostolico
1641 2094 1806 2163 consortis
1832 2095 2019 2166 venerandi

640 2204 748 2278 Patris
775 2204 936 2302 Episcopi
972 2205 1013 2276 N.
1043 2205 1173 2278 custodi
1207 2218 1242 2278 et
1269 2230 1437 2282 conserva
1467 2206 1565 2278 nobis
1599 2205 1673 2278 illos
1706 2210 1799 2278 annis
1833 2209 1959 2301 multis,
1986 2221 2021 2282 et

640 2320 822 2417 tranquillis
859 2321 1083 2416 temporibus,
1124 2333 1160 2393 ut
1195 2345 1300 2417 opere
1334 2323 1492 2417 impleant
1527 2332 1562 2393 et
1594 2319 1771 2416 ¹perficiant
1812 2327 2020 2398 sanctitatem

638 2434 879 2532 Episcopatus,
921 2458 1005 2529 quae
1041 2438 1122 2532 ipsis
1157 2461 1177 2508 a
1209 2447 1242 2508 te
1275 2439 1466 2510 concredita
1507 2447 1572 2527 est,
1600 2437 1780 2508 secundum
1816 2438 2019 2512 voluntatem

638 2562 728 2622 tuam
756 2561 906 2622 sanctam
934 2561 966 2622 et
993 2549 1141 2623 beatam:
1168 2551 1376 2649 verbumque
1402 2557 1554 2625 veritatis
1580 2563 1674 2623 recte
1703 2552 1913 2646 dispensent,
1939 2555 2019 2650 ple-

637 2665 715 2738 bem
744 2678 831 2738 tuam
858 2690 932 2738 cum
959 2671 1134 2740 sanctitate
1168 2681 1202 2740 et
1229 2672 1353 2760 Justitia
1381 2679 1516 2760 regant,
1544 2666 1639 2740 simul
1667 2690 1740 2737 cum
1766 2667 1903 2762 reliquis
1929 2667 2018 2764 Epi-

639 2787 752 2879 scopis
780 2783 1003 2874 Orthodoxis,
1039 2785 1266 2879 Hegumenis,
1306 2783 1539 2879 PresbyteriS,
1580 2792 1613 2854 et
1647 2783 1829 2872 Diaconis,
1864 2789 2019 2881 omnique

637 2879 840 2996 plenitudine
874 2904 992 2972 unicae
1026 2911 1120 2998 tuae,
1155 2905 1272 2992 unius,
1315 2911 1472 2990 sanctae,
1509 2898 1701 2972 Catholicae
1734 2910 1768 2970 et
1800 2899 2018 2994 Apostolicae

637 3016 824 3089 Ecclesiae.
878 3017 931 3088 Da
959 3017 1056 3091 nobis
1085 3027 1118 3089 et
1144 3022 1225 3115 ipsis
1243 3015 1371 3114 ¹pacem
1399 3027 1432 3088 et
1459 3016 1598 3088 salutem
1626 3018 1661 3085 in
1688 3017 1777 3086 omni
1803 3015 1900 3107 loco,
1931 3039 2017 3112 pre-

638 3155 764 3226 cesque
792 3154 920 3222 omnes,
948 3156 1032 3226 quas
1059 3131 1195 3205 fundunt
1229 3157 1292 3230 pro
1323 3133 1422 3208 nobis
1459 3143 1493 3203 et
1529 3135 1618 3203 omni
1652 3129 1777 3227 populo
1804 3142 1879 3223 tuo,
1915 3132 1958 3203 ad
1984 3143 2017 3204 te

638 3251 786 3343 suscipe,
813 3258 849 3319 ut
876 3252 974 3319 etiam
1003 3271 1063 3323 eas
1091 3272 1177 3343 quae
1205 3273 1225 3320 a
1252 3249 1350 3324 nobis
1377 3271 1440 3344 pro
1467 3251 1549 3343 ipsis
1576 3249 1664 3318 liunt.

742 3365 810 3434 Hic
845 3363 1021 3446 Sacerdos
1054 3365 1157 3436 semel
1189 3366 1306 3437 adolet
1338 3369 1527 3450 incensam,
1563 3365 1679 3434 dicens
1713 3386 1757 3432 ea
1791 3385 1878 3455 quoe
1913 3388 2018 3456 capro

637 3479 819 3550 declarata
844 3486 938 3551 eant:
968 3483 1058 3573 qaod
1082 3485 1114 3553 ri
1138 3487 1268 3553 sociam
1293 3481 1518 3554 Sacerdotem
1543 3478 1718 3564 babuerit,
1747 3479 1784 3548 id
1811 3481 1917 3571 ipsias
1942 3484 2017 3552 aiae

633 3597 754 3690 saciet.

740 3710 851 3806 Super
877 3710 983 3783 altare
1011 3721 1100 3783 tuum
1127 3724 1289 3803 sanctum,
1318 3709 1500 3809 spirituale,
1527 3708 1696 3798 coeleste,
1723 3718 1759 3780 ut
1786 3712 1886 3781 etiam
1912 3707 2016 3781 tburis

639 3827 871 3899 odoramenta:
905 3830 1084 3900 universos
1118 3851 1234 3900 eorum
1267 3828 1381 3900 bostes
1414 3824 1565 3898 visibiles
1594 3833 1629 3896 et
1647 3824 1851 3912 invisibiles,
1879 3835 2016 3896 contere

635 3953 670 4013 et
697 3942 844 4038 deprime
873 3941 933 4014 sub
961 3947 1116 4035 vestigiis
1144 3967 1259 4017 eorum
1286 3943 1466 4017 velociter:
1500 3962 1561 4013 eos
1589 3949 1698 4010 autem
1724 3945 1757 4010 in
1784 3963 1870 4035 pace
1897 3949 1931 4012 et
1952 3944 2015 4033 ju-

635 4062 723 4132 stitia
751 4058 879 4131 custodi
906 4061 939 4129 in
965 4057 1119 4130 Ecclesia
1147 4069 1203 4132 tua
1230 4072 1356 4134 sancta.
1409 4056 1554 4129 Domine
1581 4059 1751 4127 miserere.

1136 4317 1210 4388 Pro
1239 4326 1516 4415 congregatione.

738 4521 859 4593 Iterum
897 4523 999 4593 etiam
1026 4542 1160 4593 oramus
1195 4531 1249 4612 te,
1276 4520 1370 4594 Deus
1397 4524 1625 4616 omnipotens,
1659 4528 1755 4614 pater
1789 4517 1924 4591 Domini
1950 4517 2014 4588 Dei

635 4647 669 4709 et
695 4635 884 4712 Salvatoris
916 4639 1022 4710 nostri
1053 4637 1136 4711 Jesu
1163 4636 1304 4725 Christi,
1339 4639 1482 4733 petimus
1515 4644 1549 4707 et
1583 4633 1799 4708 obsecramus
1833 4632 2015 4706 bonitatem

634 4765 736 4844 tuam,
764 4775 784 4824 o
814 4762 943 4824 ornator
970 4752 1152 4826 bominum:
1180 4753 1351 4826 Memento
1378 4753 1522 4825 Domine
1549 4753 1849 4856 congregationum
1875 4759 2015 4822 nostra-

634 4890 707 4939 rum
726 4878 759 4938 et
773 4866 916 4940 benedic
932 4866 1006 4942 illis.
1045 4870 1146 4940 Dant
1161 4873 1226 4942 sint
1241 4866 1339 4941 nobis
1368 4866 1496 4963 absque
1510 4866 1697 4940 turbatione
1713 4877 1747 4938 et
1767 4865 2015 4963 impedimento,

634 4994 670 5053 ut
697 5005 757 5055 eas
795 4981 1004 5057 celebremus
1040 4984 1221 5057 secundnm
1253 4985 1459 5056 voluntatem
1494 4991 1582 5056 tuam
1619 4993 1768 5056 sanctam
1804 4991 1839 5054 et
1870 4982 2014 5068 beatam,

636 5097 754 5172 domos
782 5101 956 5190 orationis,
984 5101 1101 5174 domos
1120 5099 1375 5192 benedictionis,
1403 5100 1521 5174 domos
1541 5102 1740 5174 sanctitatis:
1769 5097 1919 5172 concede
1944 5118 2015 5168 no-
