4736 6064
771 543 848 618 448
1060 545 1062 550 ’
1159 540 1313 619 RITUS
1353 538 1748 620 contuitionis

770 735 894 803 nomini
921 742 977 803 tuo
1004 741 1038 802 et
1063 730 1159 804 altari
1184 739 1251 801 tuo.
1304 729 1427 802 Pascat
1452 731 1551 801 etiam
1577 729 1735 825 populum
1761 739 1850 806 tuum
1879 734 1911 802 in
1937 732 2080 826 puritate
2106 741 2141 803 et

771 851 957 938 sanctitate,
984 859 1017 920 et
1044 853 1267 941 consequntur
1292 854 1420 940 partem
1446 849 1480 916 in
1507 854 1597 917 sorte
1626 854 1833 937 sanctorum,
1859 868 1920 943 per
1945 849 2137 920 miseratio-

770 985 831 1036 nes
858 967 1018 1056 unigeniti
1044 964 1119 1035 Filii
1144 964 1191 1032 tui
1217 961 1299 1034 Jesu
1327 958 1449 1034 Christi
1474 962 1607 1033 Domini
1632 964 1740 1035 nostri
1765 986 1827 1058 per
1855 985 1969 1057 quem,
1998 972 2061 1034 etc.

824 1080 899 1151 Pax
925 1078 1087 1152 omnibus.

824 1196 1110 1266 Archidioeonno.
1137 1193 1293 1265 Dicamus
1316 1213 1445 1281 omneS,
1524 1191 1693 1288 Eiirwpcv
1714 1193 1859 1285 πάντες,
1882 1193 2043 1291 δεόμεθά
2060 1221 2154 1287 σου,,

774 1309 917 1384 Oramus
945 1320 978 1382 te
991 1311 1134 1383 Domino
1149 1313 1319 1381 miserere.
1353 1308 1438 1380 Ste-
1476 1303 1577 1408 κύριε
1614 1315 1766 1408 ἐλέησον.
1825 1318 1980 1408 Enopa
2010 1318 2140 1397 καλῶς·

772 1451 846 1500 mus
884 1425 1052 1498 decenter.
1103 1424 1235 1496 Stemus
1275 1447 1349 1496 curn
1390 1427 1437 1494 ti-
1477 1430 1619 1520 στῶμεν
1641 1426 1731 1523 puzol
1749 1425 1888 1528 φόβου·
1912 1436 2057 1523 στῶμεν
2080 1426 2140 1503 εὐ-

775 1566 879 1615 more.
915 1542 1047 1614 Stemus
1064 1550 1270 1612 reverenter.
1306 1540 1438 1614 Stemus
1476 1543 1616 1636 λαβαῖς·
1634 1547 1777 1636 στῶμεν
1798 1540 1888 1636 μετὰ
1912 1542 2056 1643 φόβου,
2082 1543 2141 1620 nai

761 1673 848 1731 ‘cum
863 1663 981 1732 timore
1001 1669 1035 1730 et
1062 1667 1208 1730 tremore
1235 1667 1268 1730 et
1296 1656 1438 1747 silentio,
1476 1653 1635 1754 τρόμου,
1656 1657 1717 1732 καὶ
1742 1657 1909 1754 ἡσυχίας,
1935 1659 2064 1744 πάντες
2080 1658 2140 1734 εὐ-

773 1799 955 1871 omnesque
983 1797 1126 1848 oremus.
1479 1770 1642 1868 ξώμεθα.

710 1897 715 1912 ’
825 1895 899 1966 Pax
927 1891 1088 1964 omnibns.
1523 1887 1657 1988 Εἰρήνη
1675 1899 1795 1966 πᾶσιν.

825 2009 1088 2102 Congregamini
1127 2011 1227 2101 igitur
1252 2006 1436 2103 Episcopi3
1519 2003 1742 2084 Συνάξασθε
1772 2004 1839 2084 οὖν
1878 2009 1912 2083 oi
1944 2009 2140 2085 ἐπίσκοποι·

772 2126 943 2198 extendite
969 2147 1084 2197 manus
1111 2133 1256 2198 vestras.
1478 2123 1650 2198 ἕκτείνατε
1665 2122 1728 2208 τὰς
1742 2136 1871 2225 χεῖρας

771 2245 938 2336 Episcopi
964 2241 1150 2312 extendant
1175 2263 1293 2311 meiius
1318 2263 1398 2312 anco
1432 2243 1468 2310 in
1503 2240 1624 2311 altem:
1659 2248 1694 2312 et
1725 2243 1849 2337 aliquis
1880 2265 1997 2315 eoram
2031 2247 2139 2336 tonpit

824 2360 979 2430 humeros
1012 2357 1145 2446 Diocli,
1179 2357 1257 2426 hinc
1291 2361 1326 2426 et
1357 2356 1444 2426 inde.
1511 2356 1591 2426 Tum
1622 2362 1740 2430 senior
1773 2361 1965 2454 Episcopus
1999 2365 2141 2453 imponit

821 2497 953 2546 manum
978 2497 1073 2544 somn
1099 2473 1278 2544 declarem
1303 2495 1406 2565 stipor
1439 2480 1541 2564 capnt
1567 2473 1700 2563 Electi,
1736 2482 1770 2547 et
1804 2478 1889 2546 dicit
1919 2475 2009 2548 hono
2044 2478 2139 2548 Ora-

765 2674 775 2687 ·
823 2596 948 2663 tionem
974 2589 1211 2660 ordinationis.

873 2710 1016 2782 Domine
1044 2705 1229 2778 dominator
1255 2706 1348 2778 Deus
1376 2708 1601 2801 omnipotens
1630 2709 1730 2780 Pater
1755 2709 2068 2798 misericordiarum,
2106 2719 2140 2781 et

769 2826 861 2898 Deus
894 2827 993 2898 totius
1026 2821 1284 2911 consolationis,
1316 2821 1417 2893 Pater
1449 2824 1600 2914 Domini,
1631 2826 1715 2913 Dei,
1756 2825 1943 2898 Salvatoris
1978 2835 2012 2898 et
2046 2827 2138 2917 reg'm

769 2952 918 3014 nostrum
945 2942 1086 3012 omniurn
1119 2935 1201 3008 Jesu
1233 2935 1369 3009 Christi:
1405 2942 1476 3032 quia
1493 2943 1622 3012 creavit
1654 2943 1763 3012 ornnia
1796 2963 1858 3038 per
1889 2945 2070 3038 potentiam
2105 2952 2139 3014 et

770 3060 963 3153 sapientiam
991 3077 1100 3128 suam:
1129 3056 1249 3150 quique
1275 3052 1415 3125 consilio
1443 3077 1504 3126 suo
1532 3055 1690 3128 stabilivit
1716 3055 1926 3129 fundamenta
1951 3057 2056 3147 orbis,
2085 3059 2139 3152 qui

768 3179 863 3247 novit
889 3176 997 3246 omnia
1026 3181 1200 3265 anteqrram
1226 3167 1351 3241 tierent.
1402 3168 1466 3254 Qui
1492 3177 1626 3244 ornavit
1652 3195 1813 3245 coronam
1840 3196 1955 3245 eorum
1982 3196 2069 3270 qnae
2095 3171 2137 3244 ab

768 3294 841 3388 ipso
869 3289 1074 3363 factasunt:
1104 3291 1159 3383 qui
1186 3287 1317 3358 immisit
1344 3287 1493 3358 timorem
1522 3291 1572 3360 sui
1600 3292 1761 3362 creaturis
1789 3288 1959 3377 omnibus,
1987 3301 2022 3361 nt
2049 3288 2137 3360 ado-

769 3419 882 3480 rarent
908 3407 1050 3499 gloriam
1076 3405 1246 3500 potentiae
1273 3423 1373 3474 suae:
1402 3405 1457 3496 qni
1485 3402 1574 3475 dedit
1598 3402 1696 3478 nobis
1723 3406 1925 3478 intellectum
1944 3415 1979 3477 ut
2001 3425 2137 3497 cogno·

768 3545 939 3599 sceremus
974 3524 1131 3618 Spiritum
1162 3519 1319 3591 bonitatis
1355 3521 1442 3610 ejus:
1481 3523 1536 3613 qui
1569 3523 1737 3594 constituit
1766 3521 1939 3594 Ecclesins
1976 3523 2137 3612 unigeniti

769 3643 837 3729 sui,
863 3650 899 3712 ut
924 3641 1074 3712 lucerent
1100 3635 1279 3732 splendore
1305 3634 1532 3707 inenarrabili:
1570 3639 1625 3730 qui
1656 3635 1759 3730 elegit
1785 3637 1955 3710 Abrabam
1984 3636 2136 3708 dilectum

769 3781 862 3830 suum
890 3757 933 3829 ad
958 3753 1193 3828 haereditatem
1220 3751 1297 3824 tldei
1324 3771 1424 3838 sune,
1452 3761 1485 3822 et
1510 3749 1628 3823 Enoch
1660 3764 1810 3826 sanctum
1844 3776 1937 3826 suum
1973 3751 2137 3825 transtulit

766 3877 799 3944 in
826 3873 1000 3945 thesauros
1025 3869 1128 3960 lucis,
1156 3872 1231 3964 quia
1257 3867 1303 3939 illi
1329 3876 1445 3958 gratus
1471 3865 1547 3939 fuit:
1582 3871 1636 3962 qui
1663 3868 1751 3942 dedit
1777 3868 1891 3966 lloysi
1924 3869 2135 3941 humilitatem

662 4025 671 4041 ν
767 4001 801 4061 et
818 3991 947 4065 Aaroni
965 3986 1204 4084 perfectionem
1218 3982 1419 4057 Sacerdotii:
1447 3987 1502 4078 qui
1520 3989 1695 4079 antiquitus
1721 3990 1817 4059 unxit
1842 4008 1956 4080 reges,
1983 3995 2018 4056 et
2036 3963 2133 4081 prinl-

768 4109 860 4202 cipes
894 4105 936 4176 ad
964 4102 1176 4197 judicandum
1210 4105 1244 4172 in
1277 4104 1442 4196 aequitate
1477 4101 1633 4196 populum
1665 4125 1774 4175 suum:
1812 4105 1866 4198 qui
1904 4124 1971 4174 non
2003 4101 2134 4196 reliquit

767 4222 872 4295 altore
888 4244 980 4294 suum
998 4228 1146 4292 sanctum
1167 4217 1254 4313 quod
1274 4220 1309 4288 in
1326 4215 1431 4289 coelis
1448 4225 1511 4305 est,
1535 4216 1662 4312 absque
1683 4222 1839 4293 ministris
1859 4241 1879 4290 a
1900 4220 2132 4291 constitutione

766 4339 886 4411 mundi.
913 4335 1044 4408 Deinde
1057 4344 1136 4431 post
1155 4335 1421 4406 constitutionem
1434 4331 1556 4421 mundi,
1571 4335 1735 4406 instituisti
1752 4337 1969 4408 ministerium
1986 4345 2078 4406 tuum
2100 4335 2132 4402 in
2188 4407 2192 4416 ,

766 4455 941 4542 Bedesis,
954 4461 989 4524 ut
1001 4451 1216 4547 perficeretur
1230 4461 1293 4547 per
1306 4448 1509 4522 Sacerdotes
1525 4460 1557 4521 et
1572 4450 1711 4524 Levites
1728 4456 1782 4547 qui
1796 4463 1897 4547 typus
1915 4460 2030 4523 essent
2046 4471 2131 4520 coe-

766 4571 897 4645 lestium
919 4572 1157 4658 ministrorum,
1184 4589 1323 4661 quorum
1344 4569 1559 4638 ministerium
1580 4571 1777 4640 conveniret
1795 4590 1870 4639 cum
1895 4589 2010 4639 eorum
2031 4567 2131 4636 mini-

768 4691 880 4776 sterio,
901 4690 1007 4781 quiin
1026 4694 1115 4756 terra
1132 4691 1217 4772 sunt,
1240 4683 1478 4777 laudarentque
1499 4690 1532 4752 et
1550 4681 1785 4755 benedicerent
1805 4705 1927 4755 nomen
1945 4695 2034 4756 tuum
2048 4703 2130 4754 sau-

768 4816 854 4879 etum
869 4806 962 4876 Deus
980 4823 1063 4874 vere
1084 4810 1117 4874 et
1133 4802 1241 4889 unice,
1261 4823 1334 4872 curn
1356 4800 1527 4891 unigenito
1547 4799 1633 4872 Filio
1648 4809 1704 4872 tuo
1723 4811 1758 4872 et
1774 4799 1897 4895 Spiritu
1915 4807 2049 4872 sancto:
2072 4816 2131 4892 per

768 4945 864 5019 quem
890 4940 1064 5016 precamur
1090 4925 1125 4989 et
1149 4938 1308 5008 rogamus
1333 4917 1512 4991 bonitatem
1540 4926 1650 5008 mam,
1682 4939 1743 5014 pro
1776 4914 1841 4988 hoc
1872 4936 1975 4990 servo
2007 4923 2064 4986 tuo
2089 4909 2129 4982 N.

768 5062 866 5136 quem
892 5034 1103 5130 glorificasti,
1130 5032 1331 5126 designasti,
1358 5043 1392 5105 et
1417 5030 1550 5124 elegisti
1574 5031 1646 5125 tibi,
1672 5043 1709 5107 ut
1735 5043 1826 5108 esset
1851 5030 2006 5105 Pontifex
2032 5047 2130 5124 super
