<?xml version="1.0" encoding="UTF-8"?>
<!DOCTYPE html PUBLIC "-//W3C//DTD XHTML 1.0 Transitional//EN"
    "http://www.w3.org/TR/xhtml1/DTD/xhtml1-transitional.dtd">
<html xmlns="http://www.w3.org/1999/xhtml" xml:lang="en" lang="en">
 <head>
  <title>
</title>
<meta http-equiv="Content-Type" content="text/html;charset=utf-8" />
  <meta name='ocr-system' content='tesseract 3.04.00' />
  <meta name='ocr-capabilities' content='ocr_page ocr_carea ocr_par ocr_line ocrx_word'/>
</head>
<body>
  <div class='ocr_page' id='page_1' title='image "./liturgiarumorie03renagoog_0194.png"; bbox 0 0 4760 6038; ppageno 0'>
   <div class='ocr_carea' id='block_1_1' title="bbox 585 729 1733 816">
    <p class='ocr_par' dir='ltr' id='par_1_1' title="bbox 585 729 1733 816">
     <span class='ocr_line' id='line_1_1' title="bbox 585 729 1733 816; baseline 0.01 -12"><span class='ocrx_word' id='word_1_1' title='bbox 585 735 587 744; x_wconf 61' lang='lat'><strong><em>⁴</em></strong></span> <span class='ocrx_word' id='word_1_2' title='bbox 699 729 1386 813; x_wconf 80' lang='lat' dir='ltr'>SANCTIGREGORII.</span> <span class='ocrx_word' id='word_1_3' title='bbox 1682 729 1733 816; x_wconf 84' lang='lat'>35</span> 
     </span>
    </p>
   </div>
   <div class='ocr_carea' id='block_1_2' title="bbox 354 915 1733 1124">
    <p class='ocr_par' dir='ltr' id='par_1_2' title="bbox 354 915 1733 1124">
     <span class='ocr_line' id='line_1_2' title="bbox 354 915 1733 1016; baseline 0.012 -28"><span class='ocrx_word' id='word_1_4' title='bbox 354 938 428 988; x_wconf 89' lang='lat' dir='ltr'>mus</span> <span class='ocrx_word' id='word_1_5' title='bbox 443 918 605 989; x_wconf 86' lang='lat' dir='ltr'>invocare</span> <span class='ocrx_word' id='word_1_6' title='bbox 619 915 729 988; x_wconf 91' lang='lat' dir='ltr'>Deum</span> <span class='ocrx_word' id='word_1_7' title='bbox 754 915 888 990; x_wconf 87' lang='lat' dir='ltr'>Patrem</span> <span class='ocrx_word' id='word_1_8' title='bbox 910 926 998 990; x_wconf 89' lang='lat' dir='ltr'>tuum</span> <span class='ocrx_word' id='word_1_9' title='bbox 1018 927 1168 993; x_wconf 88' lang='lat' dir='ltr'>sanetum</span> <span class='ocrx_word' id='word_1_10' title='bbox 1189 923 1247 1016; x_wconf 84' lang='lat' dir='ltr'>qni</span> <span class='ocrx_word' id='word_1_11' title='bbox 1267 931 1320 994; x_wconf 90' lang='lat' dir='ltr'>est</span> <span class='ocrx_word' id='word_1_12' title='bbox 1340 923 1374 994; x_wconf 93' lang='lat' dir='ltr'>in</span> <span class='ocrx_word' id='word_1_13' title='bbox 1396 921 1501 1000; x_wconf 86' lang='lat' dir='ltr'>coelis</span> <span class='ocrx_word' id='word_1_14' title='bbox 1520 936 1556 998; x_wconf 91' lang='lat' dir='ltr'>et</span> <span class='ocrx_word' id='word_1_15' title='bbox 1574 926 1733 1004; x_wconf 86' lang='lat' dir='ltr'>dicamus.</span> 
     </span>
     <span class='ocr_line' id='line_1_3' title="bbox 354 1031 699 1124; baseline 0.003 -22"><span class='ocrx_word' id='word_1_16' title='bbox 354 1031 455 1104; x_wconf 86' lang='lat' dir='ltr'>Pater</span> <span class='ocrx_word' id='word_1_17' title='bbox 479 1042 607 1124; x_wconf 88' lang='lat' dir='ltr'>noster,</span> <span class='ocrx_word' id='word_1_18' title='bbox 634 1041 699 1103; x_wconf 70' lang='lat' dir='ltr'>etc,</span> 
     </span>
    </p>
   </div>
   <div class='ocr_carea' id='block_1_3' title="bbox 780 1291 1296 1412">
    <p class='ocr_par' dir='ltr' id='par_1_3' title="bbox 780 1291 1296 1412">
     <span class='ocr_line' id='line_1_4' title="bbox 780 1291 1296 1412; baseline 0.002 -51"><span class='ocrx_word' id='word_1_19' title='bbox 780 1291 901 1363; x_wconf 86' lang='lat' dir='ltr'>Oratio</span> <span class='ocrx_word' id='word_1_20' title='bbox 927 1295 1007 1384; x_wconf 86' lang='lat' dir='ltr'>post</span> <span class='ocrx_word' id='word_1_21' title='bbox 1032 1291 1143 1364; x_wconf 88' lang='lat' dir='ltr'>Pater</span> <span class='ocrx_word' id='word_1_22' title='bbox 1168 1297 1296 1412; x_wconf 73' lang='lat' dir='ltr'>aesta.</span> 
     </span>
    </p>
   </div>
   <div class='ocr_carea' id='block_1_4' title="bbox 352 1494 1731 2286">
    <p class='ocr_par' dir='ltr' id='par_1_4' title="bbox 352 1494 1731 2051">
     <span class='ocr_line' id='line_1_5' title="bbox 455 1494 1731 1595; baseline 0.006 -28"><span class='ocrx_word' id='word_1_23' title='bbox 455 1496 590 1588; x_wconf 86' lang='lat' dir='ltr'>Etiam,</span> <span class='ocrx_word' id='word_1_24' title='bbox 616 1495 781 1586; x_wconf 89' lang='lat' dir='ltr'>Domine,</span> <span class='ocrx_word' id='word_1_25' title='bbox 809 1498 864 1591; x_wconf 90' lang='lat' dir='ltr'>qui</span> <span class='ocrx_word' id='word_1_26' title='bbox 891 1495 1009 1568; x_wconf 90' lang='lat' dir='ltr'>dedisti</span> <span class='ocrx_word' id='word_1_27' title='bbox 1035 1494 1133 1570; x_wconf 89' lang='lat' dir='ltr'>nohis</span> <span class='ocrx_word' id='word_1_28' title='bbox 1159 1505 1360 1593; x_wconf 87' lang='lat' dir='ltr'>potestatem</span> <span class='ocrx_word' id='word_1_29' title='bbox 1383 1498 1534 1570; x_wconf 83' lang='lat' dir='ltr'>calcandi</span> <span class='ocrx_word' id='word_1_30' title='bbox 1555 1510 1731 1595; x_wconf 79' lang='lat' dir='ltr'>serpentes</span> 
     </span>
     <span class='ocr_line' id='line_1_6' title="bbox 355 1615 1729 1709; baseline 0.005 -25"><span class='ocrx_word' id='word_1_31' title='bbox 355 1625 390 1685; x_wconf 90' lang='lat' dir='ltr'>et</span> <span class='ocrx_word' id='word_1_32' title='bbox 416 1615 640 1709; x_wconf 69' lang='lat' dir='ltr'>scorpionem,</span> <span class='ocrx_word' id='word_1_33' title='bbox 668 1622 702 1684; x_wconf 92' lang='lat' dir='ltr'>ct</span> <span class='ocrx_word' id='word_1_34' title='bbox 728 1633 861 1686; x_wconf 90' lang='lat' dir='ltr'>omnem</span> <span class='ocrx_word' id='word_1_35' title='bbox 885 1615 1040 1684; x_wconf 87' lang='lat' dir='ltr'>virtutem</span> <span class='ocrx_word' id='word_1_36' title='bbox 1067 1615 1207 1702; x_wconf 90' lang='lat' dir='ltr'>inimici,</span> <span class='ocrx_word' id='word_1_37' title='bbox 1242 1623 1380 1686; x_wconf 91' lang='lat' dir='ltr'>contere</span> <span class='ocrx_word' id='word_1_38' title='bbox 1416 1617 1527 1708; x_wconf 90' lang='lat' dir='ltr'>capita</span> <span class='ocrx_word' id='word_1_39' title='bbox 1560 1618 1633 1707; x_wconf 88' lang='lat' dir='ltr'>ejus</span> <span class='ocrx_word' id='word_1_40' title='bbox 1668 1617 1729 1690; x_wconf 90' lang='lat' dir='ltr'>suh</span> 
     </span>
     <span class='ocr_line' id='line_1_7' title="bbox 352 1726 1730 1825; baseline 0.004 -25"><span class='ocrx_word' id='word_1_41' title='bbox 352 1729 493 1825; x_wconf 90' lang='lat' dir='ltr'>pedihus</span> <span class='ocrx_word' id='word_1_42' title='bbox 518 1733 644 1803; x_wconf 90' lang='lat' dir='ltr'>nostris</span> <span class='ocrx_word' id='word_1_43' title='bbox 669 1727 852 1818; x_wconf 88' lang='lat' dir='ltr'>velociter,</span> <span class='ocrx_word' id='word_1_44' title='bbox 879 1738 914 1800; x_wconf 90' lang='lat' dir='ltr'>et</span> <span class='ocrx_word' id='word_1_45' title='bbox 938 1728 1066 1823; x_wconf 84' lang='lat' dir='ltr'>repelle</span> <span class='ocrx_word' id='word_1_46' title='bbox 1093 1751 1112 1800; x_wconf 87' lang='lat' dir='ltr'>a</span> <span class='ocrx_word' id='word_1_47' title='bbox 1138 1726 1233 1802; x_wconf 90' lang='lat' dir='ltr'>nohis</span> <span class='ocrx_word' id='word_1_48' title='bbox 1262 1749 1379 1802; x_wconf 88' lang='lat' dir='ltr'>omnes</span> <span class='ocrx_word' id='word_1_49' title='bbox 1407 1731 1480 1821; x_wconf 89' lang='lat' dir='ltr'>ejus</span> <span class='ocrx_word' id='word_1_50' title='bbox 1507 1732 1730 1822; x_wconf 86' lang='lat' dir='ltr'>cogitationes</span> 
     </span>
     <span class='ocr_line' id='line_1_8' title="bbox 353 1840 1731 1936; baseline 0.004 -21"><span class='ocrx_word' id='word_1_51' title='bbox 353 1843 479 1936; x_wconf 84' lang='lat' dir='ltr'>malas,</span> <span class='ocrx_word' id='word_1_52' title='bbox 510 1846 695 1918; x_wconf 87' lang='lat' dir='ltr'>contrarias</span> <span class='ocrx_word' id='word_1_53' title='bbox 725 1842 842 1916; x_wconf 91' lang='lat' dir='ltr'>nohis:</span> <span class='ocrx_word' id='word_1_54' title='bbox 877 1852 912 1916; x_wconf 86' lang='lat' dir='ltr'>tu</span> <span class='ocrx_word' id='word_1_55' title='bbox 939 1865 978 1916; x_wconf 87' lang='lat' dir='ltr'>es</span> <span class='ocrx_word' id='word_1_56' title='bbox 1005 1847 1092 1914; x_wconf 88' lang='lat' dir='ltr'>enirn</span> <span class='ocrx_word' id='word_1_57' title='bbox 1118 1840 1198 1914; x_wconf 86' lang='lat' dir='ltr'>Rex</span> <span class='ocrx_word' id='word_1_58' title='bbox 1224 1847 1370 1916; x_wconf 89' lang='lat' dir='ltr'>omniurn</span> <span class='ocrx_word' id='word_1_59' title='bbox 1395 1853 1566 1935; x_wconf 86' lang='lat' dir='ltr'>nostrum,</span> <span class='ocrx_word' id='word_1_60' title='bbox 1599 1844 1731 1922; x_wconf 89' lang='lat' dir='ltr'>Christe</span> 
     </span>
     <span class='ocr_line' id='line_1_9' title="bbox 353 1957 1322 2051; baseline 0 -21"><span class='ocrx_word' id='word_1_61' title='bbox 353 1957 448 2031; x_wconf 88' lang='lat' dir='ltr'>Deus</span> <span class='ocrx_word' id='word_1_62' title='bbox 473 1969 607 2032; x_wconf 90' lang='lat' dir='ltr'>noster:</span> <span class='ocrx_word' id='word_1_63' title='bbox 636 1969 670 2032; x_wconf 90' lang='lat' dir='ltr'>et</span> <span class='ocrx_word' id='word_1_64' title='bbox 695 1969 730 2031; x_wconf 90' lang='lat' dir='ltr'>tu</span> <span class='ocrx_word' id='word_1_65' title='bbox 756 1983 794 2035; x_wconf 92' lang='lat' dir='ltr'>es</span> <span class='ocrx_word' id='word_1_66' title='bbox 822 1961 875 2029; x_wconf 88' lang='lat' dir='ltr'>cui</span> <span class='ocrx_word' id='word_1_67' title='bbox 899 1961 1056 2031; x_wconf 81' lang='lat' dir='ltr'><strong>mittimus</strong></span> <span class='ocrx_word' id='word_1_68' title='bbox 1081 1958 1231 2051; x_wconf 88' lang='lat' dir='ltr'>landem,</span> <span class='ocrx_word' id='word_1_69' title='bbox 1258 1968 1322 2031; x_wconf 90' lang='lat' dir='ltr'>etc.</span> 
     </span>
    </p>

    <p class='ocr_par' dir='ltr' id='par_1_5' title="bbox 456 2073 1241 2148">
     <span class='ocr_line' id='line_1_10' title="bbox 456 2073 1241 2148; baseline -0.005 0"><span class='ocrx_word' id='word_1_70' title='bbox 456 2075 634 2148; x_wconf 79' lang='lat' dir='ltr'>Sacerdos</span> <span class='ocrx_word' id='word_1_71' title='bbox 659 2077 746 2146; x_wconf 86' lang='lat' dir='ltr'>dicit</span> <span class='ocrx_word' id='word_1_72' title='bbox 772 2075 970 2146; x_wconf 74' lang='lat' dir='ltr'><em>Orationem</em></span> <span class='ocrx_word' id='word_1_73' title='bbox 997 2073 1241 2146; x_wconf 82' lang='lat' dir='ltr'>inclinationis.</span> 
     </span>
    </p>

    <p class='ocr_par' dir='ltr' id='par_1_6' title="bbox 455 2189 1317 2286">
     <span class='ocr_line' id='line_1_11' title="bbox 455 2189 1317 2286; baseline -0.001 -23"><span class='ocrx_word' id='word_1_74' title='bbox 455 2192 644 2264; x_wconf 85' lang='lat' dir='ltr'>Diaceaus.</span> <span class='ocrx_word' id='word_1_75' title='bbox 697 2190 857 2264; x_wconf 86' lang='lat' dir='ltr'>inclinate</span> <span class='ocrx_word' id='word_1_76' title='bbox 884 2193 994 2286; x_wconf 90' lang='lat' dir='ltr'>capita</span> <span class='ocrx_word' id='word_1_77' title='bbox 1019 2197 1136 2263; x_wconf 88' lang='lat' dir='ltr'>vestra</span> <span class='ocrx_word' id='word_1_78' title='bbox 1160 2189 1317 2263; x_wconf 90' lang='lat' dir='ltr'>Domino.</span> 
     </span>
    </p>
   </div>
   <div class='ocr_carea' id='block_1_5' title="bbox 344 2329 2051 5202">
    <p class='ocr_par' dir='ltr' id='par_1_7' title="bbox 456 2329 1729 2424">
     <span class='ocr_line' id='line_1_12' title="bbox 456 2329 1729 2424; baseline 0.005 -20"><span class='ocrx_word' id='word_1_79' title='bbox 456 2333 527 2424; x_wconf 89' lang='lat' dir='ltr'>Tu,</span> <span class='ocrx_word' id='word_1_80' title='bbox 552 2334 717 2424; x_wconf 77' lang='lat' dir='ltr'>Domine,</span> <span class='ocrx_word' id='word_1_81' title='bbox 744 2331 946 2404; x_wconf 86' lang='lat' dir='ltr'>inclinavisti</span> <span class='ocrx_word' id='word_1_82' title='bbox 972 2331 1088 2404; x_wconf 88' lang='lat' dir='ltr'>coelos</span> <span class='ocrx_word' id='word_1_83' title='bbox 1116 2340 1150 2402; x_wconf 90' lang='lat' dir='ltr'>et</span> <span class='ocrx_word' id='word_1_84' title='bbox 1177 2329 1401 2424; x_wconf 84' lang='lat' dir='ltr'>descendisti,</span> <span class='ocrx_word' id='word_1_85' title='bbox 1429 2342 1463 2404; x_wconf 85' lang='lat' dir='ltr'>et</span> <span class='ocrx_word' id='word_1_86' title='bbox 1483 2334 1673 2410; x_wconf 85' lang='lat' dir='ltr'>incamatns</span> <span class='ocrx_word' id='word_1_87' title='bbox 1690 2357 1729 2410; x_wconf 81' lang='lat' dir='ltr'>es</span> 
     </span>
    </p>

    <p class='ocr_par' dir='ltr' id='par_1_8' title="bbox 349 2445 1728 2545">
     <span class='ocr_line' id='line_1_13' title="bbox 349 2445 1728 2545; baseline 0.002 -25"><span class='ocrx_word' id='word_1_88' title='bbox 349 2458 490 2545; x_wconf 88' lang='lat' dir='ltr'>propter</span> <span class='ocrx_word' id='word_1_89' title='bbox 516 2449 657 2521; x_wconf 84' lang='lat' dir='ltr'>salutern</span> <span class='ocrx_word' id='word_1_90' title='bbox 683 2451 820 2542; x_wconf 82' lang='lat' dir='ltr'>generis</span> <span class='ocrx_word' id='word_1_91' title='bbox 846 2446 992 2519; x_wconf 88' lang='lat' dir='ltr'>hnmani:</span> <span class='ocrx_word' id='word_1_92' title='bbox 1020 2457 1055 2518; x_wconf 90' lang='lat' dir='ltr'>tn</span> <span class='ocrx_word' id='word_1_93' title='bbox 1081 2447 1182 2519; x_wconf 88' lang='lat' dir='ltr'>sedes</span> <span class='ocrx_word' id='word_1_94' title='bbox 1209 2468 1312 2542; x_wconf 87' lang='lat' dir='ltr'>snper</span> <span class='ocrx_word' id='word_1_95' title='bbox 1339 2445 1518 2521; x_wconf 84' lang='lat' dir='ltr'>Cherubim</span> <span class='ocrx_word' id='word_1_96' title='bbox 1556 2457 1590 2520; x_wconf 92' lang='lat' dir='ltr'>et</span> <span class='ocrx_word' id='word_1_97' title='bbox 1615 2448 1728 2524; x_wconf 79' lang='lat' dir='ltr'>Sera-</span> 
     </span>
    </p>

    <p class='ocr_par' dir='ltr' id='par_1_9' title="bbox 350 2561 1729 2660">
     <span class='ocr_line' id='line_1_14' title="bbox 350 2561 1729 2660; baseline 0.004 -26"><span class='ocrx_word' id='word_1_98' title='bbox 350 2564 459 2660; x_wconf 89' lang='lat' dir='ltr'>phim,</span> <span class='ocrx_word' id='word_1_99' title='bbox 486 2568 694 2660; x_wconf 85' lang='lat' dir='ltr'>respicisque</span> <span class='ocrx_word' id='word_1_100' title='bbox 721 2563 869 2637; x_wconf 88' lang='lat' dir='ltr'>humiles.</span> <span class='ocrx_word' id='word_1_101' title='bbox 923 2563 975 2634; x_wconf 89' lang='lat' dir='ltr'>Tu</span> <span class='ocrx_word' id='word_1_102' title='bbox 1001 2585 1105 2655; x_wconf 91' lang='lat' dir='ltr'>nunc,</span> <span class='ocrx_word' id='word_1_103' title='bbox 1132 2561 1296 2652; x_wconf 78' lang='lat' dir='ltr'>Domine,</span> <span class='ocrx_word' id='word_1_104' title='bbox 1332 2585 1408 2634; x_wconf 88' lang='lat' dir='ltr'>cnm</span> <span class='ocrx_word' id='word_1_105' title='bbox 1433 2564 1585 2648; x_wconf 84' lang='lat' dir='ltr'>levamus</span> <span class='ocrx_word' id='word_1_106' title='bbox 1611 2566 1729 2640; x_wconf 87' lang='lat' dir='ltr'>oculos</span> 
     </span>
    </p>

    <p class='ocr_par' dir='ltr' id='par_1_10' title="bbox 349 2678 1728 2773">
     <span class='ocr_line' id='line_1_15' title="bbox 349 2678 1728 2773; baseline 0.003 -23"><span class='ocrx_word' id='word_1_107' title='bbox 349 2680 500 2753; x_wconf 90' lang='lat' dir='ltr'>cordium</span> <span class='ocrx_word' id='word_1_108' title='bbox 526 2691 718 2754; x_wconf 90' lang='lat' dir='ltr'>nostrorum</span> <span class='ocrx_word' id='word_1_109' title='bbox 745 2679 785 2750; x_wconf 85' lang='lat' dir='ltr'>ad</span> <span class='ocrx_word' id='word_1_110' title='bbox 812 2691 867 2769; x_wconf 86' lang='lat' dir='ltr'>te,</span> <span class='ocrx_word' id='word_1_111' title='bbox 901 2678 1062 2766; x_wconf 89' lang='lat' dir='ltr'>Domine,</span> <span class='ocrx_word' id='word_1_112' title='bbox 1097 2680 1152 2772; x_wconf 90' lang='lat' dir='ltr'>qni</span> <span class='ocrx_word' id='word_1_113' title='bbox 1185 2681 1325 2750; x_wconf 89' lang='lat' dir='ltr'>remittis</span> <span class='ocrx_word' id='word_1_114' title='bbox 1359 2680 1548 2773; x_wconf 79' lang='lat' dir='ltr'>iniquitates</span> <span class='ocrx_word' id='word_1_115' title='bbox 1580 2689 1728 2770; x_wconf 75' lang='lat' dir='ltr'>nostrae,</span> 
     </span>
    </p>

    <p class='ocr_par' dir='ltr' id='par_1_11' title="bbox 350 2783 1729 2890">
     <span class='ocr_line' id='line_1_16' title="bbox 350 2783 1729 2890; baseline 0 -23"><span class='ocrx_word' id='word_1_116' title='bbox 350 2799 407 2890; x_wconf 90' lang='lat' dir='ltr'>qni</span> <span class='ocrx_word' id='word_1_117' title='bbox 433 2797 567 2868; x_wconf 86' lang='lat' dir='ltr'>redimis</span> <span class='ocrx_word' id='word_1_118' title='bbox 595 2783 639 2868; x_wconf 79' lang='lat' dir='ltr'>de&#39;</span> <span class='ocrx_word' id='word_1_119' title='bbox 664 2798 796 2868; x_wconf 89' lang='lat' dir='ltr'>interitu</span> <span class='ocrx_word' id='word_1_120' title='bbox 823 2799 927 2866; x_wconf 83' lang='lat' dir='ltr'>vitam</span> <span class='ocrx_word' id='word_1_121' title='bbox 954 2803 1121 2884; x_wconf 82' lang='lat' dir='ltr'>nostram3</span> <span class='ocrx_word' id='word_1_122' title='bbox 1149 2793 1329 2865; x_wconf 86' lang='lat' dir='ltr'>adoramus</span> <span class='ocrx_word' id='word_1_123' title='bbox 1355 2794 1618 2866; x_wconf 86' lang='lat' dir='ltr'>misericordiam</span> <span class='ocrx_word' id='word_1_124' title='bbox 1638 2804 1729 2867; x_wconf 85' lang='lat' dir='ltr'>tuam</span> 
     </span>
    </p>

    <p class='ocr_par' dir='ltr' id='par_1_12' title="bbox 347 2908 1729 3006">
     <span class='ocr_line' id='line_1_17' title="bbox 347 2908 1729 3006; baseline -0.001 -23"><span class='ocrx_word' id='word_1_125' title='bbox 347 2913 625 3004; x_wconf 86' lang='lat' dir='ltr'>inenarrebdem,</span> <span class='ocrx_word' id='word_1_126' title='bbox 651 2933 877 3006; x_wconf 84' lang='lat' dir='ltr'>rogamusque</span> <span class='ocrx_word' id='word_1_127' title='bbox 903 2921 955 3001; x_wconf 89' lang='lat' dir='ltr'>te,</span> <span class='ocrx_word' id='word_1_128' title='bbox 981 2919 1018 2980; x_wconf 93' lang='lat' dir='ltr'>ut</span> <span class='ocrx_word' id='word_1_129' title='bbox 1040 2908 1206 2981; x_wconf 85' lang='lat' dir='ltr'>concedas</span> <span class='ocrx_word' id='word_1_130' title='bbox 1222 2909 1320 2982; x_wconf 91' lang='lat' dir='ltr'>nohis</span> <span class='ocrx_word' id='word_1_131' title='bbox 1338 2931 1457 3005; x_wconf 86' lang='lat' dir='ltr'>pacem</span> <span class='ocrx_word' id='word_1_132' title='bbox 1475 2921 1574 2983; x_wconf 89' lang='lat' dir='ltr'>tuam.</span> <span class='ocrx_word' id='word_1_133' title='bbox 1608 2908 1729 2982; x_wconf 90' lang='lat' dir='ltr'>Cnmia</span> 
     </span>
    </p>

    <p class='ocr_par' dir='ltr' id='par_1_13' title="bbox 347 3025 1728 3124">
     <span class='ocr_line' id='line_1_18' title="bbox 347 3025 1728 3124; baseline -0.001 -24"><span class='ocrx_word' id='word_1_134' title='bbox 347 3027 447 3102; x_wconf 92' lang='lat' dir='ltr'>nobis</span> <span class='ocrx_word' id='word_1_135' title='bbox 480 3027 620 3119; x_wconf 88' lang='lat' dir='ltr'>dedisti,</span> <span class='ocrx_word' id='word_1_136' title='bbox 655 3030 789 3124; x_wconf 86' lang='lat' dir='ltr'>acquire</span> <span class='ocrx_word' id='word_1_137' title='bbox 823 3047 885 3098; x_wconf 89' lang='lat' dir='ltr'>uos</span> <span class='ocrx_word' id='word_1_138' title='bbox 919 3025 997 3115; x_wconf 88' lang='lat' dir='ltr'>tihi,</span> <span class='ocrx_word' id='word_1_139' title='bbox 1031 3025 1193 3116; x_wconf 80' lang='lat' dir='ltr'>oDeus3</span> <span class='ocrx_word' id='word_1_140' title='bbox 1228 3046 1339 3120; x_wconf 86' lang='lat' dir='ltr'>neque</span> <span class='ocrx_word' id='word_1_141' title='bbox 1374 3029 1462 3098; x_wconf 88' lang='lat' dir='ltr'>enirn</span> <span class='ocrx_word' id='word_1_142' title='bbox 1494 3025 1595 3098; x_wconf 86' lang='lat' dir='ltr'>alium</span> <span class='ocrx_word' id='word_1_143' title='bbox 1620 3029 1728 3099; x_wconf 88' lang='lat' dir='ltr'>novi·</span> 
     </span>
    </p>

    <p class='ocr_par' dir='ltr' id='par_1_14' title="bbox 348 3141 1728 3240">
     <span class='ocr_line' id='line_1_19' title="bbox 348 3141 1728 3240; baseline -0.001 -24"><span class='ocrx_word' id='word_1_144' title='bbox 348 3167 424 3216; x_wconf 90' lang='lat' dir='ltr'>mus</span> <span class='ocrx_word' id='word_1_145' title='bbox 456 3154 590 3240; x_wconf 86' lang='lat' dir='ltr'>praeter</span> <span class='ocrx_word' id='word_1_146' title='bbox 626 3153 678 3233; x_wconf 89' lang='lat' dir='ltr'>te,</span> <span class='ocrx_word' id='word_1_147' title='bbox 715 3151 749 3215; x_wconf 93' lang='lat' dir='ltr'>et</span> <span class='ocrx_word' id='word_1_148' title='bbox 780 3164 903 3214; x_wconf 90' lang='lat' dir='ltr'>nomen</span> <span class='ocrx_word' id='word_1_149' title='bbox 934 3150 1022 3212; x_wconf 91' lang='lat' dir='ltr'>tuum</span> <span class='ocrx_word' id='word_1_150' title='bbox 1050 3153 1201 3213; x_wconf 88' lang='lat' dir='ltr'>sanctum</span> <span class='ocrx_word' id='word_1_151' title='bbox 1233 3144 1499 3238; x_wconf 88' lang='lat' dir='ltr'>pronunciamus.</span> <span class='ocrx_word' id='word_1_152' title='bbox 1555 3141 1728 3215; x_wconf 86' lang='lat' dir='ltr'>Converte</span> 
     </span>
    </p>

    <p class='ocr_par' dir='ltr' id='par_1_15' title="bbox 347 3255 1728 3354">
     <span class='ocr_line' id='line_1_20' title="bbox 347 3255 1728 3354; baseline 0 -24"><span class='ocrx_word' id='word_1_153' title='bbox 347 3282 430 3348; x_wconf 90' lang='lat' dir='ltr'>nos,</span> <span class='ocrx_word' id='word_1_154' title='bbox 457 3260 571 3348; x_wconf 85' lang='lat' dir='ltr'>Deus,</span> <span class='ocrx_word' id='word_1_155' title='bbox 600 3259 643 3330; x_wconf 87' lang='lat' dir='ltr'>ud</span> <span class='ocrx_word' id='word_1_156' title='bbox 671 3263 821 3330; x_wconf 82' lang='lat' dir='ltr'>tumorem</span> <span class='ocrx_word' id='word_1_157' title='bbox 848 3267 958 3346; x_wconf 90' lang='lat' dir='ltr'>tuum,</span> <span class='ocrx_word' id='word_1_158' title='bbox 987 3267 1020 3328; x_wconf 89' lang='lat' dir='ltr'>et</span> <span class='ocrx_word' id='word_1_159' title='bbox 1046 3255 1244 3329; x_wconf 91' lang='lat' dir='ltr'>desiderium</span> <span class='ocrx_word' id='word_1_160' title='bbox 1271 3260 1337 3348; x_wconf 91' lang='lat' dir='ltr'>tui;</span> <span class='ocrx_word' id='word_1_161' title='bbox 1364 3267 1399 3330; x_wconf 90' lang='lat' dir='ltr'>et</span> <span class='ocrx_word' id='word_1_162' title='bbox 1423 3256 1573 3329; x_wconf 90' lang='lat' dir='ltr'>concede</span> <span class='ocrx_word' id='word_1_163' title='bbox 1589 3267 1625 3329; x_wconf 92' lang='lat' dir='ltr'>ut</span> <span class='ocrx_word' id='word_1_164' title='bbox 1641 3281 1728 3354; x_wconf 89' lang='lat' dir='ltr'>per-</span> 
     </span>
    </p>

    <p class='ocr_par' dir='ltr' id='par_1_16' title="bbox 347 3370 1728 3469">
     <span class='ocr_line' id='line_1_21' title="bbox 347 3370 1728 3469; baseline 0 -23"><span class='ocrx_word' id='word_1_165' title='bbox 347 3377 523 3448; x_wconf 84' lang='lat' dir='ltr'>veniamus</span> <span class='ocrx_word' id='word_1_166' title='bbox 551 3373 593 3446; x_wconf 91' lang='lat' dir='ltr'>ad</span> <span class='ocrx_word' id='word_1_167' title='bbox 619 3374 808 3445; x_wconf 83' lang='lat' dir='ltr'>fruitionem</span> <span class='ocrx_word' id='word_1_168' title='bbox 836 3371 1001 3444; x_wconf 92' lang='lat' dir='ltr'>honorum</span> <span class='ocrx_word' id='word_1_169' title='bbox 1027 3381 1168 3442; x_wconf 88' lang='lat' dir='ltr'>tuorum.</span> <span class='ocrx_word' id='word_1_170' title='bbox 1198 3370 1242 3443; x_wconf 83' lang='lat' dir='ltr'>Et</span> <span class='ocrx_word' id='word_1_171' title='bbox 1269 3374 1324 3467; x_wconf 88' lang='lat' dir='ltr'>qui</span> <span class='ocrx_word' id='word_1_172' title='bbox 1350 3373 1591 3446; x_wconf 88' lang='lat' dir='ltr'>inclinaverunt</span> <span class='ocrx_word' id='word_1_173' title='bbox 1618 3377 1728 3469; x_wconf 86' lang='lat' dir='ltr'>capita</span> 
     </span>
    </p>

    <p class='ocr_par' dir='ltr' id='par_1_17' title="bbox 347 3485 1727 3579">
     <span class='ocr_line' id='line_1_22' title="bbox 347 3485 1727 3579; baseline -0.002 -14"><span class='ocrx_word' id='word_1_174' title='bbox 347 3513 411 3565; x_wconf 88' lang='lat' dir='ltr'>sua</span> <span class='ocrx_word' id='word_1_175' title='bbox 445 3489 506 3564; x_wconf 89' lang='lat' dir='ltr'>suh</span> <span class='ocrx_word' id='word_1_176' title='bbox 541 3513 642 3562; x_wconf 89' lang='lat' dir='ltr'>mauu</span> <span class='ocrx_word' id='word_1_177' title='bbox 676 3500 750 3574; x_wconf 86' lang='lat' dir='ltr'>tua,</span> <span class='ocrx_word' id='word_1_178' title='bbox 784 3488 911 3560; x_wconf 83' lang='lat' dir='ltr'>extolle</span> <span class='ocrx_word' id='word_1_179' title='bbox 944 3509 1005 3559; x_wconf 87' lang='lat' dir='ltr'>ecs</span> <span class='ocrx_word' id='word_1_180' title='bbox 1037 3491 1070 3558; x_wconf 91' lang='lat' dir='ltr'>in</span> <span class='ocrx_word' id='word_1_181' title='bbox 1103 3485 1198 3579; x_wconf 73' lang='lat' dir='ltr'>huius</span> <span class='ocrx_word' id='word_1_182' title='bbox 1234 3489 1325 3561; x_wconf 86' lang='lat' dir='ltr'>uitae</span> <span class='ocrx_word' id='word_1_183' title='bbox 1359 3486 1519 3562; x_wconf 86' lang='lat' dir='ltr'>decursu:</span> <span class='ocrx_word' id='word_1_184' title='bbox 1555 3512 1638 3562; x_wconf 88' lang='lat' dir='ltr'>orna</span> <span class='ocrx_word' id='word_1_185' title='bbox 1665 3509 1727 3562; x_wconf 88' lang='lat' dir='ltr'>eos</span> 
     </span>
    </p>

    <p class='ocr_par' dir='ltr' id='par_1_18' title="bbox 346 3602 1765 3701">
     <span class='ocr_line' id='line_1_23' title="bbox 346 3602 1765 3701; baseline -0.003 -21"><span class='ocrx_word' id='word_1_186' title='bbox 346 3603 542 3696; x_wconf 83' lang='lat' dir='ltr'>virtutihus,</span> <span class='ocrx_word' id='word_1_187' title='bbox 574 3615 612 3677; x_wconf 77' lang='lat' dir='ltr'>‘et</span> <span class='ocrx_word' id='word_1_188' title='bbox 637 3613 772 3701; x_wconf 86' lang='lat' dir='ltr'>praesta</span> <span class='ocrx_word' id='word_1_189' title='bbox 798 3613 834 3676; x_wconf 92' lang='lat' dir='ltr'>ut</span> <span class='ocrx_word' id='word_1_190' title='bbox 861 3625 978 3675; x_wconf 90' lang='lat' dir='ltr'>omnes</span> <span class='ocrx_word' id='word_1_191' title='bbox 1006 3602 1097 3694; x_wconf 85' lang='lat' dir='ltr'>digni</span> <span class='ocrx_word' id='word_1_192' title='bbox 1124 3605 1226 3676; x_wconf 88' lang='lat' dir='ltr'>simus</span> <span class='ocrx_word' id='word_1_193' title='bbox 1254 3625 1363 3695; x_wconf 85' lang='lat' dir='ltr'>regno</span> <span class='ocrx_word' id='word_1_194' title='bbox 1390 3615 1447 3677; x_wconf 90' lang='lat' dir='ltr'>tuo</span> <span class='ocrx_word' id='word_1_195' title='bbox 1475 3605 1632 3694; x_wconf 90' lang='lat' dir='ltr'>coelesti,</span> <span class='ocrx_word' id='word_1_196' title='bbox 1664 3627 1727 3700; x_wconf 91' lang='lat' dir='ltr'>per</span> <span class='ocrx_word' id='word_1_197' title='bbox 1758 3685 1765 3690; x_wconf 46' lang='lat'>,</span> 
     </span>
    </p>

    <p class='ocr_par' dir='ltr' id='par_1_19' title="bbox 346 3717 1727 3816">
     <span class='ocr_line' id='line_1_24' title="bbox 346 3717 1727 3816; baseline -0.001 -23"><span class='ocrx_word' id='word_1_198' title='bbox 346 3719 591 3816; x_wconf 89' lang='lat' dir='ltr'>heneplacitum</span> <span class='ocrx_word' id='word_1_199' title='bbox 620 3722 684 3793; x_wconf 87' lang='lat' dir='ltr'>Dei</span> <span class='ocrx_word' id='word_1_200' title='bbox 706 3719 816 3794; x_wconf 90' lang='lat' dir='ltr'>Patris</span> <span class='ocrx_word' id='word_1_201' title='bbox 843 3724 888 3791; x_wconf 91' lang='lat' dir='ltr'>tui</span> <span class='ocrx_word' id='word_1_202' title='bbox 914 3717 1012 3811; x_wconf 88' lang='lat' dir='ltr'>honi,</span> <span class='ocrx_word' id='word_1_203' title='bbox 1039 3741 1114 3791; x_wconf 90' lang='lat' dir='ltr'>cum</span> <span class='ocrx_word' id='word_1_204' title='bbox 1141 3741 1208 3814; x_wconf 88' lang='lat' dir='ltr'>quo</span> <span class='ocrx_word' id='word_1_205' title='bbox 1235 3727 1270 3790; x_wconf 91' lang='lat' dir='ltr'>tu</span> <span class='ocrx_word' id='word_1_206' title='bbox 1296 3741 1334 3793; x_wconf 88' lang='lat' dir='ltr'>cs</span> <span class='ocrx_word' id='word_1_207' title='bbox 1356 3718 1571 3810; x_wconf 88' lang='lat' dir='ltr'>benedictus,</span> <span class='ocrx_word' id='word_1_208' title='bbox 1599 3729 1727 3792; x_wconf 92' lang='lat' dir='ltr'>etcum</span> 
     </span>
    </p>

    <p class='ocr_par' dir='ltr' id='par_1_20' title="bbox 348 3833 1726 4025">
     <span class='ocr_line' id='line_1_25' title="bbox 348 3833 1549 3932; baseline -0.002 -22"><span class='ocrx_word' id='word_1_209' title='bbox 348 3837 475 3932; x_wconf 87' lang='lat' dir='ltr'>Spiritu</span> <span class='ocrx_word' id='word_1_210' title='bbox 502 3847 618 3911; x_wconf 86' lang='lat' dir='ltr'>sancto</span> <span class='ocrx_word' id='word_1_211' title='bbox 645 3837 854 3924; x_wconf 83' lang='lat' dir='ltr'>vivificante,</span> <span class='ocrx_word' id='word_1_212' title='bbox 882 3833 1006 3930; x_wconf 89' lang='lat' dir='ltr'>tibique</span> <span class='ocrx_word' id='word_1_213' title='bbox 1033 3833 1326 3924; x_wconf 77' lang='lat' dir='ltr'>consubstantiali,</span> <span class='ocrx_word' id='word_1_214' title='bbox 1352 3856 1458 3925; x_wconf 88' lang='lat' dir='ltr'>nunc,</span> <span class='ocrx_word' id='word_1_215' title='bbox 1485 3845 1549 3907; x_wconf 89' lang='lat' dir='ltr'>etc.</span> 
     </span>
     <span class='ocr_line' id='line_1_26' title="bbox 453 3949 1726 4025; baseline -0.002 0"><span class='ocrx_word' id='word_1_216' title='bbox 453 3953 629 4025; x_wconf 78' lang='lat' dir='ltr'>Sacerdos</span> <span class='ocrx_word' id='word_1_217' title='bbox 664 3953 756 4023; x_wconf 88' lang='lat' dir='ltr'>dicet</span> <span class='ocrx_word' id='word_1_218' title='bbox 798 3953 996 4022; x_wconf 82' lang='lat' dir='ltr'>Orationem</span> <span class='ocrx_word' id='word_1_219' title='bbox 1030 3949 1268 4021; x_wconf 74' lang='lat' dir='ltr'>disolationis</span> <span class='ocrx_word' id='word_1_220' title='bbox 1302 3951 1349 4020; x_wconf 89' lang='lat' dir='ltr'>ad</span> <span class='ocrx_word' id='word_1_221' title='bbox 1382 3951 1516 4021; x_wconf 84' lang='lat' dir='ltr'>Filiam.</span> <span class='ocrx_word' id='word_1_222' title='bbox 1582 3951 1726 4024; x_wconf 86' lang='lat' dir='ltr'>Domine</span> 
     </span>
    </p>

    <p class='ocr_par' dir='ltr' id='par_1_21' title="bbox 347 4065 2050 4396">
     <span class='ocr_line' id='line_1_27' title="bbox 347 4065 1606 4171; baseline -0.001 -32"><span class='ocrx_word' id='word_1_223' title='bbox 347 4068 434 4140; x_wconf 83' lang='lat' dir='ltr'>lesu</span> <span class='ocrx_word' id='word_1_224' title='bbox 460 4067 592 4142; x_wconf 86' lang='lat' dir='ltr'>Christe</span> <span class='ocrx_word' id='word_1_225' title='bbox 618 4069 683 4140; x_wconf 85' lang='lat' dir='ltr'>Fili</span> <span class='ocrx_word' id='word_1_226' title='bbox 709 4071 901 4160; x_wconf 72' lang='lat' dir='ltr'>unigenite,</span> <span class='ocrx_word' id='word_1_227' title='bbox 929 4076 991 4138; x_wconf 89' lang='lat' dir='ltr'>etc.</span> <span class='ocrx_word' id='word_1_228' title='bbox 1018 4074 1057 4171; x_wconf 79' lang='lat' dir='ltr'>at</span> <span class='ocrx_word' id='word_1_229' title='bbox 1082 4070 1119 4136; x_wconf 85' lang='lat' dir='ltr'>in</span> <span class='ocrx_word' id='word_1_230' title='bbox 1144 4067 1305 4162; x_wconf 74' lang='lat' dir='ltr'>hitorpia</span> <span class='ocrx_word' id='word_1_231' title='bbox 1329 4070 1443 4138; x_wconf 75' lang='lat' dir='ltr'>amicti</span> <span class='ocrx_word' id='word_1_232' title='bbox 1468 4065 1606 4138; x_wconf 80' lang='lat' dir='ltr'>Basilii.</span> 
     </span>
     <span class='ocr_line' id='line_1_28' title="bbox 452 4183 1032 4276; baseline -0.003 -23"><span class='ocrx_word' id='word_1_233' title='bbox 452 4183 629 4256; x_wconf 81' lang='lat' dir='ltr'>Sacerdos</span> <span class='ocrx_word' id='word_1_234' title='bbox 655 4186 742 4255; x_wconf 87' lang='lat' dir='ltr'>dieii</span> <span class='ocrx_word' id='word_1_235' title='bbox 768 4185 1032 4276; x_wconf 74' lang='lat' dir='ltr'>Confessioaem.</span> 
     </span>
     <span class='ocr_line' id='line_1_29' title="bbox 452 4295 2050 4396; baseline 0.004 -23"><span class='ocrx_word' id='word_1_236' title='bbox 452 4300 584 4396; x_wconf 87' lang='lat' dir='ltr'>Corpus</span> <span class='ocrx_word' id='word_1_237' title='bbox 612 4311 762 4373; x_wconf 87' lang='lat' dir='ltr'>sanctum</span> <span class='ocrx_word' id='word_1_238' title='bbox 789 4307 824 4370; x_wconf 92' lang='lat' dir='ltr'>et</span> <span class='ocrx_word' id='word_1_239' title='bbox 851 4301 988 4390; x_wconf 80' lang='lat' dir='ltr'>sanguis</span> <span class='ocrx_word' id='word_1_240' title='bbox 1015 4300 1183 4393; x_wconf 90' lang='lat' dir='ltr'>pretiosus</span> <span class='ocrx_word' id='word_1_241' title='bbox 1200 4295 1284 4370; x_wconf 87' lang='lat' dir='ltr'>Jesu</span> <span class='ocrx_word' id='word_1_242' title='bbox 1302 4296 1423 4372; x_wconf 78' lang='lat' dir='ltr'>Christi</span> <span class='ocrx_word' id='word_1_243' title='bbox 1441 4297 1516 4370; x_wconf 87' lang='lat' dir='ltr'>Filii</span> <span class='ocrx_word' id='word_1_244' title='bbox 1527 4297 1724 4372; x_wconf 86' lang='lat' dir='ltr'>Deinostri.</span> <span class='ocrx_word' id='word_1_245' title='bbox 1753 4321 2050 4394; x_wconf 55' lang='lat' dir='ltr'>septemanas</span> 
     </span>
    </p>

    <p class='ocr_par' dir='ltr' id='par_1_22' title="bbox 344 4409 2051 4743">
     <span class='ocr_line' id='line_1_30' title="bbox 344 4409 2051 4487; baseline -0.001 -22"><span class='ocrx_word' id='word_1_246' title='bbox 344 4415 466 4487; x_wconf 52' lang='lat' dir='ltr'>Amen·</span> <span class='ocrx_word' id='word_1_247' title='bbox 1736 4409 1920 4478; x_wconf 76' lang='lat' dir='ltr'>ripator’lrpooi</span> <span class='ocrx_word' id='word_1_248' title='bbox 1930 4415 2051 4480; x_wconf 71' lang='grc' dir='ltr'><em>Χριστοῦ</em></span> 
     </span>
     <span class='ocr_line' id='line_1_31' title="bbox 451 4497 2051 4631; baseline 0 -30"><span class='ocrx_word' id='word_1_249' title='bbox 451 4532 613 4627; x_wconf 83' lang='lat' dir='ltr'>Populus.</span> <span class='ocrx_word' id='word_1_250' title='bbox 666 4532 785 4604; x_wconf 89' lang='lat' dir='ltr'>Amen.</span> <span class='ocrx_word' id='word_1_251' title='bbox 1736 4519 1794 4600; x_wconf 57' lang='lat'>3⁰¹³.</span> <span class='ocrx_word' id='word_1_252' title='bbox 1818 4497 1878 4601; x_wconf 60' lang='lat'>⁰²5⁶</span> <span class='ocrx_word' id='word_1_253' title='bbox 1902 4500 1959 4631; x_wconf 45' lang='lat' dir='ltr'>[fl</span> <span class='ocrx_word' id='word_1_254' title='bbox 1984 4499 2051 4548; x_wconf 69' lang='lat'>⁹⁶⁰⁵</span> 
     </span>
     <span class='ocr_line' id='line_1_32' title="bbox 451 4586 2050 4743; baseline -0.002 -23"><span class='ocrx_word' id='word_1_255' title='bbox 451 4646 610 4720; x_wconf 85' lang='lat' dir='ltr'>Sanctum</span> <span class='ocrx_word' id='word_1_256' title='bbox 637 4655 671 4717; x_wconf 89' lang='lat' dir='ltr'>et</span> <span class='ocrx_word' id='word_1_257' title='bbox 696 4650 878 4743; x_wconf 89' lang='lat' dir='ltr'>pretiosum</span> <span class='ocrx_word' id='word_1_258' title='bbox 905 4667 1027 4743; x_wconf 90' lang='lat' dir='ltr'>corpus</span> <span class='ocrx_word' id='word_1_259' title='bbox 1055 4653 1088 4716; x_wconf 89' lang='lat' dir='ltr'>et</span> <span class='ocrx_word' id='word_1_260' title='bbox 1115 4646 1252 4737; x_wconf 83' lang='lat' dir='ltr'>sanguis</span> <span class='ocrx_word' id='word_1_261' title='bbox 1279 4666 1383 4718; x_wconf 85' lang='lat' dir='ltr'>verus</span> <span class='ocrx_word' id='word_1_262' title='bbox 1410 4645 1492 4718; x_wconf 90' lang='lat' dir='ltr'>Jesu</span> <span class='ocrx_word' id='word_1_263' title='bbox 1509 4643 1630 4719; x_wconf 89' lang='lat' dir='ltr'>Christi</span> <span class='ocrx_word' id='word_1_264' title='bbox 1648 4586 1957 4735; x_wconf 49' lang='lat' dir='ltr'>Filiillhl&#39;wflllta</span> <span class='ocrx_word' id='word_1_265' title='bbox 1975 4669 2050 4732; x_wconf 66' lang='lat' dir='ltr'>aas</span> 
     </span>
    </p>

    <p class='ocr_par' dir='ltr' id='par_1_23' title="bbox 345 4745 2051 4987">
     <span class='ocr_line' id='line_1_33' title="bbox 345 4745 2049 4836; baseline -0.004 -30"><span class='ocrx_word' id='word_1_266' title='bbox 345 4760 412 4832; x_wconf 75' lang='lat' dir='ltr'>Dei</span> <span class='ocrx_word' id='word_1_267' title='bbox 437 4766 554 4836; x_wconf 53' lang='lat' dir='ltr'><strong>nostri·</strong></span> <span class='ocrx_word' id='word_1_268' title='bbox 607 4760 728 4833; x_wconf 52' lang='lat' dir='ltr'><strong>Amen·</strong></span> <span class='ocrx_word' id='word_1_269' title='bbox 1736 4756 1779 4805; x_wconf 79' lang='grc' dir='ltr'>καὶ</span> <span class='ocrx_word' id='word_1_270' title='bbox 1788 4746 1851 4818; x_wconf 77' lang='grc' dir='ltr'>αἷμα</span> <span class='ocrx_word' id='word_1_271' title='bbox 1861 4745 2049 4816; x_wconf 73' lang='grc' dir='ltr'><em>ἆληθινόνἿη-</em></span> 
     </span>
     <span class='ocr_line' id='line_1_34' title="bbox 453 4841 2051 4987; baseline -0.002 -37"><span class='ocrx_word' id='word_1_272' title='bbox 453 4874 584 4973; x_wconf 90' lang='lat' dir='ltr'>Corpus</span> <span class='ocrx_word' id='word_1_273' title='bbox 613 4886 647 4948; x_wconf 91' lang='lat' dir='ltr'>et</span> <span class='ocrx_word' id='word_1_274' title='bbox 674 4881 811 4971; x_wconf 84' lang='lat' dir='ltr'>sanguis</span> <span class='ocrx_word' id='word_1_275' title='bbox 837 4875 1063 4949; x_wconf 81' lang='lat' dir='ltr'>Emmanuelis</span> <span class='ocrx_word' id='word_1_276' title='bbox 1089 4875 1155 4948; x_wconf 92' lang='lat' dir='ltr'>Dei</span> <span class='ocrx_word' id='word_1_277' title='bbox 1180 4880 1303 4968; x_wconf 85' lang='lat' dir='ltr'>nostri,</span> <span class='ocrx_word' id='word_1_278' title='bbox 1329 4876 1395 4951; x_wconf 94' lang='lat' dir='ltr'>hoc</span> <span class='ocrx_word' id='word_1_279' title='bbox 1422 4877 1533 4951; x_wconf 88' lang='lat' dir='ltr'>estin</span> <span class='ocrx_word' id='word_1_280' title='bbox 1558 4841 2051 4987; x_wconf 48' lang='grc' dir='ltr'>τεὶνοή-ζζζζῖῗῖζᾏῖοᾙ</span> 
     </span>
    </p>

    <p class='ocr_par' dir='ltr' id='par_1_24' title="bbox 346 4995 2051 5202">
     <span class='ocr_line' id='line_1_35' title="bbox 346 4995 2051 5077; baseline -0.004 -13"><span class='ocrx_word' id='word_1_281' title='bbox 346 5001 426 5064; x_wconf 81' lang='lat' dir='ltr'>tate.</span> <span class='ocrx_word' id='word_1_282' title='bbox 479 4995 599 5064; x_wconf 77' lang='lat' dir='ltr'>Allien.</span> <span class='ocrx_word' id='word_1_283' title='bbox 1735 5011 1806 5062; x_wconf 83' lang='lat' dir='ltr'>Haec</span> <span class='ocrx_word' id='word_1_284' title='bbox 1816 5007 1913 5077; x_wconf 75' lang='lat' dir='ltr'>Coptica</span> <span class='ocrx_word' id='word_1_285' title='bbox 1926 5009 2051 5060; x_wconf 79' lang='lat' dir='ltr'>dicantar.</span> 
     </span>
     <span class='ocr_line' id='line_1_36' title="bbox 455 5103 1722 5202; baseline -0.004 -23"><span class='ocrx_word' id='word_1_286' title='bbox 455 5103 586 5200; x_wconf 88' lang='lat' dir='ltr'>Credo,</span> <span class='ocrx_word' id='word_1_287' title='bbox 614 5109 733 5197; x_wconf 90' lang='lat' dir='ltr'>credo,</span> <span class='ocrx_word' id='word_1_288' title='bbox 760 5109 863 5181; x_wconf 88' lang='lat' dir='ltr'>crede</span> <span class='ocrx_word' id='word_1_289' title='bbox 891 5118 925 5180; x_wconf 92' lang='lat' dir='ltr'>et</span> <span class='ocrx_word' id='word_1_290' title='bbox 950 5107 1112 5182; x_wconf 88' lang='lat' dir='ltr'>confiteor</span> <span class='ocrx_word' id='word_1_291' title='bbox 1137 5128 1244 5202; x_wconf 85' lang='lat' dir='ltr'>usque</span> <span class='ocrx_word' id='word_1_292' title='bbox 1271 5109 1314 5181; x_wconf 85' lang='lat' dir='ltr'>ad</span> <span class='ocrx_word' id='word_1_293' title='bbox 1344 5107 1493 5181; x_wconf 76' lang='lat' dir='ltr'>dumus</span> <span class='ocrx_word' id='word_1_294' title='bbox 1519 5109 1614 5182; x_wconf 78' lang='lat' dir='ltr'>uitae</span> <span class='ocrx_word' id='word_1_295' title='bbox 1646 5106 1722 5199; x_wconf 89' lang='lat' dir='ltr'>spi-</span> 
     </span>
    </p>
   </div>
   <div class='ocr_carea' id='block_1_6' title="bbox 347 5221 1722 5321">
    <p class='ocr_par' dir='ltr' id='par_1_25' title="bbox 347 5221 1722 5321">
     <span class='ocr_line' id='line_1_37' title="bbox 347 5221 1722 5321; baseline -0.001 -31"><span class='ocrx_word' id='word_1_296' title='bbox 347 5221 465 5314; x_wconf 88' lang='lat' dir='ltr'>ritum,</span> <span class='ocrx_word' id='word_1_297' title='bbox 491 5224 557 5297; x_wconf 90' lang='lat' dir='ltr'>hoc</span> <span class='ocrx_word' id='word_1_298' title='bbox 576 5245 655 5298; x_wconf 90' lang='lat' dir='ltr'>esse</span> <span class='ocrx_word' id='word_1_299' title='bbox 670 5246 793 5321; x_wconf 89' lang='lat' dir='ltr'>corpus</span> <span class='ocrx_word' id='word_1_300' title='bbox 807 5223 997 5316; x_wconf 88' lang='lat' dir='ltr'>vivificum,</span> <span class='ocrx_word' id='word_1_301' title='bbox 1025 5222 1114 5320; x_wconf 83' lang='lat' dir='ltr'>quod</span> <span class='ocrx_word' id='word_1_302' title='bbox 1130 5227 1308 5318; x_wconf 87' lang='lat' dir='ltr'>accepisti,</span> <span class='ocrx_word' id='word_1_303' title='bbox 1335 5223 1468 5298; x_wconf 88' lang='lat' dir='ltr'>Christe</span> <span class='ocrx_word' id='word_1_304' title='bbox 1487 5221 1582 5296; x_wconf 88' lang='lat' dir='ltr'>Deus</span> <span class='ocrx_word' id='word_1_305' title='bbox 1596 5229 1722 5311; x_wconf 88' lang='lat' dir='ltr'>noster,</span> 
     </span>
    </p>
   </div>
   <div class='ocr_carea' id='block_1_7' title="bbox 0 0 2384 6038">
    <p class='ocr_par' dir='ltr' id='par_1_26' title="bbox 0 0 2384 6038">
     <span class='ocr_line' id='line_1_38' title="bbox 0 0 2384 6038; baseline 0 2"><span class='ocrx_word' id='word_1_306' title='bbox 0 0 2384 6038; x_wconf 95' lang='lat' dir='ltr'> </span> 
     </span>
    </p>
   </div>
  </div>
 </body>
</html>
