<?xml version="1.0" encoding="UTF-8"?>
<!DOCTYPE html PUBLIC "-//W3C//DTD XHTML 1.0 Transitional//EN"
    "http://www.w3.org/TR/xhtml1/DTD/xhtml1-transitional.dtd">
<html xmlns="http://www.w3.org/1999/xhtml" xml:lang="en" lang="en">
 <head>
  <title>
</title>
<meta http-equiv="Content-Type" content="text/html;charset=utf-8" />
  <meta name='ocr-system' content='tesseract 3.04.00' />
  <meta name='ocr-capabilities' content='ocr_page ocr_carea ocr_par ocr_line ocrx_word'/>
</head>
<body>
  <div class='ocr_page' id='page_1' title='image "./liturgiarumorie03renagoog_0620.png"; bbox 0 0 4736 6064; ppageno 0'>
   <div class='ocr_carea' id='block_1_1' title="bbox 624 501 1739 603">
    <p class='ocr_par' dir='ltr' id='par_1_1' title="bbox 624 501 1739 603">
     <span class='ocr_line' id='line_1_1' title="bbox 624 501 1739 603; baseline 0.017 -27"><span class='ocrx_word' id='word_1_1' title='bbox 624 501 881 580; x_wconf 83' lang='lat' dir='ltr'><strong>ALEXANDRINI</strong></span> <span class='ocrx_word' id='word_1_2' title='bbox 913 504 1181 586; x_wconf 82' lang='lat' dir='ltr'><strong>JACOBITARUM</strong></span> <span class='ocrx_word' id='word_1_3' title='bbox 1205 511 1477 603; x_wconf 64' lang='lat' dir='ltr'><strong>Poetnaeum.</strong></span> <span class='ocrx_word' id='word_1_4' title='bbox 1661 520 1739 595; x_wconf 80' lang='lat'><strong>45⁷</strong></span> 
     </span>
    </p>
   </div>
   <div class='ocr_carea' id='block_1_2' title="bbox 346 680 1813 4599">
    <p class='ocr_par' dir='ltr' id='par_1_2' title="bbox 359 680 1735 1716">
     <span class='ocr_line' id='line_1_2' title="bbox 415 680 1732 824; baseline 0.018 -68.184"><span class='ocrx_word' id='word_1_5' title='bbox 415 680 514 824; x_wconf 75' lang='grc' dir='ltr'><strong><em>Ὑπὲρ</em></strong></span> <span class='ocrx_word' id='word_1_6' title='bbox 535 711 601 758; x_wconf 86' lang='grc' dir='ltr'><strong><em>του</em></strong></span> <span class='ocrx_word' id='word_1_7' title='bbox 586 683 956 788; x_wconf 77' lang='grc' dir='ltr'><strong><em>’άιαφυλαχθῆναι</em></strong></span> <span class='ocrx_word' id='word_1_8' title='bbox 932 698 1039 788; x_wconf 83' lang='grc' dir='ltr'><strong><em>ημᾶς,</em></strong></span> <span class='ocrx_word' id='word_1_9' title='bbox 1115 692 1732 780; x_wconf 86' lang='lat' dir='ltr'><strong>Utconservemuromnessubsancta</strong></span> 
     </span>
     <span class='ocr_line' id='line_1_3' title="bbox 364 795 1737 916; baseline 0.019 -46"><span class='ocrx_word' id='word_1_10' title='bbox 364 795 435 871; x_wconf 78' lang='grc' dir='ltr'><strong>ὑπὸ</strong></span> <span class='ocrx_word' id='word_1_11' title='bbox 455 795 523 896; x_wconf 77' lang='grc' dir='ltr'><strong>τὴν</strong></span> <span class='ocrx_word' id='word_1_12' title='bbox 537 799 647 898; x_wconf 78' lang='grc' dir='ltr'><strong><em>άγίοιν</em></strong></span> <span class='ocrx_word' id='word_1_13' title='bbox 664 832 724 878; x_wconf 88' lang='grc' dir='ltr'><strong>και</strong></span> <span class='ocrx_word' id='word_1_14' title='bbox 737 803 915 903; x_wconf 84' lang='grc' dir='ltr'><strong><em>κράταιαν</em></strong></span> <span class='ocrx_word' id='word_1_15' title='bbox 928 821 1031 909; x_wconf 77' lang='grc' dir='ltr'><strong><em>χεῖρα</em></strong></span> <span class='ocrx_word' id='word_1_16' title='bbox 1071 817 1105 878; x_wconf 84' lang='lat' dir='ltr'><strong>et</strong></span> <span class='ocrx_word' id='word_1_17' title='bbox 1130 821 1267 906; x_wconf 89' lang='lat' dir='ltr'><strong>potente</strong></span> <span class='ocrx_word' id='word_1_18' title='bbox 1294 838 1392 888; x_wconf 89' lang='lat' dir='ltr'><strong>manu</strong></span> <span class='ocrx_word' id='word_1_19' title='bbox 1418 818 1483 889; x_wconf 92' lang='lat' dir='ltr'><strong>Dei</strong></span> <span class='ocrx_word' id='word_1_20' title='bbox 1510 829 1544 890; x_wconf 92' lang='lat' dir='ltr'><strong>et</strong></span> <span class='ocrx_word' id='word_1_21' title='bbox 1571 832 1737 916; x_wconf 84' lang='lat' dir='ltr'><strong>protegu-</strong></span> 
     </span>
     <span class='ocr_line' id='line_1_4' title="bbox 362 915 1736 1023; baseline 0.019 -37"><span class='ocrx_word' id='word_1_22' title='bbox 362 919 430 986; x_wconf 84' lang='grc' dir='ltr'><strong><em>τοῦ</em></strong></span> <span class='ocrx_word' id='word_1_23' title='bbox 456 920 556 1006; x_wconf 80' lang='grc' dir='ltr'><strong><em>Θεοῦ,</em></strong></span> <span class='ocrx_word' id='word_1_24' title='bbox 583 915 643 991; x_wconf 80' lang='grc' dir='ltr'><strong>καὶ</strong></span> <span class='ocrx_word' id='word_1_25' title='bbox 674 922 979 1018; x_wconf 74' lang='grc' dir='ltr'><strong><em>σκιπασθῆναι’</em></strong></span> <span class='ocrx_word' id='word_1_26' title='bbox 956 922 1027 1000; x_wconf 77' lang='grc' dir='ltr'><strong>απὸ</strong></span> <span class='ocrx_word' id='word_1_27' title='bbox 1068 945 1142 996; x_wconf 85' lang='grc'>111111·</span> <span class='ocrx_word' id='word_1_28' title='bbox 1169 927 1211 1000; x_wconf 85' lang='lat' dir='ltr'><strong>at</strong></span> <span class='ocrx_word' id='word_1_29' title='bbox 1246 935 1336 1002; x_wconf 91' lang='lat' dir='ltr'><strong>omni</strong></span> <span class='ocrx_word' id='word_1_30' title='bbox 1370 932 1475 1023; x_wconf 85' lang='lat' dir='ltr'><strong>malo,</strong></span> <span class='ocrx_word' id='word_1_31' title='bbox 1511 935 1736 1010; x_wconf 83' lang='lat' dir='ltr'><strong>deducemur-</strong></span> 
     </span>
     <span class='ocr_line' id='line_1_5' title="bbox 363 1035 1736 1148; baseline 0.018 -46"><span class='ocrx_word' id='word_1_32' title='bbox 363 1027 680 1175; x_wconf 82' lang='grc' dir='ltr'><strong><em>παντὸςιιρνηροῦ,</em></strong></span> <span class='ocrx_word' id='word_1_33' title='bbox 697 1061 758 1108; x_wconf 91' lang='grc' dir='ltr'><strong>και</strong></span> <span class='ocrx_word' id='word_1_34' title='bbox 749 1035 1030 1136; x_wconf 67' lang='grc' dir='ltr'><strong><em>κατιυοάωθῆ-</em></strong></span> <span class='ocrx_word' id='word_1_35' title='bbox 1068 1061 1133 1132; x_wconf 87' lang='lat' dir='ltr'><strong>que</strong></span> <span class='ocrx_word' id='word_1_36' title='bbox 1156 1044 1190 1114; x_wconf 90' lang='lat' dir='ltr'><strong>in</strong></span> <span class='ocrx_word' id='word_1_37' title='bbox 1209 1047 1299 1114; x_wconf 89' lang='lat' dir='ltr'><strong>viam</strong></span> <span class='ocrx_word' id='word_1_38' title='bbox 1318 1057 1458 1120; x_wconf 87' lang='lat' dir='ltr'><strong>rectam:</strong></span> <span class='ocrx_word' id='word_1_39' title='bbox 1487 1062 1520 1123; x_wconf 90' lang='lat' dir='ltr'><strong>et</strong></span> <span class='ocrx_word' id='word_1_40' title='bbox 1537 1075 1600 1148; x_wconf 89' lang='lat' dir='ltr'><strong>pro</strong></span> <span class='ocrx_word' id='word_1_41' title='bbox 1622 1059 1736 1126; x_wconf 92' lang='lat' dir='ltr'><strong>omni-</strong></span> 
     </span>
     <span class='ocr_line' id='line_1_6' title="bbox 361 1145 1736 1259; baseline 0.016 -39"><span class='ocrx_word' id='word_1_42' title='bbox 361 1165 441 1220; x_wconf 86' lang='grc' dir='ltr'><strong><em>ναι·</em></strong></span> <span class='ocrx_word' id='word_1_43' title='bbox 467 1176 546 1245; x_wconf 84' lang='grc' dir='ltr'><strong><em>περι</em></strong></span> <span class='ocrx_word' id='word_1_44' title='bbox 537 1145 680 1222; x_wconf 74' lang='grc' dir='ltr'><strong>δὲ’</strong></span> <span class='ocrx_word' id='word_1_45' title='bbox 631 1178 780 1228; x_wconf 85' lang='grc' dir='ltr'><strong><em>παντων</em></strong></span> <span class='ocrx_word' id='word_1_46' title='bbox 800 1159 876 1228; x_wconf 77' lang='grc' dir='ltr'><strong>τῶν</strong></span> <span class='ocrx_word' id='word_1_47' title='bbox 897 1181 1030 1252; x_wconf 83' lang='grc' dir='ltr'><strong><em>προκε-</em></strong></span> <span class='ocrx_word' id='word_1_48' title='bbox 1068 1151 1132 1225; x_wconf 89' lang='lat' dir='ltr'><strong>bus</strong></span> <span class='ocrx_word' id='word_1_49' title='bbox 1171 1162 1226 1252; x_wconf 89' lang='lat' dir='ltr'><strong>qui</strong></span> <span class='ocrx_word' id='word_1_50' title='bbox 1260 1182 1305 1230; x_wconf 89' lang='lat' dir='ltr'><strong>ex</strong></span> <span class='ocrx_word' id='word_1_51' title='bbox 1331 1162 1428 1239; x_wconf 85' lang='lat' dir='ltr'><strong>nobis</strong></span> <span class='ocrx_word' id='word_1_52' title='bbox 1463 1165 1636 1259; x_wconf 86' lang='lat' dir='ltr'><strong>obierunt,</strong></span> <span class='ocrx_word' id='word_1_53' title='bbox 1672 1193 1736 1242; x_wconf 89' lang='lat' dir='ltr'><strong>se-</strong></span> 
     </span>
     <span class='ocr_line' id='line_1_7' title="bbox 362 1263 1735 1406; baseline 0.02 -75"><span class='ocrx_word' id='word_1_54' title='bbox 362 1267 595 1358; x_wconf 68' lang='grc' dir='ltr'><strong><em>κοιμημτνων</em></strong></span> <span class='ocrx_word' id='word_1_55' title='bbox 610 1263 734 1406; x_wconf 71' lang='grc' dir='ltr'><strong><em>ἦμρῖν,</em></strong></span> <span class='ocrx_word' id='word_1_56' title='bbox 752 1265 843 1342; x_wconf 88' lang='grc' dir='ltr'><strong><em>κατά</em></strong></span> <span class='ocrx_word' id='word_1_57' title='bbox 870 1271 913 1343; x_wconf 81' lang='grc' dir='ltr'><strong><em>τὸ</em></strong></span> <span class='ocrx_word' id='word_1_58' title='bbox 939 1268 1031 1354; x_wconf 75' lang='grc' dir='ltr'><strong><em>ἔλεός</em></strong></span> <span class='ocrx_word' id='word_1_59' title='bbox 1067 1271 1210 1345; x_wconf 89' lang='lat' dir='ltr'><strong>cundum</strong></span> <span class='ocrx_word' id='word_1_60' title='bbox 1248 1278 1511 1353; x_wconf 87' lang='lat' dir='ltr'><strong>misericordiam</strong></span> <span class='ocrx_word' id='word_1_61' title='bbox 1551 1293 1661 1375; x_wconf 88' lang='lat' dir='ltr'><strong>tuam,</strong></span> <span class='ocrx_word' id='word_1_62' title='bbox 1700 1297 1735 1358; x_wconf 88' lang='lat' dir='ltr'><strong>et</strong></span> 
     </span>
     <span class='ocr_line' id='line_1_8' title="bbox 361 1375 1734 1485; baseline 0.019 -37"><span class='ocrx_word' id='word_1_63' title='bbox 361 1398 441 1465; x_wconf 92' lang='grc' dir='ltr'><strong><em>σου,</em></strong></span> <span class='ocrx_word' id='word_1_64' title='bbox 455 1375 516 1462; x_wconf 78' lang='grc' dir='ltr'><strong>καὶ</strong></span> <span class='ocrx_word' id='word_1_65' title='bbox 532 1377 623 1452; x_wconf 86' lang='grc' dir='ltr'><strong><em>κατά</em></strong></span> <span class='ocrx_word' id='word_1_66' title='bbox 641 1409 683 1454; x_wconf 92' lang='grc' dir='ltr'><strong><em>το</em></strong></span> <span class='ocrx_word' id='word_1_67' title='bbox 673 1380 843 1481; x_wconf 78' lang='grc' dir='ltr'><em>θέλημα</em></span> <span class='ocrx_word' id='word_1_68' title='bbox 860 1390 1029 1485; x_wconf 78' lang='grc' dir='ltr'><strong><em>Χριστοῦ</em></strong></span> <span class='ocrx_word' id='word_1_69' title='bbox 1070 1388 1252 1460; x_wconf 87' lang='lat' dir='ltr'><strong>secundum</strong></span> <span class='ocrx_word' id='word_1_70' title='bbox 1277 1391 1481 1466; x_wconf 83' lang='lat' dir='ltr'><strong>voluntatem</strong></span> <span class='ocrx_word' id='word_1_71' title='bbox 1505 1395 1627 1472; x_wconf 82' lang='lat' dir='ltr'><strong>Christi</strong></span> <span class='ocrx_word' id='word_1_72' title='bbox 1651 1402 1734 1475; x_wconf 91' lang='lat' dir='ltr'><strong>Dei:</strong></span> 
     </span>
     <span class='ocr_line' id='line_1_9' title="bbox 360 1493 1734 1602; baseline 0.02 -38"><span class='ocrx_word' id='word_1_73' title='bbox 360 1497 427 1564; x_wconf 86' lang='grc' dir='ltr'><strong><em>τοῦ</em></strong></span> <span class='ocrx_word' id='word_1_74' title='bbox 448 1498 539 1570; x_wconf 80' lang='grc' dir='ltr'><strong><em>Θεοῦ</em></strong></span> <span class='ocrx_word' id='word_1_75' title='bbox 562 1493 724 1590; x_wconf 80' lang='grc' dir='ltr'><strong><em>δεόμεθά</em></strong></span> <span class='ocrx_word' id='word_1_76' title='bbox 746 1523 832 1590; x_wconf 92' lang='grc' dir='ltr'><strong><em>σου,</em></strong></span> <span class='ocrx_word' id='word_1_77' title='bbox 850 1500 910 1575; x_wconf 78' lang='grc' dir='ltr'><strong>καὶ</strong></span> <span class='ocrx_word' id='word_1_78' title='bbox 927 1501 1028 1602; x_wconf 85' lang='grc' dir='ltr'><em>κύριε</em></span> <span class='ocrx_word' id='word_1_79' title='bbox 1070 1499 1290 1596; x_wconf 75' lang='lat' dir='ltr'>deprecamur</span> <span class='ocrx_word' id='word_1_80' title='bbox 1331 1518 1384 1597; x_wconf 71' lang='grc'><strong>11,</strong></span> <span class='ocrx_word' id='word_1_81' title='bbox 1425 1510 1569 1584; x_wconf 82' lang='lat' dir='ltr'>Domine</span> <span class='ocrx_word' id='word_1_82' title='bbox 1612 1517 1734 1588; x_wconf 79' lang='lat' dir='ltr'>exaudi</span> 
     </span>
     <span class='ocr_line' id='line_1_10' title="bbox 359 1604 1445 1716; baseline 0.014 -36"><span class='ocrx_word' id='word_1_83' title='bbox 359 1604 572 1699; x_wconf 73' lang='grc' dir='ltr'><strong><em>ἐπάκουσον,</em></strong></span> <span class='ocrx_word' id='word_1_84' title='bbox 589 1608 690 1710; x_wconf 87' lang='grc' dir='ltr'><strong><em>κύριε</em></strong></span> <span class='ocrx_word' id='word_1_85' title='bbox 707 1617 860 1710; x_wconf 76' lang='grc' dir='ltr'><strong><em>ἐλέησον.</em></strong></span> <span class='ocrx_word' id='word_1_86' title='bbox 1066 1638 1146 1690; x_wconf 88' lang='lat' dir='ltr'><strong>nos:</strong></span> <span class='ocrx_word' id='word_1_87' title='bbox 1173 1617 1280 1716; x_wconf 78' lang='lat' dir='ltr'><strong>Kyrie</strong></span> <span class='ocrx_word' id='word_1_88' title='bbox 1307 1622 1445 1696; x_wconf 87' lang='lat' dir='ltr'><strong>eleison.</strong></span> 
     </span>
    </p>

    <p class='ocr_par' dir='ltr' id='par_1_3' title="bbox 355 1723 1813 2744">
     <span class='ocr_line' id='line_1_11' title="bbox 411 1723 1733 1834; baseline 0.019 -39"><span class='ocrx_word' id='word_1_89' title='bbox 411 1723 510 1820; x_wconf 74' lang='grc' dir='ltr'><strong><em>Ὑπὲρ</em></strong></span> <span class='ocrx_word' id='word_1_90' title='bbox 537 1723 692 1824; x_wconf 74' lang='grc' dir='ltr'><strong><em>ἀφέσεως</em></strong></span> <span class='ocrx_word' id='word_1_91' title='bbox 715 1727 904 1827; x_wconf 83' lang='grc' dir='ltr'><strong><em>άμαρτιάν</em></strong></span> <span class='ocrx_word' id='word_1_92' title='bbox 929 1731 1035 1828; x_wconf 74' lang='grc' dir='ltr'><strong><em>ἡμῶν</em></strong></span> <span class='ocrx_word' id='word_1_93' title='bbox 1112 1732 1179 1804; x_wconf 87' lang='lat' dir='ltr'><strong>Pro</strong></span> <span class='ocrx_word' id='word_1_94' title='bbox 1208 1738 1407 1810; x_wconf 84' lang='lat' dir='ltr'><strong>remissione</strong></span> <span class='ocrx_word' id='word_1_95' title='bbox 1423 1753 1637 1834; x_wconf 87' lang='lat' dir='ltr'><strong>peccatorum</strong></span> <span class='ocrx_word' id='word_1_96' title='bbox 1662 1769 1733 1820; x_wconf 93' lang='lat' dir='ltr'><strong>no-</strong></span> 
     </span>
     <span class='ocr_line' id='line_1_12' title="bbox 360 1835 1734 1947; baseline 0.018 -38"><span class='ocrx_word' id='word_1_97' title='bbox 360 1835 420 1909; x_wconf 80' lang='grc' dir='ltr'><strong><em>καὶ</em></strong></span> <span class='ocrx_word' id='word_1_98' title='bbox 433 1839 691 1939; x_wconf 73' lang='grc' dir='ltr'><strong><em>σογχωρήσεως</em></strong></span> <span class='ocrx_word' id='word_1_99' title='bbox 709 1845 894 1921; x_wconf 71' lang='grc' dir='ltr'><strong><em>παντοίων</em></strong></span> <span class='ocrx_word' id='word_1_100' title='bbox 904 1853 1029 1945; x_wconf 81' lang='grc' dir='ltr'><strong><em>πλημ-</em></strong></span> <span class='ocrx_word' id='word_1_101' title='bbox 1066 1856 1226 1936; x_wconf 85' lang='lat' dir='ltr'><strong>stromm,</strong></span> <span class='ocrx_word' id='word_1_102' title='bbox 1275 1861 1309 1923; x_wconf 87' lang='lat' dir='ltr'><strong>et</strong></span> <span class='ocrx_word' id='word_1_103' title='bbox 1347 1874 1409 1947; x_wconf 91' lang='lat' dir='ltr'><strong>pro</strong></span> <span class='ocrx_word' id='word_1_104' title='bbox 1447 1861 1549 1929; x_wconf 88' lang='lat' dir='ltr'><strong>venia</strong></span> <span class='ocrx_word' id='word_1_105' title='bbox 1590 1865 1734 1934; x_wconf 91' lang='lat' dir='ltr'><strong>omnium</strong></span> 
     </span>
     <span class='ocr_line' id='line_1_13' title="bbox 358 1950 1732 2067; baseline 0.018 -41"><span class='ocrx_word' id='word_1_106' title='bbox 358 1950 577 2050; x_wconf 81' lang='grc' dir='ltr'><strong><em>μελημάτων</em></strong></span> <span class='ocrx_word' id='word_1_107' title='bbox 593 1957 713 2052; x_wconf 74' lang='grc' dir='ltr'><strong><em>ἡμῶν·</em></strong></span> <span class='ocrx_word' id='word_1_108' title='bbox 730 1959 790 2033; x_wconf 76' lang='lat' dir='ltr'><strong>noi</strong></span> <span class='ocrx_word' id='word_1_109' title='bbox 810 1967 874 2036; x_wconf 85' lang='grc' dir='ltr'><strong><em>τοῦ</em></strong></span> <span class='ocrx_word' id='word_1_110' title='bbox 883 1967 1028 2060; x_wconf 55' lang='lat' dir='ltr'><strong>doodff-</strong></span> <span class='ocrx_word' id='word_1_111' title='bbox 1069 1965 1240 2036; x_wconf 88' lang='lat' dir='ltr'><strong>eriminum</strong></span> <span class='ocrx_word' id='word_1_112' title='bbox 1266 1975 1468 2060; x_wconf 87' lang='lat' dir='ltr'><strong>nostrornm,</strong></span> <span class='ocrx_word' id='word_1_113' title='bbox 1495 1982 1596 2067; x_wconf 89' lang='lat' dir='ltr'><strong>utque</strong></span> <span class='ocrx_word' id='word_1_114' title='bbox 1612 1977 1732 2050; x_wconf 86' lang='lat' dir='ltr'><strong>selve-</strong></span> 
     </span>
     <span class='ocr_line' id='line_1_14' title="bbox 358 2069 1731 2184; baseline 0.023 -50"><span class='ocrx_word' id='word_1_115' title='bbox 358 2097 437 2156; x_wconf 73' lang='grc' dir='ltr'><strong><em>ναι,</em></strong></span> <span class='ocrx_word' id='word_1_116' title='bbox 455 2069 516 2143; x_wconf 81' lang='grc' dir='ltr'><strong>καὶ</strong></span> <span class='ocrx_word' id='word_1_117' title='bbox 533 2075 701 2170; x_wconf 69' lang='grc' dir='ltr'><strong><em>σωθῆναι</em></strong></span> <span class='ocrx_word' id='word_1_118' title='bbox 715 2075 808 2172; x_wconf 75' lang='grc' dir='ltr'><strong>ἡμᾶς</strong></span> <span class='ocrx_word' id='word_1_119' title='bbox 824 2075 895 2152; x_wconf 70' lang='grc' dir='ltr'><strong>ἀπὸ</strong></span> <span class='ocrx_word' id='word_1_120' title='bbox 912 2077 1027 2178; x_wconf 70' lang='grc' dir='ltr'><strong><em>πάσης</em></strong></span> <span class='ocrx_word' id='word_1_121' title='bbox 1068 2098 1141 2148; x_wconf 87' lang='lat' dir='ltr'><strong>mur</strong></span> <span class='ocrx_word' id='word_1_122' title='bbox 1181 2077 1223 2150; x_wconf 90' lang='lat' dir='ltr'><strong>ab</strong></span> <span class='ocrx_word' id='word_1_123' title='bbox 1265 2086 1353 2154; x_wconf 91' lang='lat' dir='ltr'><strong>omni</strong></span> <span class='ocrx_word' id='word_1_124' title='bbox 1388 2091 1630 2183; x_wconf 80' lang='lat' dir='ltr'>oppressione,</span> <span class='ocrx_word' id='word_1_125' title='bbox 1668 2095 1731 2184; x_wconf 89' lang='lat' dir='ltr'><strong>ira,</strong></span> 
     </span>
     <span class='ocr_line' id='line_1_15' title="bbox 358 2185 1730 2295; baseline 0.015 -36"><span class='ocrx_word' id='word_1_126' title='bbox 358 2185 538 2282; x_wconf 74' lang='grc' dir='ltr'><strong><em>θλίψεως,</em></strong></span> <span class='ocrx_word' id='word_1_127' title='bbox 563 2185 683 2288; x_wconf 76' lang='grc' dir='ltr'><strong><em>ὀργῆς,</em></strong></span> <span class='ocrx_word' id='word_1_128' title='bbox 699 2189 889 2283; x_wconf 73' lang='grc' dir='ltr'><strong><em>κινδύνου,</em></strong></span> <span class='ocrx_word' id='word_1_129' title='bbox 907 2192 1026 2295; x_wconf 77' lang='grc' dir='ltr'><strong><em>άνάγ-</em></strong></span> <span class='ocrx_word' id='word_1_130' title='bbox 1066 2195 1235 2289; x_wconf 85' lang='lat' dir='ltr'><strong>periculo,</strong></span> <span class='ocrx_word' id='word_1_131' title='bbox 1261 2201 1481 2291; x_wconf 78' lang='lat' dir='ltr'><strong>necessitate,</strong></span> <span class='ocrx_word' id='word_1_132' title='bbox 1509 2207 1597 2275; x_wconf 91' lang='lat' dir='ltr'><strong>omni</strong></span> <span class='ocrx_word' id='word_1_133' title='bbox 1617 2215 1730 2278; x_wconf 89' lang='lat' dir='ltr'><strong>tenta-</strong></span> 
     </span>
     <span class='ocr_line' id='line_1_16' title="bbox 357 2302 1732 2405; baseline 0.017 -34"><span class='ocrx_word' id='word_1_134' title='bbox 357 2325 431 2395; x_wconf 85' lang='grc' dir='ltr'><strong><em>κης,</em></strong></span> <span class='ocrx_word' id='word_1_135' title='bbox 450 2302 584 2386; x_wconf 79' lang='grc' dir='ltr'><strong><em>παντὸς</em></strong></span> <span class='ocrx_word' id='word_1_136' title='bbox 605 2319 824 2405; x_wconf 77' lang='grc' dir='ltr'><strong><em>πειρασμοῦ,</em></strong></span> <span class='ocrx_word' id='word_1_137' title='bbox 850 2309 912 2383; x_wconf 87' lang='grc' dir='ltr'><strong>και</strong></span> <span class='ocrx_word' id='word_1_138' title='bbox 936 2314 1025 2385; x_wconf 74' lang='lat' dir='ltr'><strong>euo-</strong></span> <span class='ocrx_word' id='word_1_139' title='bbox 1063 2313 1154 2382; x_wconf 92' lang='lat' dir='ltr'><strong>tione</strong></span> <span class='ocrx_word' id='word_1_140' title='bbox 1185 2321 1218 2382; x_wconf 90' lang='lat' dir='ltr'><strong>et</strong></span> <span class='ocrx_word' id='word_1_141' title='bbox 1248 2313 1490 2388; x_wconf 79' lang='lat' dir='ltr'><strong>insurrectione</strong></span> <span class='ocrx_word' id='word_1_142' title='bbox 1521 2315 1664 2392; x_wconf 89' lang='lat' dir='ltr'><strong>hostium</strong></span> <span class='ocrx_word' id='word_1_143' title='bbox 1698 2332 1732 2394; x_wconf 91' lang='lat' dir='ltr'><strong>et</strong></span> 
     </span>
     <span class='ocr_line' id='line_1_17' title="bbox 355 2409 1813 2541; baseline 0.017 -53"><span class='ocrx_word' id='word_1_144' title='bbox 355 2413 559 2499; x_wconf 81' lang='grc' dir='ltr'><strong><em>ναστάσιως</em></strong></span> <span class='ocrx_word' id='word_1_145' title='bbox 576 2422 736 2524; x_wconf 74' lang='grc' dir='ltr'><strong><em>ἐχθράν,</em></strong></span> <span class='ocrx_word' id='word_1_146' title='bbox 754 2452 791 2497; x_wconf 82' lang='grc' dir='ltr'><strong><em>τι</em></strong></span> <span class='ocrx_word' id='word_1_147' title='bbox 807 2451 868 2497; x_wconf 89' lang='grc' dir='ltr'><strong>και</strong></span> <span class='ocrx_word' id='word_1_148' title='bbox 859 2421 1023 2518; x_wconf 74' lang='grc' dir='ltr'><strong><em>ἐθνῶν,</em></strong></span> <span class='ocrx_word' id='word_1_149' title='bbox 1064 2429 1229 2518; x_wconf 85' lang='lat' dir='ltr'><strong>genttrum:</strong></span> <span class='ocrx_word' id='word_1_150' title='bbox 1256 2409 1476 2523; x_wconf 88' lang='lat' dir='ltr'><strong>deprecamur</strong></span> <span class='ocrx_word' id='word_1_151' title='bbox 1506 2443 1561 2526; x_wconf 83' lang='lat' dir='ltr'><strong>te,</strong></span> <span class='ocrx_word' id='word_1_152' title='bbox 1587 2434 1731 2511; x_wconf 87' lang='lat' dir='ltr'><strong>Domine</strong></span> <span class='ocrx_word' id='word_1_153' title='bbox 1808 2533 1813 2541; x_wconf 17' lang='grc' dir='ltr'>ἱ</span> 
     </span>
     <span class='ocr_line' id='line_1_18' title="bbox 356 2525 1499 2638; baseline 0.023 -38"><span class='ocrx_word' id='word_1_154' title='bbox 356 2525 518 2623; x_wconf 76' lang='grc' dir='ltr'><strong><em>δεόμεθά</em></strong></span> <span class='ocrx_word' id='word_1_155' title='bbox 549 2557 637 2624; x_wconf 88' lang='grc' dir='ltr'><strong><em>σου,</em></strong></span> <span class='ocrx_word' id='word_1_156' title='bbox 675 2534 775 2637; x_wconf 81' lang='grc' dir='ltr'><strong><em>κύριε</em></strong></span> <span class='ocrx_word' id='word_1_157' title='bbox 807 2537 1022 2635; x_wconf 79' lang='grc' dir='ltr'><strong><em>ἐπάκουσον,</em></strong></span> <span class='ocrx_word' id='word_1_158' title='bbox 1062 2541 1200 2614; x_wconf 71' lang='lat' dir='ltr'><strong>exaudi:</strong></span> <span class='ocrx_word' id='word_1_159' title='bbox 1226 2541 1332 2638; x_wconf 76' lang='lat' dir='ltr'><strong>Kyme</strong></span> <span class='ocrx_word' id='word_1_160' title='bbox 1359 2544 1499 2619; x_wconf 89' lang='lat' dir='ltr'><strong>eleison</strong></span> 
     </span>
     <span class='ocr_line' id='line_1_19' title="bbox 355 2640 624 2744; baseline 0.019 -27"><span class='ocrx_word' id='word_1_161' title='bbox 355 2640 456 2741; x_wconf 80' lang='grc' dir='ltr'><strong><em>κύριε</em></strong></span> <span class='ocrx_word' id='word_1_162' title='bbox 470 2649 624 2744; x_wconf 39' lang='grc' dir='ltr'><strong><em>ἕλεᾛησον</em></strong></span> 
     </span>
    </p>

    <p class='ocr_par' dir='ltr' id='par_1_4' title="bbox 351 2759 1730 3565">
     <span class='ocr_line' id='line_1_20' title="bbox 405 2759 1730 2901; baseline 0.023 -72.228"><span class='ocrx_word' id='word_1_163' title='bbox 405 2759 504 2901; x_wconf 72' lang='grc' dir='ltr'><strong><em>Ὑπὲρ</em></strong></span> <span class='ocrx_word' id='word_1_164' title='bbox 539 2768 600 2858; x_wconf 81' lang='grc' dir='ltr'><strong><em>τῆς</em></strong></span> <span class='ocrx_word' id='word_1_165' title='bbox 629 2764 732 2864; x_wconf 74' lang='grc' dir='ltr'><strong><em>άγίας</em></strong></span> <span class='ocrx_word' id='word_1_166' title='bbox 762 2774 931 2869; x_wconf 80' lang='grc' dir='ltr'><strong><em>Χριστοῦ</em></strong></span> <span class='ocrx_word' id='word_1_167' title='bbox 961 2781 1029 2848; x_wconf 82' lang='grc' dir='ltr'><strong><em>τοῦ</em></strong></span> <span class='ocrx_word' id='word_1_168' title='bbox 1104 2770 1171 2843; x_wconf 83' lang='lat' dir='ltr'><strong>Pro</strong></span> <span class='ocrx_word' id='word_1_169' title='bbox 1215 2785 1331 2846; x_wconf 75' lang='lat' dir='ltr'><strong>sancia</strong></span> <span class='ocrx_word' id='word_1_170' title='bbox 1378 2774 1442 2849; x_wconf 82' lang='lat' dir='ltr'><strong>hac</strong></span> <span class='ocrx_word' id='word_1_171' title='bbox 1480 2778 1566 2852; x_wconf 80' lang='lat' dir='ltr'><strong>urbe</strong></span> <span class='ocrx_word' id='word_1_172' title='bbox 1608 2781 1730 2860; x_wconf 75' lang='grc' dir='ltr'>011118ῑί</span> 
     </span>
     <span class='ocr_line' id='line_1_21' title="bbox 356 2875 1730 2987; baseline 0.019 -41"><span class='ocrx_word' id='word_1_173' title='bbox 356 2875 501 2948; x_wconf 73' lang='grc' dir='ltr'><strong><em>Θεοῦ“</em></strong></span> <span class='ocrx_word' id='word_1_174' title='bbox 479 2883 584 2971; x_wconf 75' lang='grc' dir='ltr'><strong><em>ημῶν</em></strong></span> <span class='ocrx_word' id='word_1_175' title='bbox 618 2877 753 2967; x_wconf 79' lang='grc' dir='ltr'><strong><em>πόλεως</em></strong></span> <span class='ocrx_word' id='word_1_176' title='bbox 785 2882 927 2982; x_wconf 80' lang='grc' dir='ltr'><strong><em>ταύτης,</em></strong></span> <span class='ocrx_word' id='word_1_177' title='bbox 961 2887 1021 2963; x_wconf 69' lang='grc' dir='ltr'><strong><em>κατ’</em></strong></span> <span class='ocrx_word' id='word_1_178' title='bbox 1059 2885 1123 2958; x_wconf 91' lang='lat' dir='ltr'><strong>Dei</strong></span> <span class='ocrx_word' id='word_1_179' title='bbox 1149 2892 1275 2978; x_wconf 90' lang='lat' dir='ltr'><strong>nostri,</strong></span> <span class='ocrx_word' id='word_1_180' title='bbox 1309 2901 1344 2961; x_wconf 87' lang='lat' dir='ltr'><strong>et</strong></span> <span class='ocrx_word' id='word_1_181' title='bbox 1375 2915 1438 2987; x_wconf 93' lang='lat' dir='ltr'><strong>pro</strong></span> <span class='ocrx_word' id='word_1_182' title='bbox 1471 2899 1560 2967; x_wconf 91' lang='lat' dir='ltr'><strong>omni</strong></span> <span class='ocrx_word' id='word_1_183' title='bbox 1585 2896 1684 2971; x_wconf 88' lang='lat' dir='ltr'><strong>urbe</strong></span> <span class='ocrx_word' id='word_1_184' title='bbox 1696 2909 1730 2972; x_wconf 89' lang='lat' dir='ltr'><strong>et</strong></span> 
     </span>
     <span class='ocr_line' id='line_1_22' title="bbox 353 2985 1729 3101; baseline 0.021 -43"><span class='ocrx_word' id='word_1_185' title='bbox 353 2985 468 3085; x_wconf 80' lang='grc' dir='ltr'><strong><em>πάσης</em></strong></span> <span class='ocrx_word' id='word_1_186' title='bbox 483 2989 628 3082; x_wconf 81' lang='grc' dir='ltr'><strong><em>πόλεως,</em></strong></span> <span class='ocrx_word' id='word_1_187' title='bbox 646 2995 707 3069; x_wconf 80' lang='grc' dir='ltr'><strong>καὶ</strong></span> <span class='ocrx_word' id='word_1_188' title='bbox 721 2995 855 3098; x_wconf 82' lang='grc' dir='ltr'><strong><em>χώρας,</em></strong></span> <span class='ocrx_word' id='word_1_189' title='bbox 872 3000 1020 3079; x_wconf 74' lang='grc' dir='ltr'><strong><em>καὶτῶν</em></strong></span> <span class='ocrx_word' id='word_1_190' title='bbox 1059 3005 1222 3093; x_wconf 84' lang='lat' dir='ltr'><strong>regione,</strong></span> <span class='ocrx_word' id='word_1_191' title='bbox 1259 3015 1292 3076; x_wconf 84' lang='lat' dir='ltr'><strong>et</strong></span> <span class='ocrx_word' id='word_1_192' title='bbox 1326 3028 1388 3101; x_wconf 91' lang='lat' dir='ltr'><strong>pro</strong></span> <span class='ocrx_word' id='word_1_193' title='bbox 1424 3009 1628 3087; x_wconf 86' lang='lat' dir='ltr'><strong>Orthodoxis</strong></span> <span class='ocrx_word' id='word_1_194' title='bbox 1663 3015 1729 3088; x_wconf 84' lang='lat' dir='ltr'><strong>tide</strong></span> 
     </span>
     <span class='ocr_line' id='line_1_23' title="bbox 353 3099 1728 3262; baseline 0.02 -87"><span class='ocrx_word' id='word_1_195' title='bbox 353 3099 752 3200; x_wconf 77' lang='grc' dir='ltr'><strong><em>ὀρθοάόξοινένπίστιι</em></strong></span> <span class='ocrx_word' id='word_1_196' title='bbox 775 3113 837 3187; x_wconf 82' lang='grc' dir='ltr'><strong>καὶ</strong></span> <span class='ocrx_word' id='word_1_197' title='bbox 862 3113 1021 3262; x_wconf 76' lang='grc' dir='ltr'><strong><em>τάσιβάρ</em></strong></span> <span class='ocrx_word' id='word_1_198' title='bbox 1062 3125 1096 3186; x_wconf 93' lang='lat' dir='ltr'><strong>et</strong></span> <span class='ocrx_word' id='word_1_199' title='bbox 1126 3120 1250 3212; x_wconf 90' lang='lat' dir='ltr'><strong>pietate</strong></span> <span class='ocrx_word' id='word_1_200' title='bbox 1282 3126 1489 3216; x_wconf 79' lang='lat' dir='ltr'><strong>conspicuis,</strong></span> <span class='ocrx_word' id='word_1_201' title='bbox 1523 3129 1637 3218; x_wconf 90' lang='lat' dir='ltr'><strong>quiin</strong></span> <span class='ocrx_word' id='word_1_202' title='bbox 1664 3129 1728 3202; x_wconf 89' lang='lat' dir='ltr'><strong>illis</strong></span> 
     </span>
     <span class='ocr_line' id='line_1_24' title="bbox 354 3219 1729 3336; baseline 0.021 -49"><span class='ocrx_word' id='word_1_203' title='bbox 354 3219 601 3298; x_wconf 69' lang='lat' dir='ltr'><strong>olxodwwv’</strong></span> <span class='ocrx_word' id='word_1_204' title='bbox 583 3254 620 3299; x_wconf 68' lang='lat' dir='ltr'><em>w</em></span> <span class='ocrx_word' id='word_1_205' title='bbox 646 3225 782 3321; x_wconf 69' lang='grc' dir='ltr'><strong><em>αὐταῖς,</em></strong></span> <span class='ocrx_word' id='word_1_206' title='bbox 800 3227 937 3330; x_wconf 66' lang='grc' dir='ltr'><strong><em>εἰρήνης</em></strong></span> <span class='ocrx_word' id='word_1_207' title='bbox 960 3233 1021 3307; x_wconf 79' lang='grc' dir='ltr'><strong>καὶ</strong></span> <span class='ocrx_word' id='word_1_208' title='bbox 1060 3228 1223 3305; x_wconf 85' lang='lat' dir='ltr'><strong>habitant:</strong></span> <span class='ocrx_word' id='word_1_209' title='bbox 1265 3244 1301 3306; x_wconf 89' lang='lat' dir='ltr'><strong>ut</strong></span> <span class='ocrx_word' id='word_1_210' title='bbox 1337 3239 1436 3309; x_wconf 88' lang='lat' dir='ltr'><strong>etiam</strong></span> <span class='ocrx_word' id='word_1_211' title='bbox 1471 3262 1535 3334; x_wconf 87' lang='lat' dir='ltr'><strong>pro</strong></span> <span class='ocrx_word' id='word_1_212' title='bbox 1572 3265 1658 3336; x_wconf 88' lang='lat' dir='ltr'><strong>pace</strong></span> <span class='ocrx_word' id='word_1_213' title='bbox 1695 3254 1729 3315; x_wconf 95' lang='lat' dir='ltr'><strong>et</strong></span> 
     </span>
     <span class='ocr_line' id='line_1_25' title="bbox 352 3330 1727 3451; baseline 0.014 -40"><span class='ocrx_word' id='word_1_214' title='bbox 352 3330 545 3434; x_wconf 63' lang='lat' dir='ltr'><strong>dependas</strong></span> <span class='ocrx_word' id='word_1_215' title='bbox 573 3339 712 3434; x_wconf 76' lang='grc' dir='ltr'><strong><em>αὐτῶν,</em></strong></span> <span class='ocrx_word' id='word_1_216' title='bbox 737 3343 899 3440; x_wconf 78' lang='grc' dir='ltr'><strong><em>δεόμεθά</em></strong></span> <span class='ocrx_word' id='word_1_217' title='bbox 935 3374 1017 3442; x_wconf 83' lang='grc' dir='ltr'><strong><em>σου,</em></strong></span> <span class='ocrx_word' id='word_1_218' title='bbox 1056 3351 1236 3420; x_wconf 82' lang='lat' dir='ltr'><strong>securitate</strong></span> <span class='ocrx_word' id='word_1_219' title='bbox 1262 3348 1407 3424; x_wconf 85' lang='lat' dir='ltr'><strong>illorum:</strong></span> <span class='ocrx_word' id='word_1_220' title='bbox 1435 3353 1655 3449; x_wconf 84' lang='lat' dir='ltr'><strong>deprecamur</strong></span> <span class='ocrx_word' id='word_1_221' title='bbox 1681 3368 1727 3451; x_wconf 92' lang='lat' dir='ltr'><strong>te,</strong></span> 
     </span>
     <span class='ocr_line' id='line_1_26' title="bbox 351 3446 1689 3565; baseline 0.018 -45"><span class='ocrx_word' id='word_1_222' title='bbox 351 3446 451 3548; x_wconf 74' lang='grc' dir='ltr'><strong><em>κύριε</em></strong></span> <span class='ocrx_word' id='word_1_223' title='bbox 469 3451 681 3548; x_wconf 74' lang='grc' dir='ltr'><strong><em>ἐπάκουσον,</em></strong></span> <span class='ocrx_word' id='word_1_224' title='bbox 696 3455 798 3560; x_wconf 69' lang='grc' dir='ltr'><strong><em>κύριε</em></strong></span> <span class='ocrx_word' id='word_1_225' title='bbox 813 3465 966 3561; x_wconf 46' lang='lat' dir='ltr'><strong>metm</strong></span> <span class='ocrx_word' id='word_1_226' title='bbox 1056 3463 1202 3534; x_wconf 91' lang='lat' dir='ltr'><strong>Domine</strong></span> <span class='ocrx_word' id='word_1_227' title='bbox 1229 3464 1362 3538; x_wconf 85' lang='lat' dir='ltr'><strong>exaudi.</strong></span> <span class='ocrx_word' id='word_1_228' title='bbox 1414 3469 1522 3565; x_wconf 78' lang='lat' dir='ltr'><strong>Kyrie</strong></span> <span class='ocrx_word' id='word_1_229' title='bbox 1549 3471 1689 3546; x_wconf 91' lang='lat' dir='ltr'><strong>eleison.</strong></span> 
     </span>
    </p>

    <p class='ocr_par' dir='ltr' id='par_1_5' title="bbox 346 3567 1746 4480">
     <span class='ocr_line' id='line_1_27' title="bbox 404 3567 1726 3724; baseline 0.018 -88"><span class='ocrx_word' id='word_1_230' title='bbox 404 3567 532 3640; x_wconf 88' lang='grc' dir='ltr'><strong>Και</strong></span> <span class='ocrx_word' id='word_1_231' title='bbox 509 3575 597 3669; x_wconf 69' lang='lat' dir='ltr'><strong>vaip</strong></span> <span class='ocrx_word' id='word_1_232' title='bbox 630 3580 697 3649; x_wconf 75' lang='grc' dir='ltr'><strong>τοῦ</strong></span> <span class='ocrx_word' id='word_1_233' title='bbox 733 3583 1021 3724; x_wconf 60' lang='grc' dir='ltr'><strong><em>συγχωρράῐρρς</em></strong></span> <span class='ocrx_word' id='word_1_234' title='bbox 1107 3575 1152 3648; x_wconf 85' lang='lat' dir='ltr'><strong>Et</strong></span> <span class='ocrx_word' id='word_1_235' title='bbox 1183 3588 1218 3649; x_wconf 92' lang='lat' dir='ltr'><strong>nt</strong></span> <span class='ocrx_word' id='word_1_236' title='bbox 1250 3581 1459 3654; x_wconf 89' lang='lat' dir='ltr'><strong>condonetur</strong></span> <span class='ocrx_word' id='word_1_237' title='bbox 1484 3584 1583 3660; x_wconf 89' lang='lat' dir='ltr'><strong>nohis</strong></span> <span class='ocrx_word' id='word_1_238' title='bbox 1612 3589 1726 3683; x_wconf 89' lang='lat' dir='ltr'><strong>quod-</strong></span> 
     </span>
     <span class='ocr_line' id='line_1_28' title="bbox 351 3682 1728 3838; baseline 0.019 -88"><span class='ocrx_word' id='word_1_239' title='bbox 351 3682 441 3780; x_wconf 74' lang='grc' dir='ltr'><strong><em>ἡμῖν</em></strong></span> <span class='ocrx_word' id='word_1_240' title='bbox 462 3695 536 3763; x_wconf 72' lang='grc' dir='ltr'><strong>πᾶν</strong></span> <span class='ocrx_word' id='word_1_241' title='bbox 563 3696 870 3838; x_wconf 51' lang='grc' dir='ltr'><strong><em>ρλημμςῃημρ,(</em></strong></span> <span class='ocrx_word' id='word_1_242' title='bbox 852 3697 1018 3774; x_wconf 50' lang='lat' dir='ltr'><strong>membra</strong></span> <span class='ocrx_word' id='word_1_243' title='bbox 1059 3715 1200 3787; x_wconf 89' lang='lat' dir='ltr'><strong>cumque</strong></span> <span class='ocrx_word' id='word_1_244' title='bbox 1232 3693 1386 3768; x_wconf 87' lang='lat' dir='ltr'><strong>delictum</strong></span> <span class='ocrx_word' id='word_1_245' title='bbox 1416 3699 1639 3774; x_wconf 87' lang='lat' dir='ltr'><strong>voluntarium</strong></span> <span class='ocrx_word' id='word_1_246' title='bbox 1672 3716 1728 3777; x_wconf 86' lang='lat' dir='ltr'><strong>aut</strong></span> 
     </span>
     <span class='ocr_line' id='line_1_29' title="bbox 351 3801 1726 3914; baseline 0.019 -49"><span class='ocrx_word' id='word_1_247' title='bbox 351 3827 388 3873; x_wconf 71' lang='grc' dir='ltr'><strong><em>τε</em></strong></span> <span class='ocrx_word' id='word_1_248' title='bbox 404 3801 465 3875; x_wconf 80' lang='grc' dir='ltr'><strong>καὶ</strong></span> <span class='ocrx_word' id='word_1_249' title='bbox 482 3801 670 3898; x_wconf 67' lang='grc' dir='ltr'><strong><em>ἀκούσιον,</em></strong></span> <span class='ocrx_word' id='word_1_250' title='bbox 692 3809 753 3883; x_wconf 76' lang='grc' dir='ltr'><strong>καὶ</strong></span> <span class='ocrx_word' id='word_1_251' title='bbox 777 3821 845 3888; x_wconf 68' lang='grc' dir='ltr'><strong>τοῦ</strong></span> <span class='ocrx_word' id='word_1_252' title='bbox 867 3813 1020 3914; x_wconf 57' lang='lat' dir='ltr'><strong>aposte-</strong></span> <span class='ocrx_word' id='word_1_253' title='bbox 1058 3807 1330 3882; x_wconf 88' lang='lat' dir='ltr'><strong>involuntarium·</strong></span> <span class='ocrx_word' id='word_1_254' title='bbox 1369 3822 1470 3908; x_wconf 90' lang='lat' dir='ltr'><strong>utque</strong></span> <span class='ocrx_word' id='word_1_255' title='bbox 1505 3820 1726 3913; x_wconf 87' lang='lat' dir='ltr'><strong>suscipiantur</strong></span> 
     </span>
     <span class='ocr_line' id='line_1_30' title="bbox 347 3917 1725 4022; baseline 0.019 -41"><span class='ocrx_word' id='word_1_256' title='bbox 347 3917 488 4012; x_wconf 74' lang='grc' dir='ltr'><strong><em>χθῆναι</em></strong></span> <span class='ocrx_word' id='word_1_257' title='bbox 505 3918 574 4016; x_wconf 71' lang='grc' dir='ltr'><strong><em>τὴν</em></strong></span> <span class='ocrx_word' id='word_1_258' title='bbox 590 3919 714 4019; x_wconf 64' lang='grc' dir='ltr'><strong><em>δέησιν</em></strong></span> <span class='ocrx_word' id='word_1_259' title='bbox 729 3924 847 4022; x_wconf 49' lang='lat' dir='ltr'><strong>qm,</strong></span> <span class='ocrx_word' id='word_1_260' title='bbox 864 3930 925 4003; x_wconf 71' lang='lat' dir='ltr'><strong>nat</strong></span> <span class='ocrx_word' id='word_1_261' title='bbox 946 3960 1017 4008; x_wconf 76' lang='lat' dir='ltr'><strong>aa·</strong></span> <span class='ocrx_word' id='word_1_262' title='bbox 1060 3923 1315 4017; x_wconf 82' lang='lat' dir='ltr'><strong>deprecationes</strong></span> <span class='ocrx_word' id='word_1_263' title='bbox 1336 3937 1486 4020; x_wconf 89' lang='lat' dir='ltr'><strong>nostrae,</strong></span> <span class='ocrx_word' id='word_1_264' title='bbox 1509 3941 1544 4003; x_wconf 88' lang='lat' dir='ltr'><strong>et</strong></span> <span class='ocrx_word' id='word_1_265' title='bbox 1559 3936 1725 4008; x_wconf 89' lang='lat' dir='ltr'><strong>mittantur</strong></span> 
     </span>
     <span class='ocr_line' id='line_1_31' title="bbox 350 4035 1724 4140; baseline 0.02 -42"><span class='ocrx_word' id='word_1_266' title='bbox 350 4037 612 4132; x_wconf 67' lang='grc' dir='ltr'><strong><em>ταπςμφθῆγαι</em></strong></span> <span class='ocrx_word' id='word_1_267' title='bbox 637 4035 683 4111; x_wconf 72' lang='grc' dir='ltr'><strong>τά</strong></span> <span class='ocrx_word' id='word_1_268' title='bbox 713 4043 788 4140; x_wconf 70' lang='grc' dir='ltr'><strong>ἐλέη</strong></span> <span class='ocrx_word' id='word_1_269' title='bbox 815 4051 882 4119; x_wconf 68' lang='grc' dir='ltr'><strong>τοῦ</strong></span> <span class='ocrx_word' id='word_1_270' title='bbox 913 4053 1015 4137; x_wconf 54' lang='grc' dir='ltr'><strong><em>θεοῦ,</em></strong></span> <span class='ocrx_word' id='word_1_271' title='bbox 1053 4039 1303 4111; x_wconf 88' lang='lat' dir='ltr'><strong>misericordiae</strong></span> <span class='ocrx_word' id='word_1_272' title='bbox 1336 4053 1369 4113; x_wconf 94' lang='lat' dir='ltr'><strong>et</strong></span> <span class='ocrx_word' id='word_1_273' title='bbox 1400 4047 1632 4123; x_wconf 89' lang='lat' dir='ltr'><strong>miserationes</strong></span> <span class='ocrx_word' id='word_1_274' title='bbox 1659 4053 1724 4124; x_wconf 88' lang='lat' dir='ltr'><strong>Dei</strong></span> 
     </span>
     <span class='ocr_line' id='line_1_32' title="bbox 348 4147 1722 4253; baseline 0.012 -32"><span class='ocrx_word' id='word_1_275' title='bbox 348 4149 408 4222; x_wconf 85' lang='grc' dir='ltr'><strong>καὶ</strong></span> <span class='ocrx_word' id='word_1_276' title='bbox 442 4147 525 4234; x_wconf 82' lang='grc' dir='ltr'><strong><em>τούς</em></strong></span> <span class='ocrx_word' id='word_1_277' title='bbox 562 4153 770 4253; x_wconf 79' lang='grc' dir='ltr'><strong><em>οἰκτιρμοῦς</em></strong></span> <span class='ocrx_word' id='word_1_278' title='bbox 803 4158 917 4236; x_wconf 79' lang='grc' dir='ltr'><strong><em>αὐτοῦ</em></strong></span> <span class='ocrx_word' id='word_1_279' title='bbox 959 4161 1015 4238; x_wconf 79' lang='grc' dir='ltr'><strong>ἐπὶ</strong></span> <span class='ocrx_word' id='word_1_280' title='bbox 1053 4175 1155 4249; x_wconf 87' lang='lat' dir='ltr'><strong>super</strong></span> <span class='ocrx_word' id='word_1_281' title='bbox 1180 4176 1244 4228; x_wconf 90' lang='lat' dir='ltr'><strong>nos</strong></span> <span class='ocrx_word' id='word_1_282' title='bbox 1271 4177 1398 4247; x_wconf 87' lang='lat' dir='ltr'><strong>omnes,</strong></span> <span class='ocrx_word' id='word_1_283' title='bbox 1424 4159 1600 4235; x_wconf 89' lang='lat' dir='ltr'><strong>Dominum</strong></span> <span class='ocrx_word' id='word_1_284' title='bbox 1613 4164 1722 4238; x_wconf 90' lang='lat' dir='ltr'><strong>Deum</strong></span> 
     </span>
     <span class='ocr_line' id='line_1_33' title="bbox 348 4260 1673 4372; baseline 0.011 -34"><span class='ocrx_word' id='word_1_285' title='bbox 348 4260 484 4347; x_wconf 84' lang='grc' dir='ltr'><strong><em>πάντας</em></strong></span> <span class='ocrx_word' id='word_1_286' title='bbox 517 4264 622 4360; x_wconf 80' lang='grc' dir='ltr'><strong><em>ἡμᾶς,</em></strong></span> <span class='ocrx_word' id='word_1_287' title='bbox 658 4267 788 4369; x_wconf 74' lang='grc' dir='ltr'><strong><em>κύριον</em></strong></span> <span class='ocrx_word' id='word_1_288' title='bbox 821 4272 887 4351; x_wconf 73' lang='lat' dir='ltr'><strong>cdv</strong></span> <span class='ocrx_word' id='word_1_289' title='bbox 924 4276 1015 4354; x_wconf 61' lang='grc' dir='ltr'><strong>θεὸν</strong></span> <span class='ocrx_word' id='word_1_290' title='bbox 1053 4279 1201 4342; x_wconf 88' lang='lat' dir='ltr'><strong>nostnun</strong></span> <span class='ocrx_word' id='word_1_291' title='bbox 1228 4271 1418 4367; x_wconf 85' lang='lat' dir='ltr'><strong>suppliciter</strong></span> <span class='ocrx_word' id='word_1_292' title='bbox 1445 4274 1673 4372; x_wconf 87' lang='lat' dir='ltr'><strong>deprecemur.</strong></span> 
     </span>
     <span class='ocr_line' id='line_1_34' title="bbox 346 4376 1746 4480; baseline 0.019 -29"><span class='ocrx_word' id='word_1_293' title='bbox 346 4376 452 4473; x_wconf 81' lang='grc' dir='ltr'><strong><em>ἠμιῦν</em></strong></span> <span class='ocrx_word' id='word_1_294' title='bbox 478 4377 720 4480; x_wconf 76' lang='grc' dir='ltr'><strong><em>ἱκετεύσωμεν.</em></strong></span> <span class='ocrx_word' id='word_1_295' title='bbox 1742 4399 1746 4406; x_wconf 71' lang='grc'><strong><em>’</em></strong></span> 
     </span>
    </p>

    <p class='ocr_par' dir='ltr' id='par_1_6' title="bbox 1102 4498 1587 4599">
     <span class='ocr_line' id='line_1_35' title="bbox 1102 4498 1587 4599; baseline 0.023 -30"><span class='ocrx_word' id='word_1_296' title='bbox 1102 4498 1263 4592; x_wconf 76' lang='lat' dir='ltr'><strong>Populus.</strong></span> <span class='ocrx_word' id='word_1_297' title='bbox 1315 4501 1423 4599; x_wconf 75' lang='lat' dir='ltr'><strong>Kyrie</strong></span> <span class='ocrx_word' id='word_1_298' title='bbox 1450 4505 1587 4580; x_wconf 89' lang='lat' dir='ltr'><strong>eleison.</strong></span> 
     </span>
    </p>
   </div>
   <div class='ocr_carea' id='block_1_3' title="bbox 0 0 2372 6064">
    <p class='ocr_par' dir='ltr' id='par_1_7' title="bbox 0 0 2372 6064">
     <span class='ocr_line' id='line_1_36' title="bbox 0 0 2372 6064; baseline 0 10"><span class='ocrx_word' id='word_1_299' title='bbox 0 0 2372 6064; x_wconf 95' lang='lat' dir='ltr'><strong> </strong></span> 
     </span>
    </p>
   </div>
  </div>
 </body>
</html>
