<?xml version="1.0" encoding="UTF-8"?>
<!DOCTYPE html PUBLIC "-//W3C//DTD XHTML 1.0 Transitional//EN"
    "http://www.w3.org/TR/xhtml1/DTD/xhtml1-transitional.dtd">
<html xmlns="http://www.w3.org/1999/xhtml" xml:lang="en" lang="en">
 <head>
  <title>
</title>
<meta http-equiv="Content-Type" content="text/html;charset=utf-8" />
  <meta name='ocr-system' content='tesseract 3.04.00' />
  <meta name='ocr-capabilities' content='ocr_page ocr_carea ocr_par ocr_line ocrx_word'/>
</head>
<body>
  <div class='ocr_page' id='page_1' title='image "./liturgiarumorie03renagoog_0481.png"; bbox 0 0 4670 6046; ppageno 0'>
   <div class='ocr_carea' id='block_1_1' title="bbox 577 463 1461 616">
    <p class='ocr_par' dir='ltr' id='par_1_1' title="bbox 577 463 1461 616">
     <span class='ocr_line' id='line_1_1' title="bbox 577 463 1461 616; baseline 0.001 -18"><span class='ocrx_word' id='word_1_1' title='bbox 577 463 653 598; x_wconf 78' lang='lat' dir='ltr'><strong>are</strong></span> <span class='ocrx_word' id='word_1_2' title='bbox 1151 519 1461 616; x_wconf 79' lang='lat' dir='ltr'><strong>norro¹</strong></span> 
     </span>
    </p>
   </div>
   <div class='ocr_carea' id='block_1_2' title="bbox 572 705 1940 889">
    <p class='ocr_par' dir='ltr' id='par_1_2' title="bbox 572 705 1940 889">
     <span class='ocr_line' id='line_1_2' title="bbox 572 705 1940 788; baseline -0.001 -17"><span class='ocrx_word' id='word_1_3' title='bbox 572 715 635 771; x_wconf 91' lang='lat' dir='ltr'><strong>tum</strong></span> <span class='ocrx_word' id='word_1_4' title='bbox 659 714 689 771; x_wconf 89' lang='lat' dir='ltr'><strong>et</strong></span> <span class='ocrx_word' id='word_1_5' title='bbox 712 706 866 787; x_wconf 88' lang='lat' dir='ltr'><strong>discipulis</strong></span> <span class='ocrx_word' id='word_1_6' title='bbox 889 705 1043 783; x_wconf 88' lang='lat' dir='ltr'><strong>traditum;</strong></span> <span class='ocrx_word' id='word_1_7' title='bbox 1073 724 1132 769; x_wconf 92' lang='lat' dir='ltr'><strong>non</strong></span> <span class='ocrx_word' id='word_1_8' title='bbox 1154 706 1306 769; x_wconf 88' lang='lat' dir='ltr'><strong>inventum</strong></span> <span class='ocrx_word' id='word_1_9' title='bbox 1336 707 1488 770; x_wconf 76' lang='lat' dir='ltr'><strong>Romanae</strong></span> <span class='ocrx_word' id='word_1_10' title='bbox 1516 706 1687 785; x_wconf 83' lang='lat' dir='ltr'><strong>Ecclesiae,</strong></span> <span class='ocrx_word' id='word_1_11' title='bbox 1723 726 1740 769; x_wconf 91' lang='lat' dir='ltr'><strong>a</strong></span> <span class='ocrx_word' id='word_1_12' title='bbox 1769 725 1828 788; x_wconf 89' lang='lat' dir='ltr'><strong>qua</strong></span> <span class='ocrx_word' id='word_1_13' title='bbox 1859 706 1940 770; x_wconf 89' lang='lat' dir='ltr'><strong>illam</strong></span> 
     </span>
     <span class='ocr_line' id='line_1_3' title="bbox 574 804 1940 889; baseline 0 -19"><span class='ocrx_word' id='word_1_14' title='bbox 574 807 745 870; x_wconf 87' lang='lat' dir='ltr'><strong>Orientales</strong></span> <span class='ocrx_word' id='word_1_15' title='bbox 767 824 827 869; x_wconf 94' lang='lat' dir='ltr'><strong>non</strong></span> <span class='ocrx_word' id='word_1_16' title='bbox 850 813 1049 889; x_wconf 90' lang='lat' dir='ltr'><strong>acceperunt,</strong></span> <span class='ocrx_word' id='word_1_17' title='bbox 1080 805 1135 868; x_wconf 94' lang='lat' dir='ltr'><strong>sed</strong></span> <span class='ocrx_word' id='word_1_18' title='bbox 1158 805 1195 867; x_wconf 89' lang='lat' dir='ltr'><strong>ab</strong></span> <span class='ocrx_word' id='word_1_19' title='bbox 1225 805 1402 886; x_wconf 91' lang='lat' dir='ltr'><strong>Apostolica</strong></span> <span class='ocrx_word' id='word_1_20' title='bbox 1432 804 1605 868; x_wconf 66' lang='lat' dir='ltr'><strong>traditione</strong></span> <span class='ocrx_word' id='word_1_21' title='bbox 1628 806 1788 888; x_wconf 88' lang='lat' dir='ltr'><strong>divinaque</strong></span> <span class='ocrx_word' id='word_1_22' title='bbox 1818 809 1940 870; x_wconf 90' lang='lat' dir='ltr'><strong>institu-</strong></span> 
     </span>
    </p>
   </div>
   <div class='ocr_carea' id='block_1_3' title="bbox 572 901 2051 989">
    <p class='ocr_par' dir='ltr' id='par_1_3' title="bbox 572 901 2051 989">
     <span class='ocr_line' id='line_1_4' title="bbox 572 901 2051 989; baseline 0 -20"><span class='ocrx_word' id='word_1_23' title='bbox 572 907 671 982; x_wconf 90' lang='lat' dir='ltr'><strong>tione,</strong></span> <span class='ocrx_word' id='word_1_24' title='bbox 693 925 751 989; x_wconf 87' lang='lat' dir='ltr'><strong>per</strong></span> <span class='ocrx_word' id='word_1_25' title='bbox 772 907 915 968; x_wconf 87' lang='lat' dir='ltr'><strong>inlinitum</strong></span> <span class='ocrx_word' id='word_1_26' title='bbox 940 924 1014 987; x_wconf 87' lang='lat' dir='ltr'><strong>erga</strong></span> <span class='ocrx_word' id='word_1_27' title='bbox 1036 923 1133 988; x_wconf 84' lang='lat' dir='ltr'><strong>genus</strong></span> <span class='ocrx_word' id='word_1_28' title='bbox 1155 903 1315 967; x_wconf 91' lang='lat' dir='ltr'><strong>humanum</strong></span> <span class='ocrx_word' id='word_1_29' title='bbox 1337 905 1533 984; x_wconf 83' lang='lat' dir='ltr'><strong>beneficium,</strong></span> <span class='ocrx_word' id='word_1_30' title='bbox 1556 906 1636 987; x_wconf 92' lang='lat' dir='ltr'><strong>quod</strong></span> <span class='ocrx_word' id='word_1_31' title='bbox 1664 907 1803 984; x_wconf 84' lang='lat' dir='ltr'><strong>alt-erius,</strong></span> <span class='ocrx_word' id='word_1_32' title='bbox 1834 925 1941 988; x_wconf 81' lang='lat' dir='ltr'><strong>nempe</strong></span> <span class='ocrx_word' id='word_1_33' title='bbox 2045 901 2051 906; x_wconf 77' lang='grc'><strong>’</strong></span> 
     </span>
    </p>
   </div>
   <div class='ocr_carea' id='block_1_4' title="bbox 493 1004 1943 3373">
    <p class='ocr_par' dir='ltr' id='par_1_4' title="bbox 493 1004 1943 3373">
     <span class='ocr_line' id='line_1_5' title="bbox 572 1004 1942 1088; baseline -0.001 -19"><span class='ocrx_word' id='word_1_34' title='bbox 572 1006 790 1069; x_wconf 81' lang='lat' dir='ltr'><strong>incarnationis</strong></span> <span class='ocrx_word' id='word_1_35' title='bbox 813 1005 958 1088; x_wconf 91' lang='lat' dir='ltr'><strong>unigeniti</strong></span> <span class='ocrx_word' id='word_1_36' title='bbox 981 1005 1033 1067; x_wconf 90' lang='lat' dir='ltr'><strong>lilii</strong></span> <span class='ocrx_word' id='word_1_37' title='bbox 1055 1004 1129 1083; x_wconf 92' lang='lat' dir='ltr'><strong>Dei,</strong></span> <span class='ocrx_word' id='word_1_38' title='bbox 1153 1012 1182 1068; x_wconf 91' lang='lat' dir='ltr'><strong>et</strong></span> <span class='ocrx_word' id='word_1_39' title='bbox 1205 1005 1270 1086; x_wconf 88' lang='lat' dir='ltr'><strong>ejus</strong></span> <span class='ocrx_word' id='word_1_40' title='bbox 1293 1005 1323 1065; x_wconf 93' lang='lat' dir='ltr'><strong>in</strong></span> <span class='ocrx_word' id='word_1_41' title='bbox 1347 1021 1438 1067; x_wconf 88' lang='lat' dir='ltr'><strong>carne</strong></span> <span class='ocrx_word' id='word_1_42' title='bbox 1469 1006 1707 1069; x_wconf 80' lang='lat' dir='ltr'><strong>conversationis</strong></span> <span class='ocrx_word' id='word_1_43' title='bbox 1737 1005 1942 1087; x_wconf 90' lang='lat' dir='ltr'><strong>complemen-</strong></span> 
     </span>
     <span class='ocr_line' id='line_1_6' title="bbox 572 1103 1942 1186; baseline 0 -19"><span class='ocrx_word' id='word_1_44' title='bbox 572 1113 642 1178; x_wconf 72' lang='lat' dir='ltr'><strong>tum,</strong></span> <span class='ocrx_word' id='word_1_45' title='bbox 657 1105 720 1168; x_wconf 86' lang='lat' dir='ltr'><strong>luit.</strong></span> <span class='ocrx_word' id='word_1_46' title='bbox 765 1103 870 1167; x_wconf 87' lang='lat' dir='ltr'><strong>Omnia</strong></span> <span class='ocrx_word' id='word_1_47' title='bbox 893 1123 967 1167; x_wconf 92' lang='lat' dir='ltr'><strong>sane</strong></span> <span class='ocrx_word' id='word_1_48' title='bbox 990 1125 1067 1186; x_wconf 91' lang='lat' dir='ltr'><strong>quae</strong></span> <span class='ocrx_word' id='word_1_49' title='bbox 1090 1105 1166 1167; x_wconf 91' lang='lat' dir='ltr'><strong>baec</strong></span> <span class='ocrx_word' id='word_1_50' title='bbox 1190 1104 1286 1166; x_wconf 92' lang='lat' dir='ltr'><strong>oratio</strong></span> <span class='ocrx_word' id='word_1_51' title='bbox 1309 1105 1458 1183; x_wconf 92' lang='lat' dir='ltr'><strong>continet,</strong></span> <span class='ocrx_word' id='word_1_52' title='bbox 1488 1104 1525 1166; x_wconf 91' lang='lat' dir='ltr'><strong>ad</strong></span> <span class='ocrx_word' id='word_1_53' title='bbox 1547 1105 1726 1167; x_wconf 82' lang='lat' dir='ltr'><strong>sacrificium</strong></span> <span class='ocrx_word' id='word_1_54' title='bbox 1754 1105 1853 1168; x_wconf 88' lang='lat' dir='ltr'><strong>crucis</strong></span> <span class='ocrx_word' id='word_1_55' title='bbox 1881 1123 1942 1167; x_wconf 91' lang='lat' dir='ltr'><strong>non</strong></span> 
     </span>
     <span class='ocr_line' id='line_1_7' title="bbox 572 1201 1943 1286; baseline -0.001 -18"><span class='ocrx_word' id='word_1_56' title='bbox 572 1223 664 1286; x_wconf 90' lang='lat' dir='ltr'><strong>posse</strong></span> <span class='ocrx_word' id='word_1_57' title='bbox 688 1203 813 1284; x_wconf 84' lang='lat' dir='ltr'><strong>referri,</strong></span> <span class='ocrx_word' id='word_1_58' title='bbox 838 1204 892 1267; x_wconf 92' lang='lat' dir='ltr'><strong>sed</strong></span> <span class='ocrx_word' id='word_1_59' title='bbox 914 1203 952 1267; x_wconf 89' lang='lat' dir='ltr'><strong>ad</strong></span> <span class='ocrx_word' id='word_1_60' title='bbox 975 1203 1109 1285; x_wconf 89' lang='lat' dir='ltr'><strong>ejusdem</strong></span> <span class='ocrx_word' id='word_1_61' title='bbox 1131 1205 1162 1266; x_wconf 93' lang='lat' dir='ltr'><strong>in</strong></span> <span class='ocrx_word' id='word_1_62' title='bbox 1184 1201 1319 1286; x_wconf 85' lang='lat' dir='ltr'><strong>Liturgia</strong></span> <span class='ocrx_word' id='word_1_63' title='bbox 1349 1205 1657 1284; x_wconf 75' lang='lat' dir='ltr'><strong>repraesentationem</strong></span> <span class='ocrx_word' id='word_1_64' title='bbox 1684 1223 1773 1268; x_wconf 93' lang='lat' dir='ltr'><strong>nemo</strong></span> <span class='ocrx_word' id='word_1_65' title='bbox 1803 1223 1863 1269; x_wconf 93' lang='lat' dir='ltr'><strong>non</strong></span> <span class='ocrx_word' id='word_1_66' title='bbox 1891 1207 1943 1267; x_wconf 89' lang='lat' dir='ltr'><strong>in-</strong></span> 
     </span>
     <span class='ocr_line' id='line_1_8' title="bbox 572 1302 1942 1389; baseline 0 -23"><span class='ocrx_word' id='word_1_67' title='bbox 572 1305 695 1389; x_wconf 87' lang='lat' dir='ltr'><strong>telligit:</strong></span> <span class='ocrx_word' id='word_1_68' title='bbox 725 1305 836 1386; x_wconf 91' lang='lat' dir='ltr'><strong>quippe</strong></span> <span class='ocrx_word' id='word_1_69' title='bbox 859 1303 953 1367; x_wconf 88' lang='lat' dir='ltr'><strong>verba</strong></span> <span class='ocrx_word' id='word_1_70' title='bbox 983 1305 1049 1384; x_wconf 91' lang='lat' dir='ltr'><strong>ipsa</strong></span> <span class='ocrx_word' id='word_1_71' title='bbox 1077 1303 1303 1384; x_wconf 83' lang='lat' dir='ltr'><strong>intelligentiam</strong></span> <span class='ocrx_word' id='word_1_72' title='bbox 1335 1302 1550 1383; x_wconf 86' lang='lat' dir='ltr'><strong>determinant,</strong></span> <span class='ocrx_word' id='word_1_73' title='bbox 1581 1321 1648 1366; x_wconf 87' lang='lat' dir='ltr'><strong>cunr</strong></span> <span class='ocrx_word' id='word_1_74' title='bbox 1678 1323 1738 1367; x_wconf 95' lang='lat' dir='ltr'><strong>non</strong></span> <span class='ocrx_word' id='word_1_75' title='bbox 1769 1303 1942 1386; x_wconf 90' lang='lat' dir='ltr'><strong>simpliciter</strong></span> 
     </span>
     <span class='ocr_line' id='line_1_9' title="bbox 573 1401 1943 1485; baseline 0 -18"><span class='ocrx_word' id='word_1_76' title='bbox 573 1405 611 1467; x_wconf 90' lang='lat' dir='ltr'><strong>de</strong></span> <span class='ocrx_word' id='word_1_77' title='bbox 634 1404 784 1467; x_wconf 85' lang='lat' dir='ltr'><strong>sacrificio</strong></span> <span class='ocrx_word' id='word_1_78' title='bbox 806 1403 981 1485; x_wconf 83' lang='lat' dir='ltr'><strong>loquantur3</strong></span> <span class='ocrx_word' id='word_1_79' title='bbox 1007 1402 1060 1465; x_wconf 91' lang='lat' dir='ltr'><strong>sed</strong></span> <span class='ocrx_word' id='word_1_80' title='bbox 1084 1401 1121 1466; x_wconf 88' lang='lat' dir='ltr'><strong>de</strong></span> <span class='ocrx_word' id='word_1_81' title='bbox 1144 1403 1202 1464; x_wconf 90' lang='lat' dir='ltr'><strong>boc</strong></span> <span class='ocrx_word' id='word_1_82' title='bbox 1225 1403 1303 1483; x_wconf 91' lang='lat' dir='ltr'><strong>ipso,</strong></span> <span class='ocrx_word' id='word_1_83' title='bbox 1327 1401 1416 1482; x_wconf 89' lang='lat' dir='ltr'><strong>quod</strong></span> <span class='ocrx_word' id='word_1_84' title='bbox 1430 1404 1528 1465; x_wconf 91' lang='lat' dir='ltr'><strong>statim</strong></span> <span class='ocrx_word' id='word_1_85' title='bbox 1549 1401 1698 1466; x_wconf 86' lang='lat' dir='ltr'><strong>Sacerdos</strong></span> <span class='ocrx_word' id='word_1_86' title='bbox 1715 1403 1870 1466; x_wconf 88' lang='lat' dir='ltr'><strong>oblaturus</strong></span> <span class='ocrx_word' id='word_1_87' title='bbox 1886 1411 1943 1467; x_wconf 90' lang='lat' dir='ltr'><strong>est.</strong></span> 
     </span>
     <span class='ocr_line' id='line_1_10' title="bbox 572 1500 1942 1584; baseline -0.001 -18"><span class='ocrx_word' id='word_1_88' title='bbox 572 1504 702 1566; x_wconf 86' lang='lat' dir='ltr'><strong>Videant</strong></span> <span class='ocrx_word' id='word_1_89' title='bbox 726 1505 776 1584; x_wconf 92' lang='lat' dir='ltr'><strong>qui</strong></span> <span class='ocrx_word' id='word_1_90' title='bbox 798 1503 990 1582; x_wconf 89' lang='lat' dir='ltr'><strong>Plessaeum,</strong></span> <span class='ocrx_word' id='word_1_91' title='bbox 1013 1500 1205 1579; x_wconf 83' lang='lat' dir='ltr'><strong>Molinaeurn,</strong></span> <span class='ocrx_word' id='word_1_92' title='bbox 1228 1500 1366 1563; x_wconf 86' lang='lat' dir='ltr'><strong>Rivetum</strong></span> <span class='ocrx_word' id='word_1_93' title='bbox 1382 1507 1412 1564; x_wconf 91' lang='lat' dir='ltr'><strong>et</strong></span> <span class='ocrx_word' id='word_1_94' title='bbox 1435 1501 1511 1565; x_wconf 88' lang='lat' dir='ltr'><strong>alios</strong></span> <span class='ocrx_word' id='word_1_95' title='bbox 1531 1501 1678 1584; x_wconf 88' lang='lat' dir='ltr'><strong>ejusmodi</strong></span> <span class='ocrx_word' id='word_1_96' title='bbox 1693 1503 1821 1566; x_wconf 87' lang='lat' dir='ltr'><strong>Criticos</strong></span> <span class='ocrx_word' id='word_1_97' title='bbox 1844 1502 1942 1564; x_wconf 87' lang='lat' dir='ltr'><strong>admi-</strong></span> 
     </span>
     <span class='ocr_line' id='line_1_11' title="bbox 573 1591 1943 1684; baseline -0.001 -19"><span class='ocrx_word' id='word_1_98' title='bbox 573 1610 697 1678; x_wconf 90' lang='lat' dir='ltr'><strong>rantur,</strong></span> <span class='ocrx_word' id='word_1_99' title='bbox 721 1620 758 1664; x_wconf 93' lang='lat' dir='ltr'><strong>an</strong></span> <span class='ocrx_word' id='word_1_100' title='bbox 781 1609 867 1664; x_wconf 91' lang='lat' dir='ltr'><strong>recte</strong></span> <span class='ocrx_word' id='word_1_101' title='bbox 891 1601 1116 1680; x_wconf 87' lang='lat' dir='ltr'><strong>alllrmaverint,</strong></span> <span class='ocrx_word' id='word_1_102' title='bbox 1139 1591 1305 1662; x_wconf 64' lang='lat' dir='ltr'><strong>nullam&#39;in</strong></span> <span class='ocrx_word' id='word_1_103' title='bbox 1327 1599 1450 1663; x_wconf 88' lang='lat' dir='ltr'><strong>Graecis</strong></span> <span class='ocrx_word' id='word_1_104' title='bbox 1472 1601 1615 1684; x_wconf 88' lang='lat' dir='ltr'><strong>Liturgiis</strong></span> <span class='ocrx_word' id='word_1_105' title='bbox 1645 1601 1784 1665; x_wconf 82' lang='lat' dir='ltr'><strong>sacrificii</strong></span> <span class='ocrx_word' id='word_1_106' title='bbox 1811 1603 1943 1666; x_wconf 91' lang='lat' dir='ltr'><strong>mentio-</strong></span> 
     </span>
     <span class='ocr_line' id='line_1_12' title="bbox 573 1698 1943 1782; baseline 0.001 -18"><span class='ocrx_word' id='word_1_107' title='bbox 573 1723 642 1767; x_wconf 91' lang='lat' dir='ltr'><strong>nem</strong></span> <span class='ocrx_word' id='word_1_108' title='bbox 657 1701 734 1778; x_wconf 85' lang='lat' dir='ltr'><strong>fieri,</strong></span> <span class='ocrx_word' id='word_1_109' title='bbox 758 1718 825 1763; x_wconf 91' lang='lat' dir='ltr'><strong>cum</strong></span> <span class='ocrx_word' id='word_1_110' title='bbox 847 1701 985 1764; x_wconf 88' lang='lat' dir='ltr'><strong>Ecclesia</strong></span> <span class='ocrx_word' id='word_1_111' title='bbox 1007 1698 1227 1777; x_wconf 86' lang='lat' dir='ltr'><strong>Alexandrina,</strong></span> <span class='ocrx_word' id='word_1_112' title='bbox 1250 1717 1268 1762; x_wconf 94' lang='lat' dir='ltr'><strong>a</strong></span> <span class='ocrx_word' id='word_1_113' title='bbox 1290 1698 1370 1762; x_wconf 91' lang='lat' dir='ltr'><strong>mille</strong></span> <span class='ocrx_word' id='word_1_114' title='bbox 1393 1707 1423 1763; x_wconf 89' lang='lat' dir='ltr'><strong>et</strong></span> <span class='ocrx_word' id='word_1_115' title='bbox 1445 1700 1570 1782; x_wconf 88' lang='lat' dir='ltr'><strong>amplius</strong></span> <span class='ocrx_word' id='word_1_116' title='bbox 1594 1701 1678 1764; x_wconf 90' lang='lat' dir='ltr'><strong>annis</strong></span> <span class='ocrx_word' id='word_1_117' title='bbox 1701 1702 1845 1766; x_wconf 81' lang='lat' dir='ltr'><strong>avulsae</strong></span> <span class='ocrx_word' id='word_1_118' title='bbox 1867 1702 1943 1765; x_wconf 92' lang='lat' dir='ltr'><strong>reli-</strong></span> 
     </span>
     <span class='ocr_line' id='line_1_13' title="bbox 574 1800 1942 1884; baseline 0.001 -20"><span class='ocrx_word' id='word_1_119' title='bbox 574 1820 698 1884; x_wconf 91' lang='lat' dir='ltr'><strong>quarum</strong></span> <span class='ocrx_word' id='word_1_120' title='bbox 721 1803 949 1881; x_wconf 89' lang='lat' dir='ltr'><strong>communione,</strong></span> <span class='ocrx_word' id='word_1_121' title='bbox 972 1802 1153 1865; x_wconf 90' lang='lat' dir='ltr'><strong>contrarium</strong></span> <span class='ocrx_word' id='word_1_122' title='bbox 1175 1801 1283 1864; x_wconf 90' lang='lat' dir='ltr'><strong>doceat</strong></span> <span class='ocrx_word' id='word_1_123' title='bbox 1307 1808 1364 1862; x_wconf 90' lang='lat' dir='ltr'><strong>tam</strong></span> <span class='ocrx_word' id='word_1_124' title='bbox 1387 1802 1564 1881; x_wconf 89' lang='lat' dir='ltr'><strong>perspicue,</strong></span> <span class='ocrx_word' id='word_1_125' title='bbox 1595 1800 1676 1884; x_wconf 91' lang='lat' dir='ltr'><strong>quod</strong></span> <span class='ocrx_word' id='word_1_126' title='bbox 1699 1802 1819 1884; x_wconf 92' lang='lat' dir='ltr'><strong>quidem</strong></span> <span class='ocrx_word' id='word_1_127' title='bbox 1840 1820 1942 1865; x_wconf 92' lang='lat' dir='ltr'><strong>nona</strong></span> 
     </span>
     <span class='ocr_line' id='line_1_14' title="bbox 573 1899 1942 1984; baseline -0.002 -19"><span class='ocrx_word' id='word_1_128' title='bbox 573 1902 722 1965; x_wconf 90' lang='lat' dir='ltr'><strong>Dioscoro</strong></span> <span class='ocrx_word' id='word_1_129' title='bbox 746 1907 776 1962; x_wconf 91' lang='lat' dir='ltr'><strong>et</strong></span> <span class='ocrx_word' id='word_1_130' title='bbox 799 1900 865 1963; x_wconf 88' lang='lat' dir='ltr'><strong>aliis</strong></span> <span class='ocrx_word' id='word_1_131' title='bbox 889 1903 953 1984; x_wconf 89' lang='lat' dir='ltr'><strong>ejus</strong></span> <span class='ocrx_word' id='word_1_132' title='bbox 977 1899 1177 1965; x_wconf 87' lang='lat' dir='ltr'><strong>sectatoribus</strong></span> <span class='ocrx_word' id='word_1_133' title='bbox 1201 1899 1363 1976; x_wconf 91' lang='lat' dir='ltr'><strong>didicerat,</strong></span> <span class='ocrx_word' id='word_1_134' title='bbox 1386 1899 1441 1964; x_wconf 94' lang='lat' dir='ltr'><strong>sed</strong></span> <span class='ocrx_word' id='word_1_135' title='bbox 1464 1901 1501 1963; x_wconf 91' lang='lat' dir='ltr'><strong>ab</strong></span> <span class='ocrx_word' id='word_1_136' title='bbox 1516 1900 1652 1964; x_wconf 84' lang='lat' dir='ltr'><strong>Ecclesia</strong></span> <span class='ocrx_word' id='word_1_137' title='bbox 1666 1899 1829 1964; x_wconf 87' lang='lat' dir='ltr'><strong>Catholioa.</strong></span> <span class='ocrx_word' id='word_1_138' title='bbox 1863 1899 1942 1963; x_wconf 90' lang='lat' dir='ltr'><strong>San-</strong></span> 
     </span>
     <span class='ocr_line' id='line_1_15' title="bbox 573 1997 1942 2084; baseline 0.001 -21"><span class='ocrx_word' id='word_1_139' title='bbox 573 2009 638 2064; x_wconf 87' lang='lat' dir='ltr'><strong>ctos</strong></span> <span class='ocrx_word' id='word_1_140' title='bbox 660 2001 765 2063; x_wconf 87' lang='lat' dir='ltr'><strong>Patres</strong></span> <span class='ocrx_word' id='word_1_141' title='bbox 789 1999 840 2080; x_wconf 89' lang='lat' dir='ltr'><strong>qui</strong></span> <span class='ocrx_word' id='word_1_142' title='bbox 862 2000 967 2064; x_wconf 89' lang='lat' dir='ltr'><strong>similia</strong></span> <span class='ocrx_word' id='word_1_143' title='bbox 989 2001 1099 2082; x_wconf 90' lang='lat' dir='ltr'><strong>passim</strong></span> <span class='ocrx_word' id='word_1_144' title='bbox 1122 1999 1304 2077; x_wconf 87' lang='lat' dir='ltr'><strong>docuerunt,</strong></span> <span class='ocrx_word' id='word_1_145' title='bbox 1329 1997 1528 2063; x_wconf 88' lang='lat' dir='ltr'><strong>rhetoricatos</strong></span> <span class='ocrx_word' id='word_1_146' title='bbox 1558 2019 1645 2076; x_wconf 92' lang='lat' dir='ltr'><strong>esse,</strong></span> <span class='ocrx_word' id='word_1_147' title='bbox 1675 2018 1734 2062; x_wconf 93' lang='lat' dir='ltr'><strong>non</strong></span> <span class='ocrx_word' id='word_1_148' title='bbox 1758 2000 1942 2084; x_wconf 82' lang='lat' dir='ltr'><strong>Theologice</strong></span> 
     </span>
     <span class='ocr_line' id='line_1_16' title="bbox 574 2097 1943 2183; baseline 0 -21"><span class='ocrx_word' id='word_1_149' title='bbox 574 2100 708 2179; x_wconf 90' lang='lat' dir='ltr'><strong>locutos,</strong></span> <span class='ocrx_word' id='word_1_150' title='bbox 733 2098 873 2162; x_wconf 88' lang='lat' dir='ltr'><strong>Calvinus</strong></span> <span class='ocrx_word' id='word_1_151' title='bbox 896 2100 1064 2180; x_wconf 88' lang='lat' dir='ltr'><strong>pertendit,</strong></span> <span class='ocrx_word' id='word_1_152' title='bbox 1087 2106 1178 2179; x_wconf 92' lang='lat' dir='ltr'><strong>atque</strong></span> <span class='ocrx_word' id='word_1_153' title='bbox 1201 2097 1277 2162; x_wconf 90' lang='lat' dir='ltr'><strong>adeo</strong></span> <span class='ocrx_word' id='word_1_154' title='bbox 1301 2117 1400 2180; x_wconf 90' lang='lat' dir='ltr'><strong>neque</strong></span> <span class='ocrx_word' id='word_1_155' title='bbox 1422 2099 1490 2162; x_wconf 91' lang='lat' dir='ltr'><strong>illos</strong></span> <span class='ocrx_word' id='word_1_156' title='bbox 1513 2101 1654 2162; x_wconf 88' lang='lat' dir='ltr'><strong>excusari</strong></span> <span class='ocrx_word' id='word_1_157' title='bbox 1677 2100 1751 2176; x_wconf 88' lang='lat' dir='ltr'><strong>vult,</strong></span> <span class='ocrx_word' id='word_1_158' title='bbox 1773 2119 1943 2183; x_wconf 89' lang='lat' dir='ltr'><strong>nequean-</strong></span> 
     </span>
     <span class='ocr_line' id='line_1_17' title="bbox 574 2197 1941 2281; baseline -0.001 -18"><span class='ocrx_word' id='word_1_159' title='bbox 574 2198 641 2263; x_wconf 91' lang='lat' dir='ltr'><strong>diri.</strong></span> <span class='ocrx_word' id='word_1_160' title='bbox 685 2198 726 2260; x_wconf 93' lang='lat' dir='ltr'><strong>At</strong></span> <span class='ocrx_word' id='word_1_161' title='bbox 750 2197 918 2263; x_wconf 89' lang='lat' dir='ltr'><strong>Christiana</strong></span> <span class='ocrx_word' id='word_1_162' title='bbox 939 2198 1037 2281; x_wconf 91' lang='lat' dir='ltr'><strong>plebs,</strong></span> <span class='ocrx_word' id='word_1_163' title='bbox 1060 2207 1092 2262; x_wconf 89' lang='lat' dir='ltr'><strong>ut</strong></span> <span class='ocrx_word' id='word_1_164' title='bbox 1120 2198 1288 2280; x_wconf 89' lang='lat' dir='ltr'><strong>Episcopos</strong></span> <span class='ocrx_word' id='word_1_165' title='bbox 1311 2197 1547 2280; x_wconf 89' lang='lat' dir='ltr'><strong>sacerdotesque</strong></span> <span class='ocrx_word' id='word_1_166' title='bbox 1563 2200 1851 2281; x_wconf 56' lang='lat' dir='ltr'><strong>praetermittamus</strong></span> <span class='ocrx_word' id='word_1_167' title='bbox 1874 2201 1941 2263; x_wconf 90' lang='lat' dir='ltr'><strong>illos</strong></span> 
     </span>
     <span class='ocr_line' id='line_1_18' title="bbox 575 2296 1942 2381; baseline 0.001 -19"><span class='ocrx_word' id='word_1_168' title='bbox 575 2299 730 2376; x_wconf 87' lang='lat' dir='ltr'><strong>audiebat,</strong></span> <span class='ocrx_word' id='word_1_169' title='bbox 752 2299 932 2381; x_wconf 86' lang='lat' dir='ltr'><strong>plenamque</strong></span> <span class='ocrx_word' id='word_1_170' title='bbox 955 2297 1113 2361; x_wconf 89' lang='lat' dir='ltr'><strong>adhibebat</strong></span> <span class='ocrx_word' id='word_1_171' title='bbox 1141 2297 1243 2361; x_wconf 90' lang='lat' dir='ltr'><strong>verbis</strong></span> <span class='ocrx_word' id='word_1_172' title='bbox 1271 2296 1390 2360; x_wconf 91' lang='lat' dir='ltr'><strong>illorum</strong></span> <span class='ocrx_word' id='word_1_173' title='bbox 1419 2298 1522 2375; x_wconf 83' lang='lat' dir='ltr'><strong>fidem,</strong></span> <span class='ocrx_word' id='word_1_174' title='bbox 1551 2317 1618 2362; x_wconf 91' lang='lat' dir='ltr'><strong>com</strong></span> <span class='ocrx_word' id='word_1_175' title='bbox 1646 2299 1758 2362; x_wconf 89' lang='lat' dir='ltr'><strong>similes</strong></span> <span class='ocrx_word' id='word_1_176' title='bbox 1789 2301 1942 2363; x_wconf 88' lang='lat' dir='ltr'><strong>orationes</strong></span> 
     </span>
     <span class='ocr_line' id='line_1_19' title="bbox 493 2395 1940 2482; baseline 0.001 -21"><span class='ocrx_word' id='word_1_177' title='bbox 493 2419 514 2432; x_wconf 64' lang='lat'><strong>¹·</strong></span> <span class='ocrx_word' id='word_1_178' title='bbox 573 2398 788 2462; x_wconf 89' lang='lat' dir='ltr'><strong>acclamatione</strong></span> <span class='ocrx_word' id='word_1_179' title='bbox 814 2395 875 2461; x_wconf 81' lang='grc' dir='ltr'><strong>τοῦ</strong></span> <span class='ocrx_word' id='word_1_180' title='bbox 903 2396 998 2460; x_wconf 83' lang='lat' dir='ltr'><strong>Amen</strong></span> <span class='ocrx_word' id='word_1_181' title='bbox 1026 2398 1230 2460; x_wconf 84' lang='lat' dir='ltr'><strong>confirmabat.</strong></span> <span class='ocrx_word' id='word_1_182' title='bbox 1275 2397 1381 2478; x_wconf 88' lang='lat' dir='ltr'><strong>Neque</strong></span> <span class='ocrx_word' id='word_1_183' title='bbox 1410 2397 1556 2482; x_wconf 72' lang='lat' dir='ltr'><strong>Aegyptii</strong></span> <span class='ocrx_word' id='word_1_184' title='bbox 1586 2399 1677 2460; x_wconf 87' lang='lat' dir='ltr'><strong>nativi</strong></span> <span class='ocrx_word' id='word_1_185' title='bbox 1704 2418 1770 2461; x_wconf 90' lang='lat' dir='ltr'><strong>cum</strong></span> <span class='ocrx_word' id='word_1_186' title='bbox 1794 2397 1940 2463; x_wconf 89' lang='lat' dir='ltr'><strong>Graecam</strong></span> 
     </span>
     <span class='ocr_line' id='line_1_20' title="bbox 573 2496 1940 2580; baseline 0 -20"><span class='ocrx_word' id='word_1_187' title='bbox 573 2497 738 2580; x_wconf 82' lang='lat' dir='ltr'><strong>liturgiam</strong></span> <span class='ocrx_word' id='word_1_188' title='bbox 761 2514 816 2559; x_wconf 91' lang='lat' dir='ltr'><strong>sua</strong></span> <span class='ocrx_word' id='word_1_189' title='bbox 839 2497 940 2580; x_wconf 89' lang='lat' dir='ltr'><strong>lingua</strong></span> <span class='ocrx_word' id='word_1_190' title='bbox 963 2496 1075 2578; x_wconf 91' lang='lat' dir='ltr'><strong>populo</strong></span> <span class='ocrx_word' id='word_1_191' title='bbox 1098 2497 1240 2559; x_wconf 90' lang='lat' dir='ltr'><strong>illiterato</strong></span> <span class='ocrx_word' id='word_1_192' title='bbox 1269 2497 1486 2578; x_wconf 85' lang='lat' dir='ltr'><strong>exbibuerunt,</strong></span> <span class='ocrx_word' id='word_1_193' title='bbox 1516 2496 1652 2561; x_wconf 91' lang='lat' dir='ltr'><strong>emollire</strong></span> <span class='ocrx_word' id='word_1_194' title='bbox 1680 2507 1863 2561; x_wconf 89' lang='lat' dir='ltr'><strong>curaverunt</strong></span> <span class='ocrx_word' id='word_1_195' title='bbox 1890 2501 1940 2561; x_wconf 95' lang='lat' dir='ltr'><strong>in-</strong></span> 
     </span>
     <span class='ocr_line' id='line_1_21' title="bbox 576 2595 1942 2678; baseline 0.001 -18"><span class='ocrx_word' id='word_1_196' title='bbox 576 2596 748 2660; x_wconf 90' lang='lat' dir='ltr'><strong>commodas</strong></span> <span class='ocrx_word' id='word_1_197' title='bbox 772 2595 853 2676; x_wconf 88' lang='lat' dir='ltr'><strong>illas,</strong></span> <span class='ocrx_word' id='word_1_198' title='bbox 877 2603 908 2658; x_wconf 93' lang='lat' dir='ltr'><strong>et</strong></span> <span class='ocrx_word' id='word_1_199' title='bbox 931 2596 967 2658; x_wconf 93' lang='lat' dir='ltr'><strong>ad</strong></span> <span class='ocrx_word' id='word_1_200' title='bbox 990 2597 1232 2678; x_wconf 90' lang='lat' dir='ltr'><strong>superstitionem</strong></span> <span class='ocrx_word' id='word_1_201' title='bbox 1255 2596 1414 2672; x_wconf 89' lang='lat' dir='ltr'><strong>ducentes,</strong></span> <span class='ocrx_word' id='word_1_202' title='bbox 1437 2603 1469 2658; x_wconf 89' lang='lat' dir='ltr'><strong>ut</strong></span> <span class='ocrx_word' id='word_1_203' title='bbox 1497 2597 1678 2660; x_wconf 82' lang='lat' dir='ltr'><strong>calvinistae</strong></span> <span class='ocrx_word' id='word_1_204' title='bbox 1700 2598 1822 2678; x_wconf 86' lang='lat' dir='ltr'><strong>volunt,</strong></span> <span class='ocrx_word' id='word_1_205' title='bbox 1852 2599 1942 2662; x_wconf 90' lang='lat' dir='ltr'><strong>locu-</strong></span> 
     </span>
     <span class='ocr_line' id='line_1_22' title="bbox 574 2694 1941 2780; baseline 0.003 -22"><span class='ocrx_word' id='word_1_206' title='bbox 574 2697 688 2772; x_wconf 86' lang='lat' dir='ltr'><strong>tiones;</strong></span> <span class='ocrx_word' id='word_1_207' title='bbox 723 2694 777 2758; x_wconf 89' lang='lat' dir='ltr'><strong>sed</strong></span> <span class='ocrx_word' id='word_1_208' title='bbox 805 2713 843 2757; x_wconf 87' lang='lat' dir='ltr'><strong>ne</strong></span> <span class='ocrx_word' id='word_1_209' title='bbox 872 2696 1006 2776; x_wconf 90' lang='lat' dir='ltr'><strong>ipsorum</strong></span> <span class='ocrx_word' id='word_1_210' title='bbox 1036 2695 1124 2776; x_wconf 91' lang='lat' dir='ltr'><strong>culpa</strong></span> <span class='ocrx_word' id='word_1_211' title='bbox 1154 2695 1199 2758; x_wconf 85' lang='lat' dir='ltr'><strong>vis</strong></span> <span class='ocrx_word' id='word_1_212' title='bbox 1229 2696 1362 2777; x_wconf 91' lang='lat' dir='ltr'><strong>ipsorum</strong></span> <span class='ocrx_word' id='word_1_213' title='bbox 1392 2697 1552 2760; x_wconf 91' lang='lat' dir='ltr'><strong>verborum</strong></span> <span class='ocrx_word' id='word_1_214' title='bbox 1582 2716 1639 2779; x_wconf 89' lang='lat' dir='ltr'><strong>per</strong></span> <span class='ocrx_word' id='word_1_215' title='bbox 1675 2699 1881 2780; x_wconf 81' lang='lat' dir='ltr'><strong>migrationem</strong></span> <span class='ocrx_word' id='word_1_216' title='bbox 1910 2700 1941 2762; x_wconf 92' lang='lat' dir='ltr'><strong>in</strong></span> 
     </span>
     <span class='ocr_line' id='line_1_23' title="bbox 575 2793 1941 2876; baseline 0.002 -19"><span class='ocrx_word' id='word_1_217' title='bbox 575 2795 700 2857; x_wconf 89' lang='lat' dir='ltr'><strong>alienam</strong></span> <span class='ocrx_word' id='word_1_218' title='bbox 721 2793 853 2876; x_wconf 91' lang='lat' dir='ltr'><strong>linguam</strong></span> <span class='ocrx_word' id='word_1_219' title='bbox 876 2793 1083 2874; x_wconf 86' lang='lat' dir='ltr'><strong>detereretur,</strong></span> <span class='ocrx_word' id='word_1_220' title='bbox 1107 2793 1156 2856; x_wconf 89' lang='lat' dir='ltr'><strong>illa</strong></span> <span class='ocrx_word' id='word_1_221' title='bbox 1179 2795 1244 2876; x_wconf 90' lang='lat' dir='ltr'><strong>ipsa</strong></span> <span class='ocrx_word' id='word_1_222' title='bbox 1267 2798 1471 2860; x_wconf 89' lang='lat' dir='ltr'><strong>retinuerunt:</strong></span> <span class='ocrx_word' id='word_1_223' title='bbox 1495 2805 1526 2860; x_wconf 91' lang='lat' dir='ltr'><strong>et</strong></span> <span class='ocrx_word' id='word_1_224' title='bbox 1547 2799 1720 2860; x_wconf 86' lang='lat' dir='ltr'><strong>versionum</strong></span> <span class='ocrx_word' id='word_1_225' title='bbox 1743 2797 1941 2862; x_wconf 80' lang='lat' dir='ltr'><strong>Arabicarum</strong></span> 
     </span>
     <span class='ocr_line' id='line_1_24' title="bbox 575 2889 1941 2984; baseline 0.004 -27"><span class='ocrx_word' id='word_1_226' title='bbox 575 2901 697 2957; x_wconf 91' lang='lat' dir='ltr'><strong>autores</strong></span> <span class='ocrx_word' id='word_1_227' title='bbox 720 2893 786 2974; x_wconf 88' lang='lat' dir='ltr'><strong>pari</strong></span> <span class='ocrx_word' id='word_1_228' title='bbox 807 2891 957 2974; x_wconf 90' lang='lat' dir='ltr'><strong>religione</strong></span> <span class='ocrx_word' id='word_1_229' title='bbox 985 2911 1037 2956; x_wconf 89' lang='lat' dir='ltr'><strong>eas</strong></span> <span class='ocrx_word' id='word_1_230' title='bbox 1059 2902 1299 2984; x_wconf 82' lang='lat' dir='ltr'><strong>usurpaverunt,</strong></span> <span class='ocrx_word' id='word_1_231' title='bbox 1323 2913 1400 2976; x_wconf 91' lang='lat' dir='ltr'><strong>quae</strong></span> <span class='ocrx_word' id='word_1_232' title='bbox 1423 2894 1558 2960; x_wconf 86' lang='lat' dir='ltr'><strong>Graecae</strong></span> <span class='ocrx_word' id='word_1_233' title='bbox 1585 2889 1689 2980; x_wconf 72' lang='grc' dir='ltr'><strong><em>θυσίᾳ</em></strong></span> <span class='ocrx_word' id='word_1_234' title='bbox 1718 2900 1941 2962; x_wconf 87' lang='lat' dir='ltr'><strong>accuratissime</strong></span> 
     </span>
     <span class='ocr_line' id='line_1_25' title="bbox 576 2991 1943 3080; baseline 0.003 -22"><span class='ocrx_word' id='word_1_235' title='bbox 576 2993 809 3075; x_wconf 82' lang='lat' dir='ltr'><strong>responderent.</strong></span> <span class='ocrx_word' id='word_1_236' title='bbox 853 2991 969 3056; x_wconf 89' lang='lat' dir='ltr'><strong>Cedant</strong></span> <span class='ocrx_word' id='word_1_237' title='bbox 991 2992 1098 3055; x_wconf 92' lang='lat' dir='ltr'><strong>eruditi</strong></span> <span class='ocrx_word' id='word_1_238' title='bbox 1121 2992 1179 3072; x_wconf 91' lang='lat' dir='ltr'><strong>illi,</strong></span> <span class='ocrx_word' id='word_1_239' title='bbox 1202 2995 1253 3076; x_wconf 91' lang='lat' dir='ltr'><strong>qui</strong></span> <span class='ocrx_word' id='word_1_240' title='bbox 1275 3002 1318 3058; x_wconf 94' lang='lat' dir='ltr'><strong>tot</strong></span> <span class='ocrx_word' id='word_1_241' title='bbox 1335 2995 1473 3059; x_wconf 82' lang='lat' dir='ltr'><strong>Arabicis</strong></span> <span class='ocrx_word' id='word_1_242' title='bbox 1495 2996 1625 3072; x_wconf 90' lang='lat' dir='ltr'><strong>laciniis,</strong></span> <span class='ocrx_word' id='word_1_243' title='bbox 1649 2997 1795 3060; x_wconf 86' lang='lat' dir='ltr'><strong>inutiliter</strong></span> <span class='ocrx_word' id='word_1_244' title='bbox 1816 3007 1849 3062; x_wconf 92' lang='lat' dir='ltr'><strong>ut</strong></span> <span class='ocrx_word' id='word_1_245' title='bbox 1871 3000 1943 3080; x_wconf 92' lang='lat' dir='ltr'><strong>plu-</strong></span> 
     </span>
     <span class='ocr_line' id='line_1_26' title="bbox 576 3091 1942 3179; baseline 0.003 -23"><span class='ocrx_word' id='word_1_246' title='bbox 576 3095 699 3172; x_wconf 84' lang='lat' dir='ltr'><strong>rimum,</strong></span> <span class='ocrx_word' id='word_1_247' title='bbox 722 3091 958 3156; x_wconf 89' lang='lat' dir='ltr'><strong>Dissertationes</strong></span> <span class='ocrx_word' id='word_1_248' title='bbox 982 3110 1051 3154; x_wconf 90' lang='lat' dir='ltr'><strong>suas</strong></span> <span class='ocrx_word' id='word_1_249' title='bbox 1080 3100 1224 3169; x_wconf 86' lang='lat' dir='ltr'><strong>onerant,</strong></span> <span class='ocrx_word' id='word_1_250' title='bbox 1254 3093 1303 3156; x_wconf 90' lang='lat' dir='ltr'><strong>vel</strong></span> <span class='ocrx_word' id='word_1_251' title='bbox 1332 3112 1422 3157; x_wconf 89' lang='lat' dir='ltr'><strong>unum</strong></span> <span class='ocrx_word' id='word_1_252' title='bbox 1450 3095 1652 3179; x_wconf 90' lang='lat' dir='ltr'><strong>Liturgiarum</strong></span> <span class='ocrx_word' id='word_1_253' title='bbox 1673 3097 1869 3179; x_wconf 87' lang='lat' dir='ltr'><strong>interpretem</strong></span> <span class='ocrx_word' id='word_1_254' title='bbox 1891 3107 1942 3160; x_wconf 91' lang='lat' dir='ltr'><strong>aut</strong></span> 
     </span>
     <span class='ocr_line' id='line_1_27' title="bbox 576 3189 1942 3280; baseline 0.002 -23"><span class='ocrx_word' id='word_1_255' title='bbox 576 3193 783 3277; x_wconf 71' lang='lat' dir='ltr'><strong>theologum,</strong></span> <span class='ocrx_word' id='word_1_256' title='bbox 806 3192 855 3273; x_wconf 93' lang='lat' dir='ltr'><strong>qui</strong></span> <span class='ocrx_word' id='word_1_257' title='bbox 879 3189 965 3254; x_wconf 88' lang='lat' dir='ltr'><strong>aliter</strong></span> <span class='ocrx_word' id='word_1_258' title='bbox 986 3209 1073 3278; x_wconf 90' lang='lat' dir='ltr'><strong>qnam</strong></span> <span class='ocrx_word' id='word_1_259' title='bbox 1097 3191 1134 3254; x_wconf 90' lang='lat' dir='ltr'><strong>ad</strong></span> <span class='ocrx_word' id='word_1_260' title='bbox 1156 3192 1273 3254; x_wconf 88' lang='lat' dir='ltr'><strong>literam</strong></span> <span class='ocrx_word' id='word_1_261' title='bbox 1295 3192 1370 3256; x_wconf 90' lang='lat' dir='ltr'><strong>haec</strong></span> <span class='ocrx_word' id='word_1_262' title='bbox 1400 3195 1546 3277; x_wconf 84' lang='lat' dir='ltr'><strong>explicet3</strong></span> <span class='ocrx_word' id='word_1_263' title='bbox 1575 3195 1701 3258; x_wconf 90' lang='lat' dir='ltr'><strong>verbum</strong></span> <span class='ocrx_word' id='word_1_264' title='bbox 1729 3213 1790 3260; x_wconf 90' lang='lat' dir='ltr'><strong>non</strong></span> <span class='ocrx_word' id='word_1_265' title='bbox 1817 3195 1942 3280; x_wconf 90' lang='lat' dir='ltr'><strong>amplius</strong></span> 
     </span>
     <span class='ocr_line' id='line_1_28' title="bbox 576 3291 1283 3373; baseline -0.006 -16"><span class='ocrx_word' id='word_1_266' title='bbox 576 3294 735 3359; x_wconf 91' lang='lat' dir='ltr'><strong>addemus:</strong></span> <span class='ocrx_word' id='word_1_267' title='bbox 758 3291 813 3355; x_wconf 90' lang='lat' dir='ltr'><strong>sed</strong></span> <span class='ocrx_word' id='word_1_268' title='bbox 835 3291 865 3355; x_wconf 92' lang='lat' dir='ltr'><strong>id</strong></span> <span class='ocrx_word' id='word_1_269' title='bbox 887 3300 1044 3373; x_wconf 90' lang='lat' dir='ltr'><strong>praestare</strong></span> <span class='ocrx_word' id='word_1_270' title='bbox 1066 3309 1153 3354; x_wconf 91' lang='lat' dir='ltr'><strong>nemo</strong></span> <span class='ocrx_word' id='word_1_271' title='bbox 1176 3293 1283 3373; x_wconf 91' lang='lat' dir='ltr'><strong>possit.</strong></span> 
     </span>
    </p>
   </div>
   <div class='ocr_carea' id='block_1_5' title="bbox 799 3551 1674 3653">
    <p class='ocr_par' dir='ltr' id='par_1_5' title="bbox 799 3551 1674 3653">
     <span class='ocr_line' id='line_1_29' title="bbox 799 3551 1674 3653; baseline -0.003 -22"><span class='ocrx_word' id='word_1_272' title='bbox 799 3553 898 3631; x_wconf 76' lang='grc' dir='ltr'><strong>’Ἁνω</strong></span> <span class='ocrx_word' id='word_1_273' title='bbox 926 3560 1070 3650; x_wconf 79' lang='grc' dir='ltr'><em>σχῶμεν</em></span> <span class='ocrx_word' id='word_1_274' title='bbox 1094 3552 1158 3652; x_wconf 70' lang='lat' dir='ltr'><strong>cde</strong></span> <span class='ocrx_word' id='word_1_275' title='bbox 1182 3551 1339 3653; x_wconf 75' lang='grc' dir='ltr'><strong><em>καρδίας.</em></strong></span> <span class='ocrx_word' id='word_1_276' title='bbox 1391 3555 1531 3650; x_wconf 79' lang='lat' dir='ltr'><strong>Sursum</strong></span> <span class='ocrx_word' id='word_1_277' title='bbox 1558 3557 1674 3628; x_wconf 85' lang='lat' dir='ltr'><strong>cordo.</strong></span> 
     </span>
    </p>
   </div>
   <div class='ocr_carea' id='block_1_6' title="bbox 572 3741 1943 4954">
    <p class='ocr_par' dir='ltr' id='par_1_6' title="bbox 572 3741 1943 4954">
     <span class='ocr_line' id='line_1_30' title="bbox 667 3741 1942 3863; baseline 0.002 -21"><span class='ocrx_word' id='word_1_278' title='bbox 667 3765 892 3844; x_wconf 82' lang='lat' dir='ltr'><strong>Anuommorns</strong></span> <span class='ocrx_word' id='word_1_279' title='bbox 914 3777 1018 3853; x_wconf 90' lang='lat' dir='ltr'><strong>istius,</strong></span> <span class='ocrx_word' id='word_1_280' title='bbox 1049 3795 1126 3858; x_wconf 92' lang='lat' dir='ltr'><strong>quae</strong></span> <span class='ocrx_word' id='word_1_281' title='bbox 1155 3796 1172 3838; x_wconf 91' lang='lat' dir='ltr'><strong>a</strong></span> <span class='ocrx_word' id='word_1_282' title='bbox 1196 3775 1359 3840; x_wconf 89' lang='lat' dir='ltr'><strong>Sacerdote</strong></span> <span class='ocrx_word' id='word_1_283' title='bbox 1383 3777 1414 3838; x_wconf 91' lang='lat' dir='ltr'><strong>lit</strong></span> <span class='ocrx_word' id='word_1_284' title='bbox 1443 3741 1498 3858; x_wconf 63' lang='lat' dir='ltr'><strong>pdr</strong></span> <span class='ocrx_word' id='word_1_285' title='bbox 1524 3777 1643 3840; x_wconf 90' lang='lat' dir='ltr'><strong>modurn</strong></span> <span class='ocrx_word' id='word_1_286' title='bbox 1666 3776 1778 3863; x_wconf 88' lang='lat' dir='ltr'><strong>dialogi</strong></span> <span class='ocrx_word' id='word_1_287' title='bbox 1807 3779 1843 3842; x_wconf 95' lang='lat' dir='ltr'><strong>ad</strong></span> <span class='ocrx_word' id='word_1_288' title='bbox 1878 3783 1942 3844; x_wconf 90' lang='lat' dir='ltr'><strong>cir-</strong></span> 
     </span>
     <span class='ocr_line' id='line_1_31' title="bbox 572 3873 1942 3958; baseline -0.002 -12"><span class='ocrx_word' id='word_1_289' title='bbox 572 3873 888 3946; x_wconf 83' lang='lat' dir='ltr'><strong>cumstantesClerurn</strong></span> <span class='ocrx_word' id='word_1_290' title='bbox 911 3882 941 3938; x_wconf 90' lang='lat' dir='ltr'><strong>et</strong></span> <span class='ocrx_word' id='word_1_291' title='bbox 957 3876 1111 3958; x_wconf 90' lang='lat' dir='ltr'><strong>populum,</strong></span> <span class='ocrx_word' id='word_1_292' title='bbox 1135 3875 1231 3938; x_wconf 83' lang='lat' dir='ltr'><strong>forma</strong></span> <span class='ocrx_word' id='word_1_293' title='bbox 1253 3876 1382 3958; x_wconf 81' lang='lat' dir='ltr'><strong>simplex</strong></span> <span class='ocrx_word' id='word_1_294' title='bbox 1405 3884 1436 3938; x_wconf 91' lang='lat' dir='ltr'><strong>et</strong></span> <span class='ocrx_word' id='word_1_295' title='bbox 1458 3877 1546 3938; x_wconf 90' lang='lat' dir='ltr'><strong>unica</strong></span> <span class='ocrx_word' id='word_1_296' title='bbox 1569 3885 1615 3940; x_wconf 88' lang='lat' dir='ltr'><strong>est</strong></span> <span class='ocrx_word' id='word_1_297' title='bbox 1633 3877 1663 3938; x_wconf 90' lang='lat' dir='ltr'><strong>in</strong></span> <span class='ocrx_word' id='word_1_298' title='bbox 1681 3880 1817 3942; x_wconf 89' lang='lat' dir='ltr'><strong>omnibus</strong></span> <span class='ocrx_word' id='word_1_299' title='bbox 1830 3880 1942 3943; x_wconf 88' lang='lat' dir='ltr'><strong>Eccle-</strong></span> 
     </span>
     <span class='ocr_line' id='line_1_32' title="bbox 572 3975 1942 4062; baseline -0.001 -18"><span class='ocrx_word' id='word_1_300' title='bbox 572 3983 640 4062; x_wconf 90' lang='lat' dir='ltr'><strong>siis,</strong></span> <span class='ocrx_word' id='word_1_301' title='bbox 664 3983 690 4044; x_wconf 91' lang='lat' dir='ltr'><strong>si</strong></span> <span class='ocrx_word' id='word_1_302' title='bbox 712 3977 909 4040; x_wconf 91' lang='lat' dir='ltr'><strong>Nestorianos</strong></span> <span class='ocrx_word' id='word_1_303' title='bbox 933 3976 1116 4057; x_wconf 88' lang='lat' dir='ltr'><strong>excipimus,</strong></span> <span class='ocrx_word' id='word_1_304' title='bbox 1139 3977 1189 4056; x_wconf 91' lang='lat' dir='ltr'><strong>qui</strong></span> <span class='ocrx_word' id='word_1_305' title='bbox 1211 3975 1436 4057; x_wconf 86' lang='lat' dir='ltr'><strong>paraphrastice</strong></span> <span class='ocrx_word' id='word_1_306' title='bbox 1458 3975 1537 4039; x_wconf 89' lang='lat' dir='ltr'><strong>illam</strong></span> <span class='ocrx_word' id='word_1_307' title='bbox 1560 3979 1737 4057; x_wconf 90' lang='lat' dir='ltr'><strong>enunciant,</strong></span> <span class='ocrx_word' id='word_1_308' title='bbox 1761 3997 1819 4060; x_wconf 90' lang='lat' dir='ltr'><strong>qua</strong></span> <span class='ocrx_word' id='word_1_309' title='bbox 1846 3979 1942 4043; x_wconf 91' lang='lat' dir='ltr'><strong>dere</strong></span> 
     </span>
     <span class='ocr_line' id='line_1_33' title="bbox 572 4073 1940 4158; baseline -0.001 -15"><span class='ocrx_word' id='word_1_310' title='bbox 572 4081 689 4144; x_wconf 88' lang='lat' dir='ltr'><strong>dicetur</strong></span> <span class='ocrx_word' id='word_1_311' title='bbox 712 4081 742 4140; x_wconf 93' lang='lat' dir='ltr'><strong>in</strong></span> <span class='ocrx_word' id='word_1_312' title='bbox 765 4077 844 4139; x_wconf 93' lang='lat' dir='ltr'><strong>notis</strong></span> <span class='ocrx_word' id='word_1_313' title='bbox 867 4075 904 4138; x_wconf 93' lang='lat' dir='ltr'><strong>ad</strong></span> <span class='ocrx_word' id='word_1_314' title='bbox 926 4074 1045 4138; x_wconf 88' lang='lat' dir='ltr'><strong>illorum</strong></span> <span class='ocrx_word' id='word_1_315' title='bbox 1067 4073 1241 4158; x_wconf 89' lang='lat' dir='ltr'><strong>Liturgiam.</strong></span> <span class='ocrx_word' id='word_1_316' title='bbox 1278 4075 1442 4154; x_wconf 88' lang='lat' dir='ltr'><strong>Diaconos,</strong></span> <span class='ocrx_word' id='word_1_317' title='bbox 1466 4075 1547 4156; x_wconf 93' lang='lat' dir='ltr'><strong>quod</strong></span> <span class='ocrx_word' id='word_1_318' title='bbox 1570 4074 1746 4158; x_wconf 70' lang='lat' dir='ltr'><strong>Frequenter</strong></span> <span class='ocrx_word' id='word_1_319' title='bbox 1768 4076 1849 4158; x_wconf 85' lang='lat' dir='ltr'><strong>lacit,</strong></span> <span class='ocrx_word' id='word_1_320' title='bbox 1873 4097 1940 4142; x_wconf 92' lang='lat' dir='ltr'><strong>mo-</strong></span> 
     </span>
     <span class='ocr_line' id='line_1_34' title="bbox 572 4171 1939 4256; baseline -0.001 -13"><span class='ocrx_word' id='word_1_321' title='bbox 572 4187 625 4243; x_wconf 91' lang='lat' dir='ltr'><strong>net</strong></span> <span class='ocrx_word' id='word_1_322' title='bbox 648 4180 821 4256; x_wconf 90' lang='lat' dir='ltr'><strong>adstantes,</strong></span> <span class='ocrx_word' id='word_1_323' title='bbox 855 4183 888 4238; x_wconf 88' lang='lat' dir='ltr'><strong>ut</strong></span> <span class='ocrx_word' id='word_1_324' title='bbox 918 4174 1053 4238; x_wconf 91' lang='lat' dir='ltr'><strong>modeste</strong></span> <span class='ocrx_word' id='word_1_325' title='bbox 1081 4181 1163 4238; x_wconf 90' lang='lat' dir='ltr'><strong>stent</strong></span> <span class='ocrx_word' id='word_1_326' title='bbox 1192 4173 1322 4253; x_wconf 80' lang='grc' dir='ltr'><strong><em>Στῶμεν</em></strong></span> <span class='ocrx_word' id='word_1_327' title='bbox 1351 4171 1473 4253; x_wconf 82' lang='grc' dir='ltr'><strong><em>καλῶς,</em></strong></span> <span class='ocrx_word' id='word_1_328' title='bbox 1495 4193 1574 4256; x_wconf 90' lang='lat' dir='ltr'><strong>quae</strong></span> <span class='ocrx_word' id='word_1_329' title='bbox 1602 4175 1727 4239; x_wconf 82' lang='lat' dir='ltr'><strong>tonnula</strong></span> <span class='ocrx_word' id='word_1_330' title='bbox 1760 4178 1791 4241; x_wconf 92' lang='lat' dir='ltr'><strong>in</strong></span> <span class='ocrx_word' id='word_1_331' title='bbox 1821 4178 1939 4242; x_wconf 89' lang='lat' dir='ltr'><strong>Graeco</strong></span> 
     </span>
     <span class='ocr_line' id='line_1_35' title="bbox 573 4273 1941 4361; baseline -0.001 -18"><span class='ocrx_word' id='word_1_332' title='bbox 573 4281 658 4356; x_wconf 87' lang='lat' dir='ltr'><strong>Ritu,</strong></span> <span class='ocrx_word' id='word_1_333' title='bbox 682 4279 807 4361; x_wconf 76' lang='lat' dir='ltr'><strong>Syriaco</strong></span> <span class='ocrx_word' id='word_1_334' title='bbox 831 4282 861 4338; x_wconf 87' lang='lat' dir='ltr'><strong>et</strong></span> <span class='ocrx_word' id='word_1_335' title='bbox 884 4273 949 4337; x_wconf 87' lang='lat' dir='ltr'><strong>aliis</strong></span> <span class='ocrx_word' id='word_1_336' title='bbox 970 4280 1119 4355; x_wconf 90' lang='lat' dir='ltr'><strong>perpetuo</strong></span> <span class='ocrx_word' id='word_1_337' title='bbox 1142 4275 1281 4337; x_wconf 90' lang='lat' dir='ltr'><strong>recurrit.</strong></span> <span class='ocrx_word' id='word_1_338' title='bbox 1327 4273 1466 4356; x_wconf 84' lang='lat' dir='ltr'><strong>Coptitae</strong></span> <span class='ocrx_word' id='word_1_339' title='bbox 1495 4274 1574 4338; x_wconf 91' lang='lat' dir='ltr'><strong>idem</strong></span> <span class='ocrx_word' id='word_1_340' title='bbox 1597 4275 1732 4358; x_wconf 90' lang='lat' dir='ltr'><strong>pluribus</strong></span> <span class='ocrx_word' id='word_1_341' title='bbox 1759 4276 1862 4342; x_wconf 86' lang='lat' dir='ltr'><strong>verbis</strong></span> <span class='ocrx_word' id='word_1_342' title='bbox 1891 4278 1941 4341; x_wconf 90' lang='lat' dir='ltr'><strong>la-</strong></span> 
     </span>
     <span class='ocr_line' id='line_1_36' title="bbox 573 4361 1940 4460; baseline -0.001 -18"><span class='ocrx_word' id='word_1_343' title='bbox 573 4381 670 4443; x_wconf 87' lang='lat' dir='ltr'><strong>ciunt:</strong></span> <span class='ocrx_word' id='word_1_344' title='bbox 694 4376 748 4440; x_wconf 90' lang='lat' dir='ltr'><strong>sed</strong></span> <span class='ocrx_word' id='word_1_345' title='bbox 771 4375 888 4438; x_wconf 90' lang='lat' dir='ltr'><strong>Graece</strong></span> <span class='ocrx_word' id='word_1_346' title='bbox 917 4361 1056 4437; x_wconf 83' lang='lat' dir='ltr'><strong>dicuntur</strong></span> <span class='ocrx_word' id='word_1_347' title='bbox 1085 4375 1199 4451; x_wconf 89' lang='lat' dir='ltr'><strong>omnia,</strong></span> <span class='ocrx_word' id='word_1_348' title='bbox 1228 4375 1363 4455; x_wconf 72' lang='lat' dir='ltr'><strong>quernus</strong></span> <span class='ocrx_word' id='word_1_349' title='bbox 1390 4375 1427 4436; x_wconf 89' lang='lat' dir='ltr'><strong>ad</strong></span> <span class='ocrx_word' id='word_1_350' title='bbox 1456 4373 1612 4455; x_wconf 89' lang='lat' dir='ltr'><strong>imperitos</strong></span> <span class='ocrx_word' id='word_1_351' title='bbox 1643 4375 1778 4439; x_wconf 88' lang='lat' dir='ltr'><strong>Graecae</strong></span> <span class='ocrx_word' id='word_1_352' title='bbox 1807 4376 1940 4460; x_wconf 86' lang='lat' dir='ltr'><strong>linguae,</strong></span> 
     </span>
     <span class='ocr_line' id='line_1_37' title="bbox 575 4461 1943 4560; baseline -0.001 -19"><span class='ocrx_word' id='word_1_353' title='bbox 575 4499 616 4542; x_wconf 89' lang='lat' dir='ltr'><strong>cx</strong></span> <span class='ocrx_word' id='word_1_354' title='bbox 639 4476 821 4559; x_wconf 88' lang='lat' dir='ltr'><strong>antiquitatis</strong></span> <span class='ocrx_word' id='word_1_355' title='bbox 843 4474 1048 4537; x_wconf 86' lang='lat' dir='ltr'><strong>veneratione.</strong></span> <span class='ocrx_word' id='word_1_356' title='bbox 1093 4468 1297 4559; x_wconf 76' lang='grc' dir='ltr'><strong><em>Προςφὲρειν</em></strong></span> <span class='ocrx_word' id='word_1_357' title='bbox 1317 4461 1400 4537; x_wconf 78' lang='grc' dir='ltr'><strong><em>κατὰ</em></strong></span> <span class='ocrx_word' id='word_1_358' title='bbox 1420 4462 1552 4558; x_wconf 80' lang='grc' dir='ltr'><strong><em>τρόπον.</em></strong></span> <span class='ocrx_word' id='word_1_359' title='bbox 1596 4465 1756 4560; x_wconf 75' lang='grc' dir='ltr'><strong>Στάθητε.</strong></span> <span class='ocrx_word' id='word_1_360' title='bbox 1780 4469 1840 4551; x_wconf 79' lang='grc' dir='ltr'><strong>Εἰς</strong></span> <span class='ocrx_word' id='word_1_361' title='bbox 1861 4467 1943 4541; x_wconf 74' lang='grc' dir='ltr'><em>ἄνα-</em></span> 
     </span>
     <span class='ocr_line' id='line_1_38' title="bbox 573 4560 1942 4658; baseline 0.002 -19"><span class='ocrx_word' id='word_1_362' title='bbox 573 4563 672 4650; x_wconf 60' lang='lat' dir='ltr'><strong>zolde</strong></span> <span class='ocrx_word' id='word_1_363' title='bbox 686 4569 837 4658; x_wconf 75' lang='grc' dir='ltr'><strong><em>βλέπετε.</em></strong></span> <span class='ocrx_word' id='word_1_364' title='bbox 860 4560 1071 4658; x_wconf 79' lang='grc' dir='ltr'><em>Πρὸσχωμεν.</em></span> <span class='ocrx_word' id='word_1_365' title='bbox 1086 4561 1198 4645; x_wconf 77' lang='grc' dir='ltr'><strong><em>’Ἔλεος</em></strong></span> <span class='ocrx_word' id='word_1_366' title='bbox 1213 4560 1347 4658; x_wconf 78' lang='grc' dir='ltr'><strong><em>εἰρήνης.</em></strong></span> <span class='ocrx_word' id='word_1_367' title='bbox 1379 4567 1487 4637; x_wconf 80' lang='grc' dir='ltr'><em>Θυσία</em></span> <span class='ocrx_word' id='word_1_368' title='bbox 1506 4567 1672 4647; x_wconf 67' lang='lat' dir='ltr'><strong>adcessere:</strong></span> <span class='ocrx_word' id='word_1_369' title='bbox 1695 4593 1775 4657; x_wconf 91' lang='lat' dir='ltr'><strong>quae</strong></span> <span class='ocrx_word' id='word_1_370' title='bbox 1796 4575 1942 4642; x_wconf 76' lang='lat' dir='ltr'><strong>formulae</strong></span> 
     </span>
     <span class='ocr_line' id='line_1_39' title="bbox 576 4671 1942 4760; baseline 0.001 -21"><span class='ocrx_word' id='word_1_371' title='bbox 576 4683 680 4740; x_wconf 84' lang='lat' dir='ltr'><strong>extant</strong></span> <span class='ocrx_word' id='word_1_372' title='bbox 701 4676 812 4757; x_wconf 89' lang='lat' dir='ltr'><strong>passim</strong></span> <span class='ocrx_word' id='word_1_373' title='bbox 842 4675 872 4735; x_wconf 91' lang='lat' dir='ltr'><strong>in</strong></span> <span class='ocrx_word' id='word_1_374' title='bbox 903 4671 1027 4735; x_wconf 89' lang='lat' dir='ltr'><strong>Graecis</strong></span> <span class='ocrx_word' id='word_1_375' title='bbox 1051 4671 1204 4736; x_wconf 88' lang='lat' dir='ltr'><strong>codicibus</strong></span> <span class='ocrx_word' id='word_1_376' title='bbox 1227 4672 1429 4755; x_wconf 88' lang='lat' dir='ltr'><strong>Liturgiarum</strong></span> <span class='ocrx_word' id='word_1_377' title='bbox 1456 4673 1580 4752; x_wconf 89' lang='lat' dir='ltr'><strong>Jacobi,</strong></span> <span class='ocrx_word' id='word_1_378' title='bbox 1609 4674 1709 4737; x_wconf 89' lang='lat' dir='ltr'><strong>Basilii</strong></span> <span class='ocrx_word' id='word_1_379' title='bbox 1739 4683 1770 4738; x_wconf 90' lang='lat' dir='ltr'><strong>et</strong></span> <span class='ocrx_word' id='word_1_380' title='bbox 1804 4676 1942 4760; x_wconf 84' lang='lat' dir='ltr'><strong>Chryso-</strong></span> 
     </span>
     <span class='ocr_line' id='line_1_40' title="bbox 575 4771 1943 4857; baseline -0.001 -18"><span class='ocrx_word' id='word_1_381' title='bbox 575 4778 674 4839; x_wconf 88' lang='lat' dir='ltr'><strong>stomi.</strong></span> <span class='ocrx_word' id='word_1_382' title='bbox 720 4776 794 4837; x_wconf 86' lang='lat' dir='ltr'><strong>Tum</strong></span> <span class='ocrx_word' id='word_1_383' title='bbox 818 4773 968 4837; x_wconf 89' lang='lat' dir='ltr'><strong>Sacerdos</strong></span> <span class='ocrx_word' id='word_1_384' title='bbox 991 4771 1075 4846; x_wconf 90' lang='lat' dir='ltr'><strong>dicit,</strong></span> <span class='ocrx_word' id='word_1_385' title='bbox 1098 4772 1244 4834; x_wconf 81' lang='lat' dir='ltr'><strong>Dominus</strong></span> <span class='ocrx_word' id='word_1_386' title='bbox 1265 4773 1432 4836; x_wconf 80' lang='lat' dir='ltr'><strong>vobiscum:</strong></span> <span class='ocrx_word' id='word_1_387' title='bbox 1455 4773 1667 4855; x_wconf 90' lang='lat' dir='ltr'><strong>respondetur.</strong></span> <span class='ocrx_word' id='word_1_388' title='bbox 1711 4775 1846 4838; x_wconf 84' lang='lat' dir='ltr'><strong>Etcum</strong></span> <span class='ocrx_word' id='word_1_389' title='bbox 1874 4779 1943 4857; x_wconf 82' lang='lat' dir='ltr'><strong>spi-</strong></span> 
     </span>
     <span class='ocr_line' id='line_1_41' title="bbox 575 4871 1943 4954; baseline -0.001 -16"><span class='ocrx_word' id='word_1_390' title='bbox 575 4877 637 4938; x_wconf 83' lang='lat' dir='ltr'><strong>rita</strong></span> <span class='ocrx_word' id='word_1_391' title='bbox 659 4883 719 4938; x_wconf 85' lang='lat' dir='ltr'><strong>too.</strong></span> <span class='ocrx_word' id='word_1_392' title='bbox 764 4872 889 4953; x_wconf 86' lang='lat' dir='ltr'><strong>Reliqua</strong></span> <span class='ocrx_word' id='word_1_393' title='bbox 913 4891 947 4934; x_wconf 91' lang='lat' dir='ltr'><strong>se</strong></span> <span class='ocrx_word' id='word_1_394' title='bbox 968 4871 1094 4952; x_wconf 91' lang='lat' dir='ltr'><strong>babent,</strong></span> <span class='ocrx_word' id='word_1_395' title='bbox 1118 4874 1202 4934; x_wconf 89' lang='lat' dir='ltr'><strong>utin</strong></span> <span class='ocrx_word' id='word_1_396' title='bbox 1226 4871 1291 4934; x_wconf 90' lang='lat' dir='ltr'><strong>aliis</strong></span> <span class='ocrx_word' id='word_1_397' title='bbox 1315 4874 1450 4936; x_wconf 91' lang='lat' dir='ltr'><strong>omnibus</strong></span> <span class='ocrx_word' id='word_1_398' title='bbox 1474 4873 1587 4954; x_wconf 83' lang='lat' dir='ltr'><strong>officiis,</strong></span> <span class='ocrx_word' id='word_1_399' title='bbox 1610 4893 1677 4937; x_wconf 92' lang='lat' dir='ltr'><strong>nam</strong></span> <span class='ocrx_word' id='word_1_400' title='bbox 1692 4875 1809 4938; x_wconf 91' lang='lat' dir='ltr'><strong>Graece</strong></span> <span class='ocrx_word' id='word_1_401' title='bbox 1831 4873 1943 4936; x_wconf 86' lang='lat' dir='ltr'><strong>dicun-</strong></span> 
     </span>
    </p>
   </div>
   <div class='ocr_carea' id='block_1_7' title="bbox 441 4941 1942 5056">
    <p class='ocr_par' dir='ltr' id='par_1_7' title="bbox 441 4941 1942 5056">
     <span class='ocr_line' id='line_1_42' title="bbox 441 4941 1942 5056; baseline 0 -18"><span class='ocrx_word' id='word_1_402' title='bbox 441 4941 446 4950; x_wconf 39' lang='lat'>¹</span> <span class='ocrx_word' id='word_1_403' title='bbox 480 5045 482 5050; x_wconf 57' lang='grc'>,</span> <span class='ocrx_word' id='word_1_404' title='bbox 577 4985 626 5038; x_wconf 92' lang='lat' dir='ltr'><strong>tur</strong></span> <span class='ocrx_word' id='word_1_405' title='bbox 647 4974 677 5035; x_wconf 92' lang='lat' dir='ltr'><strong>in</strong></span> <span class='ocrx_word' id='word_1_406' title='bbox 702 4972 826 5053; x_wconf 88' lang='lat' dir='ltr'><strong>Coptica</strong></span> <span class='ocrx_word' id='word_1_407' title='bbox 848 4972 993 5056; x_wconf 90' lang='lat' dir='ltr'><strong>Liturgia.</strong></span> <span class='ocrx_word' id='word_1_408' title='bbox 1037 4972 1156 5035; x_wconf 85' lang='lat' dir='ltr'><strong>Arabes</strong></span> <span class='ocrx_word' id='word_1_409' title='bbox 1179 4973 1514 5055; x_wconf 89' lang='lat' dir='ltr'><strong>quomodopotuerunt,</strong></span> <span class='ocrx_word' id='word_1_410' title='bbox 1537 4975 1621 5037; x_wconf 89' lang='lat' dir='ltr'><strong>varie</strong></span> <span class='ocrx_word' id='word_1_411' title='bbox 1642 4975 1828 5056; x_wconf 90' lang='lat' dir='ltr'><strong>interpretati</strong></span> <span class='ocrx_word' id='word_1_412' title='bbox 1857 4982 1942 5038; x_wconf 87' lang='lat' dir='ltr'><strong>sunt:</strong></span> 
     </span>
    </p>
   </div>
   <div class='ocr_carea' id='block_1_8' title="bbox 0 0 2347 6036">
    <p class='ocr_par' dir='ltr' id='par_1_8' title="bbox 0 0 2347 6036">
     <span class='ocr_line' id='line_1_43' title="bbox 0 0 2347 6036; baseline 0 0"><span class='ocrx_word' id='word_1_413' title='bbox 0 0 2347 6036; x_wconf 95' lang='lat' dir='ltr'><strong> </strong></span> 
     </span>
    </p>
   </div>
  </div>
 </body>
</html>
