4670 6046
386 545 390 555 ’
496 563 661 640 286·1
1069 568 1299 646 NOTAE

497 749 639 813 mutando
661 751 854 832 substantias,
877 751 1051 832 praesentia
1075 753 1215 833 corporis
1243 760 1274 814 et
1301 755 1456 836 sanguinis
1479 755 1546 818 talis
1570 757 1619 836 sit,
1642 765 1675 820 ut
1697 765 1870 822 remaneant

497 851 617 931 sintque
640 868 752 931 corpus
776 858 806 913 et
828 851 953 934 sanguis
965 850 1152 931 suscipienti,
1177 851 1357 933 quicumque
1375 853 1424 928 sit,
1448 852 1724 920 lidelivelinlrdeli.
1748 856 1868 935 Verum,

496 950 600 1029 inquit,
624 949 775 1012 Sacerdos
799 948 849 1012 ille
874 948 994 1030 Coptita
1017 968 1054 1012 ea
1075 949 1270 1013 invocatione
1283 967 1372 1032 quam
1398 954 1660 1017 omniumnomine
1675 953 1864 1036 pronunciat,

495 1049 525 1110 id
548 1048 688 1132 designat
710 1047 907 1126 solummodo,
931 1067 1038 1129 penem
1062 1057 1093 1111 et
1115 1051 1227 1127 vinum,
1251 1068 1327 1131 quae
1358 1069 1375 1112 a
1405 1051 1493 1116 uobis
1515 1053 1545 1115 in
1569 1052 1673 1116 Coena
1696 1055 1866 1134 suscipiun-

496 1157 554 1225 tur,
579 1147 643 1208 lieri
666 1163 777 1227 corpus
801 1155 831 1210 et
853 1149 1031 1229 sanguinem
1051 1147 1181 1228 Domini,
1204 1148 1262 1210 illis
1286 1149 1336 1230 qui
1355 1149 1515 1213 debiteilla
1529 1153 1707 1234 suscipient,
1731 1171 1865 1234 quosque

495 1246 623 1328 Spiritus
646 1255 768 1309 sanctus
791 1249 874 1328 prius
898 1246 1146 1311 sanctificaverit:
1169 1248 1236 1311 illos
1261 1267 1382 1330 quoque
1401 1250 1485 1312 solos
1501 1251 1643 1332 accipere
1666 1270 1772 1314 verum
1795 1269 1867 1313 cor-

494 1363 562 1426 pus,
585 1361 646 1407 non
669 1363 778 1427 panem
801 1344 998 1424 solummodo,
1022 1347 1073 1428 qui
1095 1347 1180 1428 prius
1208 1366 1265 1429 per
1294 1347 1382 1410 fidem
1405 1356 1436 1411 et
1458 1351 1585 1430 gratiam
1615 1351 1712 1413 sancti
1741 1351 1865 1435 Spiritus

494 1446 562 1526 puri
585 1442 655 1507 lacti
678 1444 799 1508 luerint.
846 1444 978 1507 Tandem
1010 1445 1100 1507 edicit
1122 1445 1201 1507 hene
1222 1465 1293 1510 esse
1314 1436 1511 1532 μεταβολήν,
1540 1451 1605 1512 sive
1632 1453 1869 1528 conversionem,

495 1545 623 1625 antiquis
646 1544 785 1607 Patribus
810 1551 1013 1621 memoratam,
1036 1563 1094 1607 uec
1119 1547 1322 1625 quaerendam
1345 1567 1416 1611 esse
1438 1547 1534 1612 aliam.
1557 1548 1603 1612 De
1626 1549 1744 1612 illorum
1764 1549 1871 1612 'lbco-

493 1644 575 1726 logia
600 1644 689 1706 aliurn
712 1645 847 1725 quemvis
871 1646 972 1725 potius
995 1643 1186 1722 audiendum,
1209 1646 1298 1708 etiam
1328 1647 1387 1728 ipsi
1409 1645 1592 1710 calvinistae
1616 1646 1725 1709 dudum
1743 1646 1874 1728 judica-

494 1752 618 1821 verunt,
648 1760 737 1823 quam
767 1741 962 1818 Salmaslum‚
994 1743 1044 1822 qui
1080 1744 1191 1805 nemini
1219 1761 1350 1826 unquam
1377 1744 1517 1826 probavit
1546 1763 1639 1810 voees
1662 1745 1875 1824 μεταποιεῖν,

491 1838 778 1920 μεταστοιχειοῦν,
804 1835 1103 1927 μεταῤῥυθμίζειν,
1131 1843 1238 1922 quibus
1267 1844 1369 1906 Patres
1397 1860 1458 1905 non
1480 1845 1576 1907 minus
1604 1851 1743 1923 utuntur,
1778 1863 1879 1926 quam

493 1941 620 2021 simplici
641 1928 874 2021 μεταβάλλειν,
897 1940 1008 2002 nullam
1042 1939 1129 2002 eliam
1158 1943 1351 2004 mutationem
1381 1943 1564 2024 significare,
1588 1961 1677 2023 quam
1700 1961 1764 2005 eam
1788 1961 1879 2040 quae

492 2043 615 2103 mutatio
644 2057 706 2101 non
736 2039 783 2102 sit.
837 2037 899 2103 Sed
921 2038 978 2100 hoc
1001 2056 1061 2101 non
1090 2039 1219 2120 ammos:
1246 2058 1352 2104 verunt
1383 2059 1486 2104 coram
1508 2041 1657 2120 Ecclesia,
1682 2050 1712 2104 et
1740 2041 1882 2104 eruditis

493 2140 640 2217 omnihus,
665 2138 717 2220 qui
738 2138 866 2219 aliquem
889 2136 1057 2219 linguarum
1078 2137 1274 2201 Orientalium
1297 2139 1431 2202 notitiem
1454 2141 1574 2216 habent,
1597 2140 1733 2205 Salmasii
1755 2158 1884 2203 nornen

493 2238 666 2316 deserimus,
690 2245 830 2318 tanquam
853 2238 1047 2318 corruptelae
1065 2237 1263 2301 intolerabilis
1286 2240 1341 2317 rei,
1366 2257 1433 2301 cum
1456 2238 1616 2302 lectionem
1639 2238 1753 2300 codicis
1776 2257 1887 2319 quern

492 2340 575 2415 citat,
599 2338 744 2419 eorrupit,
769 2344 799 2399 et
822 2338 954 2399 enormis
977 2337 1112 2399 inscitiae
1136 2337 1205 2400 dum
1228 2337 1308 2400 illam
1332 2337 1546 2400 absurdissime
1569 2347 1615 2401 est
1638 2339 1884 2417 interpretatus.

491 2436 521 2500 ls
544 2439 610 2518 ipse
635 2436 741 2500 Codex
762 2443 905 2520 superest
927 2435 958 2497 in
981 2434 1166 2498 Bibliotheca
1189 2435 1296 2520 Regia,
1320 2444 1351 2499 et
1382 2438 1412 2498 in
1435 2437 1496 2517 illo,
1522 2437 1600 2500 sicut
1623 2437 1653 2498 in
1676 2436 1742 2499 aliis
1765 2440 1889 2500 omni-

490 2538 548 2600 bus
571 2536 683 2618 legitur
705 2553 765 2597 non
794 2534 918 2616 pluralis
946 2537 1061 2616 primae
1089 2552 1240 2615 personae
1271 2535 1515 2598 characteristica
1545 2535 1642 2613 litera,
1674 2534 1728 2596 sed
1756 2539 1887 2599 tertiae

381 2635 387 2646 ‘
491 2636 683 2712 foemininae,
713 2636 781 2715 quia
811 2635 841 2694 in
870 2633 971 2714 lingua
1000 2632 1131 2695 Arabica
1164 2653 1224 2696 vox
1247 2645 1304 2702 titt
1328 2635 1448 2712 limini,
1470 2635 1613 2714 Spiritus,
1637 2634 1789 2697 foeminini
1818 2643 1893 2699 est

492 2737 625 2817 generis.
657 2734 691 2795 ln
714 2733 807 2814 prima
831 2734 921 2794 etiam
942 2750 1032 2810 voce,
1056 2751 1143 2813 quam
1167 2736 1257 2796 vertit
1281 2733 1441 2796 Salmasius
1461 2734 1665 2812 purificamur,
1689 2733 1770 2795 nulla
1793 2743 1892 2796 nota

493 2834 605 2915 passivi
628 2840 685 2910 est,
708 2830 945 2912 uertendumque
974 2830 1080 2894 luisset
1104 2834 1307 2911 purificentur,
1330 2849 1390 2912 quo
1414 2831 1481 2894 solo
1504 2831 1675 2894 discrimine
1706 2840 1768 2895 tota
1797 2853 1893 2895 ma·-

492 2934 578 2997 china
602 2927 803 2995 Salmasianac
826 2929 1013 3011 'theologiae
1035 2928 1168 2993 lunditus
1190 2932 1258 2992 ruit.
1302 2929 1336 2991 lu
1358 2931 1452 2993 altera
1475 2939 1505 2991 et
1526 2938 1737 2992 convertemus
1760 2931 1891 2993 similis

491 3031 665 3112 corruptela
696 3038 752 3108 ost,
777 3048 843 3092 curn
874 3048 982 3092 sensus
1013 3031 1061 3108 sit,
1091 3038 1121 3092 et
1150 3036 1321 3104 concertet,
1350 3029 1401 3092 vel
1428 3028 1612 3108 transferet,
1639 3037 1894 3111 perspectoque

491 3152 558 3194 eam
580 3131 739 3193 lectionem
762 3128 904 3191 exhibeat
933 3127 1040 3191 Codex
1069 3129 1299 3210 manuscriptus.
1352 3127 1439 3202 Quod
1462 3121 1676 3212 προκείμενα,
1706 3147 1784 3210 quae
1814 3131 1894 3191 in·-

490 3231 668 3313 tclliguntur
690 3243 767 3290 voce
790 3229 940 3307 sequenti,
964 3245 1023 3289 non
1047 3229 1143 3289 minus
1167 3229 1316 3289 communi
1339 3227 1418 3309 apud
1441 3226 1561 3289 Arabes
1576 3226 1763 3291 Christianos
1786 3245 1892 3292 voce

490 3349 579 3411 quam
601 3327 681 3409 apud
704 3325 839 3388 Graecos
862 3326 973 3404 altera,
1004 3327 1080 3388 oiies
1109 3335 1138 3388 et
1166 3333 1306 3387 terrenos
1333 3324 1508 3388 Oblationes
1536 3327 1644 3403 vertit,
1676 3343 1736 3388 non
1765 3326 1887 3390 levern

489 3429 639 3512 significat
660 3425 812 3489 Arabismi
835 3426 1044 3506 ignorantiam,
1067 3433 1098 3487 et
1121 3424 1151 3486 in
1174 3443 1211 3486 eo
1235 3401 1376 3505 qui‘alios
1400 3423 1562 3504 imperiose
1586 3423 1699 3487 docere
1723 3424 1889 3501 audebat,

477 3547 551 3610 ,non
574 3527 663 3589 lacile
686 3524 879 3588 tolerandam.
934 3524 994 3588 Sed
1023 3523 1103 3586 hunc
1134 3542 1269 3586 errorem
1299 3524 1330 3584 in
1359 3521 1437 3585 libro
1465 3523 1503 3585 de
1533 3522 1886 3586 Transubstantiatione

490 3626 675 3690 emendavit:
700 3624 796 3686 haesit
818 3625 848 3684 in
871 3623 936 3685 aliis
958 3621 1151 3706 gravioribus
1173 3622 1275 3706 longe,
1300 3623 1455 3706 magisque
1479 3621 1669 3702 perniciosis.

539 3708 545 3724 ⁸
576 3724 672 3788 Porro
698 3724 798 3784 mirari
821 3723 894 3784 satis
917 3739 1004 3785 nemo
1027 3728 1131 3804 potest
1154 3721 1347 3799 Salmasium,
1371 3721 1422 3802 qui
1445 3721 1557 3801 ubique
1581 3719 1675 3784 lerme
1699 3720 1736 3783 de
1760 3721 1885 3804 tingue·

489 3824 690 3905 Aegyptiace,
713 3830 853 3902 tanquam
876 3821 1015 3884 sibinen
1039 3823 1142 3903 ignota
1165 3819 1311 3902 loquitur,
1340 3819 1391 3881 ubi
1415 3837 1492 3900 opus
1515 3837 1576 3882 non
1600 3828 1683 3897 erat,
1712 3823 1885 3901 ignoranae

490 3924 558 3984 tiam
580 3921 630 3983 vel
651 3920 758 3982 melam
781 3920 870 3982 tidem
897 3918 1046 3982 hocloco
1069 3921 1109 3982 ita
1132 3917 1314 4000 prodidisse,
1336 3926 1369 3982 ut
1391 3919 1579 3981 excusationi
1603 3917 1700 3980 locum
1724 3935 1784 3980 non
1807 3936 1888 3982 re·-

488 4021 619 4101 liquerit.
666 4018 772 4082 Codex
795 4037 855 4100 quo
880 4017 1018 4080 utebatur
1039 4017 1230 4102 Aegyptiace
1252 4019 1383 4099 scriptus
1406 4025 1472 4080 etat
1495 4024 1524 4080 et
1548 4017 1697 4094 Arabiee;
1722 4035 1777 4081 cur
1799 4019 1887 4099 igi*

449 4123 459 4142 ¹
488 4115 599 4183 tur'de
622 4119 763 4201 primario
786 4125 871 4181 textu
893 4136 931 4178 ne
954 4116 1081 4180 verbum
1104 4117 1224 4200 quidem
1247 4117 1337 4196 lecit,
1369 4117 1425 4178 nisi
1448 4117 1529 4197 quod
1552 4116 1634 4179 illurn
1664 4134 1725 4180 non
1748 4116 1888 4180 intelli·-

488 4219 591 4301 gebat,
616 4219 696 4299 quod
720 4216 826 4295 facile,
851 4218 877 4278 si
900 4233 976 4299 opus
1004 4224 1102 4295 esset,
1133 4217 1340 4298 probaremus.
1386 4216 1464 4280 Sane
1495 4217 1521 4277 si
1550 4215 1767 4294 intellexisset,
1800 4230 1885 4277 non

490 4318 574 4380 illum
596 4315 674 4380 adeo
696 4315 861 4398 perfrictae
886 4315 991 4376 lrontis
1015 4313 1109 4378 luisse
1132 4315 1288 4396 quisquam
1312 4314 1429 4392 credet,
1452 4321 1502 4392 ut,
1526 4315 1643 4394 qualem
1666 4334 1707 4378 ex
1730 4313 1882 4378 Aneros·

488 4418 631 4480 versione
655 4423 840 4477 commentus
863 4422 921 4492 est,
945 4413 1223 4495 interpretationem
1246 4413 1344 4477 deret:
1375 4413 1616 4495 quandoquidem
1644 4413 1771 4475 orationi
1795 4411 1880 4476 Co·-

489 4518 589 4598 pticac
619 4531 746 4596 prorsus
774 4513 962 4576 contradicit.
1008 4512 1096 4585 Quod
1125 4514 1241 4576 etiamsi
1271 4529 1332 4575 non
1365 4519 1463 4590 esset,
1493 4521 1523 4574 at
1553 4531 1631 4592 quae
1664 4530 1735 4574 mox
1763 4510 1881 4592 suhjie

491 4617 626 4691 ciuntur,
649 4613 827 4675 sententiam
852 4612 882 4673 in
906 4619 1010 4693 aperta
1045 4611 1114 4674 luce
1143 4612 1310 4690 collocant,
1335 4609 1601 4691 demonstrantquc
1624 4612 1686 4691 peti
1722 4609 1880 4691 illapsum

489 4713 589 4776 saneti
611 4711 750 4792 Spiritus,
775 4712 902 4793 ejusque
924 4712 1131 4792 operationem
1154 4714 1186 4774 in
1209 4712 1288 4774 dona
1310 4709 1476 4793 proposita.
1522 4709 1600 4772 Nihil
1623 4718 1722 4772 autem
1745 4710 1876 4772 certius

490 4827 670 4891 essequam
695 4809 775 4892 quod
799 4811 837 4872 dc
859 4804 1041 4872 Salmasiana
1064 4810 1213 4873 Versione
1244 4809 1386 4884 diximus,
1418 4809 1516 4870 sciunt
1545 4807 1725 4890 quicumque
1755 4807 1856 4872 literas

491 4908 661 4972 Orientalcs
685 4929 702 4970 a
725 4909 826 4970 limine
848 4910 1061 4971 salutaverint:
1084 4907 1294 4992 Aegyptiacae
1317 4909 1454 4990 linguae,
1487 4925 1565 4988 quae
1588 4923 1649 4968 non
1672 4907 1749 4971 adeo
1772 4922 1857 4968 eom-

490 5009 587 5072 munis
611 5015 669 5087 est,
691 5007 886 5071 mediocriter
908 5010 1036 5090 peritum
1059 5025 1128 5071 esse
1152 5015 1289 5091 oportet,
1316 5015 1349 5070 ut
1372 5023 1460 5070 error
1481 5014 1681 5090 agnoscatur,
1710 5023 1777 5070 cum
1799 5003 1856 5068 ob-
