4778 6034
416 533 742 614 cummanum
761 531 1016 644 onmnnmn
1034 530 1184 608 ouans
1198 533 1246 608 nu
1262 530 1511 608 amomum.
1570 526 1668 602 mv

290 725 404 796 sioncs
430 718 614 812 Arabicae,
642 741 726 814 quae
754 716 902 813 Copticis
930 693 1178 811 exemplaribus
1201 715 1336 807 adjungi
1362 715 1484 808 solent,
1507 716 1666 807 juvandis

289 816 542 925 Eacerdodbus,
568 857 637 908 nou
665 833 790 907 Officiis
806 832 939 928 publice
955 828 1165 904 celebrandis
1179 829 1365 902 destinatae
1390 833 1464 906 sint
1486 828 1666 903 Malchitae

291 973 352 1026 scu
387 950 576 1024 orthodoxi
604 948 844 1038 Alexandrini,
880 945 1013 1019 Graeca
1046 948 1081 1018 in
1106 944 1269 1042 Aegypto
1306 967 1405 1017 sacra
1430 945 1569 1038 iaciunt,
1600 969 1665 1018 nac

292 1069 377 1142 ullus
405 1076 459 1140 cst
485 1066 528 1139 ad
554 1065 673 1138 altana
699 1063 836 1155 linguae
860 1059 1032 1135 Arabicae
1059 1082 1149 1134 usus.
1195 1061 1565 1156 constantinopolitani,
1591 1083 1668 1132 cum

293 1187 379 1254 inter
405 1183 535 1254 Turcas
560 1188 752 1267 versentur,
778 1201 943 1272 nunquam
971 1177 1014 1249 de
1039 1177 1189 1268 Liturgia
1206 1176 1348 1247 Turcice
1374 1175 1537 1248 vertenda
1564 1179 1667 1268 cogi-
1757 1177 1762 1187 ’

294 1307 468 1387 taverunt,
502 1295 564 1368 scd
589 1297 700 1367 veteri
727 1292 873 1384 Graeca,
908 1315 1007 1386 quam
1031 1292 1128 1388 plebs
1154 1313 1222 1363 non
1248 1289 1413 1382 intelligit,
1439 1294 1487 1362 uti
1512 1300 1668 1387 pergami,

295 1423 331 1484 ut
356 1423 435 1485 ante
460 1410 550 1483 mille
576 1417 744 1482 trecentos
772 1430 878 1481 annos
906 1405 1162 1479 observabatur.

400 1527 505 1618 Igitur
540 1522 755 1598 Orientalium
790 1521 1052 1595 Christianorum
1084 1521 1253 1617 exempla,
1288 1520 1406 1616 quibus
1439 1521 1668 1598 Protestantas
1705 1527 1801 1580 E⁰r¹¹¹¹¹
1826 1527 1995 1596 exemplan-

297 1639 473 1712 Romanaa
498 1638 677 1711 Ecclesiae
712 1637 918 1733 disciplinam
948 1639 1160 1732 impugnant,
1194 1659 1267 1708 eam
1300 1636 1436 1710 mirifice
1471 1637 1669 1712 confirmare
1683 1612 1995 1752 qqqtppprtnnmcm-

299 1765 537 1848 agnoscuntur,
569 1776 644 1826 cum
679 1755 764 1824 ratio
799 1755 843 1824 sit
872 1773 1011 1848 prorsus
1038 1751 1157 1824 eadem
1183 1760 1335 1824 retentae
1369 1751 1505 1844 linguae
1530 1757 1671 1842 veteris,

300 1893 385 1965 quae
410 1871 562 1962 vulgaris
590 1867 668 1940 olim
694 1866 815 1955 lucrat,
843 1889 952 1961 quam,
980 1869 1043 1938 etsi
1071 1869 1105 1937 in
1140 1865 1391 1939 desuetudinem
1416 1866 1564 1957 abiisset,
1591 1890 1671 1938 mu-

300 1989 361 2057 tari
387 1983 580 2058 vernaculis
613 1980 846 2073 versionibus,
872 2003 936 2052 nec
964 1980 1142 2072 Orientali,
1175 2003 1238 2052 nec
1267 1979 1470 2053 Occidentali
1494 1981 1672 2056 Ecclesiae

299 2100 435 2196 placuit,
462 2098 506 2172 ob
534 2099 735 2191 antiquitatis
762 2084 1091 2191 reverentiamque
1116 2099 1245 2168 ratione
1271 2096 1372 2168 multa
1399 2094 1545 2187 Graece,
1572 2100 1673 2170 etiam

300 2215 472 2312 apopudo
499 2212 651 2300 dicenda,
677 2215 711 2283 in
739 2210 889 2306 Copticis
917 2210 1042 2284 Officiis
1070 2219 1271 2284 conservata
1300 2211 1385 2283 sunt.
1412 2209 1485 2282 Nec
1504 2214 1538 2282 in
1566 2213 1673 2288 sacris

301 2328 427 2421 solum,
459 2349 579 2401 verum
611 2331 646 2398 in
679 2328 868 2422 praecipuis
910 2323 1012 2397 rebus
1046 2325 1090 2399 ad
1123 2325 1312 2398 Ecclesiam
1343 2325 1569 2422 spectantibus
1604 2328 1674 2400 lin-

301 2467 442 2538 guarum
478 2445 699 2516 extinetarum
732 2462 812 2514 usus
853 2444 1108 2536 perseveravit,
1148 2441 1239 2537 quod
1275 2441 1436 2533 singulari
1473 2442 1552 2534 lege
1589 2443 1677 2539 apud

303 2560 455 2655 Coptitas
483 2567 624 2648 tanetum,
651 2560 740 2628 circa
769 2555 1004 2629 Ordinationes
1022 2556 1279 2653 Episcoporum,
1305 2560 1503 2651 praesertim
1518 2557 1677 2630 Alexan-

303 2675 386 2748 drini
411 2671 636 2746 Patriarcbae.
688 2672 835 2766 Antiqua
862 2671 1069 2746 consuetudo
1096 2681 1160 2763 est,
1186 2680 1222 2742 ut
1247 2681 1425 2767 postquam
1452 2673 1578 2745 electus
1605 2671 1678 2763 furit,

304 2791 496 2863 conficiatur
522 2791 790 2878 instrumentum,
818 2809 883 2881 quo
911 2786 1091 2882 Episcopi,
1125 2785 1414 2859 Arabimaudritae
1439 2787 1679 2861 Monacborum

304 2908 449 2994 nomine,
477 2902 673 2998 Presbyteri
700 2901 897 2993 etDiaconi,
923 2910 1076 2974 testatum
1103 2901 1228 2975 faciant
1253 2902 1366 2993 talem,
1393 2924 1560 2976 consensu
1577 2925 1679 2976 com-

303 3023 394 3093 muni
421 3020 563 3091 electum
595 3039 673 3092 esse
699 3017 999 3113 Archiapiscopum
1030 3016 1271 3090 Alexandriae.
1312 3017 1396 3090 Illud
1427 3021 1679 3092 instrumentum

282 3135 410 3208 ,ubas
437 3134 558 3226 linguis
585 3133 702 3204 confici
730 3132 836 3220 solet,
864 3131 1010 3221 Graeca,
1043 3154 1141 3225 quam
1169 3133 1211 3206 ab
1239 3133 1304 3205 illis
1332 3135 1387 3228 qui
1407 3132 1585 3206 scribendo
1613 3134 1679 3205 ad-

304 3250 438 3322 luerunt
462 3269 531 3320 non
557 3245 707 3340 intelligi,
734 3249 815 3320 satis
842 3245 987 3342 probant
1010 3249 1109 3343 spissi
1137 3255 1171 3319 et
1194 3246 1387 3342 frequentes
1414 3260 1532 3321 contra
1558 3247 1680 3320 ortho-

306 3365 479 3461 graphiam
506 3372 541 3435 et
565 3365 816 3454 grammaticam
843 3383 992 3452 errores,
1019 3365 1117 3434 etiam
1146 3365 1180 3433 in
1193 3361 1386 3436 melioribus
1405 3363 1502 3456 hujus
1518 3362 1681 3436 formulae

305 3477 567 3574 exemplaribus,
592 3485 629 3548 ut
653 3479 688 3548 in
714 3475 899 3549 Pontificali
925 3475 1158 3569 Seguieriano.
1193 3475 1334 3572 Coptica
1369 3477 1457 3550 uliud
1490 3476 1681 3573 exemplum

306 3594 450 3666 describi
486 3592 582 3679 solet,
619 3613 705 3686 quae
740 3611 809 3663 non
843 3593 952 3684 magis
987 3615 1007 3663 a
1041 3589 1142 3686 plebe
1176 3591 1370 3685 intelligitur
1403 3615 1503 3686 quam
1530 3591 1680 3666 Graeca:

306 3707 440 3780 tandem
468 3705 626 3796 Arabica,
661 3727 746 3801 quae
774 3705 846 3779 sola
874 3707 1025 3797 vulgaris
1052 3714 1114 3778 est.
1167 3706 1260 3778 Idem
1287 3707 1489 3780 observatur
1516 3708 1550 3777 in
1575 3705 1680 3782 literis

305 3845 394 3918 quae
426 3832 592 3894 vocantur
617 3821 855 3912 Συστατικαι,
876 3843 966 3893 voce
999 3819 1151 3910 Graeca,
1186 3819 1304 3916 quibus
1345 3831 1421 3895 acta
1456 3821 1681 3900 Ordinationis

303 3935 520 4011 Patriaccbae
560 3940 788 4026 continentur,
823 3947 859 4007 ut
886 3939 919 4007 in
946 3936 1010 4010 illis
1038 3959 1125 4031 quae
1153 3936 1195 4009 ad
1221 3933 1499 4037 Ἐνθρονισμὸν
1519 3950 1684 4036 spectant,

306 4053 397 4148 quod
424 4056 524 4124 etiam
552 4074 635 4146 erga
661 4052 864 4149 Episcopus,
891 4074 967 4124 cum
993 4052 1198 4142 ordinantur,
1227 4051 1404 4127 observari
1431 4055 1527 4128 solet.

410 4166 516 4238 Iidem
552 4166 774 4240 Alexandrini
814 4167 987 4240 lacebitae
1021 4167 1141 4240 multas
1178 4190 1261 4263 prae
1309 4173 1453 4246 caeteris
1488 4171 1684 4248 Christianis
1697 4185 2008 4242 naturamnaturaim-

308 4283 490 4381 particulas
517 4286 605 4354 sacri
634 4283 734 4355 cilicii
761 4293 1071 4372 conservaverant,
1099 4305 1185 4377 quae
1211 4287 1296 4355 iuter
1323 4272 1482 4380 Copticas
1515 4291 1684 4363 orationes
1698 4273 1870 4374 ⁰3⁸⁶⁰ll²¹f³
1883 4273 2008 4326 ‘imm'

309 4398 442 4472 Graeco
457 4397 616 4470 dicuntur.
628 4397 728 4474 ’Ἀνω
741 4395 804 4482 τὰς
814 4396 973 4496 καρδίας.
1003 4397 1171 4494 ’Ἑχομεν
1181 4397 1270 4499 πρὸς
1280 4396 1347 4476 τὸν
1354 4397 1485 4499 κύριον
1493 4413 1526 4474 ει
1538 4403 1685 4498 reliquas
1699 4376 1742 4430 μ’
1754 4376 1801 4413 ⁸¹¹⁰
1814 4367 1981 4413 maranorum.

309 4514 530 4610 praelationis
552 4512 721 4587 formulas.
750 4515 795 4592 Oi
808 4511 1012 4612 καθήιανοι
1028 4511 1211 4612 ducarque.
1240 4518 1301 4600 Εἰς
1324 4514 1500 4601 ἀνατολὰς
1524 4511 1686 4616 ’βλέπετε

316 4628 380 4715 Oui
406 4629 533 4700 sedetis
558 4633 709 4724 surpite:
738 4631 798 4702 Ad
824 4631 995 4702 Orientem
1021 4635 1185 4726 capicitc,
1222 4643 1256 4704 et
1282 4635 1391 4706 omnia
1419 4633 1526 4705 ferme
1553 4657 1639 4728 quae
1666 4658 1687 4706 a

314 4742 470 4815 Diacono
503 4742 654 4816 dicuntum
680 4744 722 4816 ad
737 4744 906 4841 populum.
932 4745 1081 4819 Sanetus
1095 4753 1158 4834 ter,
1184 4747 1279 4842 pleni
1304 4756 1382 4820 aunt
1401 4749 1499 4839 coeii,
1529 4756 1565 4820 et
1580 4756 1687 4838 terro,

317 4864 379 4928 cic.
435 4854 567 4931 Graece
603 4880 735 4954 quoque
769 4862 847 4932 dicit
878 4860 1044 4956 Populus:
1070 4865 1116 4934 ita
1141 4861 1300 4958 frequens
1331 4863 1388 4937 illa
1422 4868 1583 4938 orationis
1609 4864 1688 4936 ior-

314 4971 416 5063 mula,
432 4970 537 5048 Karai
562 4972 605 5048 τὸ
631 4972 723 5059 ἔλεός
747 5000 816 5051 σου
839 4971 952 5075 κύριε,
980 4977 1171 5049 Secundum
1201 4981 1474 5052 mirericordiam
1500 4988 1590 5052 taam
1604 4981 1688 5052 Do-
