4736 6064
680 537 757 612 460
1069 541 1229 618 RITUS
1269 540 1662 623 ORDINATIONIS

677 723 852 798 nobiseum
879 728 1095 818 congregatis
1121 725 1197 798 Deo
1225 726 1446 803 dilectissimis
1474 727 1636 822 clericis,
1664 741 1698 805 et
1724 732 1903 810 laboriosis
1930 759 2054 808 mona·-

676 839 758 928 clris,
785 841 975 937 populoque
1001 842 1109 913 Deum
1137 853 1286 931 amante,
1313 865 1458 938 magnae
1484 844 1577 919 urbis
1602 846 1854 922 Alexandriae:
1897 849 1940 922 ad
1973 851 2053 924 lau-

676 954 751 1026 dam
779 963 813 1026 ot
846 957 987 1048 gloriam
1014 957 1144 1046 Patris,
1180 957 1255 1029 Filii
1290 971 1323 1032 et
1355 959 1500 1056 Spiritus
1527 965 1633 1034 saneti
1660 986 1759 1055 nune,
1786 976 1850 1037 etc.

777 1083 1004 1156 subscribent
1037 1086 1206 1178 Episcopi
1239 1090 1463 1159 testimonium
1493 1113 1605 1180 mum,
1630 1097 1738 1183 justo
1770 1094 1925 1164 ordinem
1958 1115 2054 1163 suum

672 1198 737 1269 boe
764 1200 873 1270 modo.

700 1349 702 1359 ·
775 1313 818 1387 Ν.
845 1313 1053 1410 Episcopus,
1094 1321 1234 1390 amantis
1269 1317 1435 1391 Christum
1470 1319 1561 1392 urbis
1587 1319 1629 1391 N.
1657 1324 1831 1394 consentio
1858 1321 1933 1394 buia
1960 1321 2052 1395 Pse-

670 1430 834 1525 pbismati,
862 1440 898 1502 ut
924 1453 962 1502 se
989 1431 1096 1506 habet.

775 1546 863 1618 Post
890 1548 1092 1641 Episcopus,
1121 1556 1192 1621 tres
1217 1550 1419 1643 Presbyteri
1445 1551 1699 1642 Alexandriae,
1726 1558 1762 1622 et
1795 1557 1867 1624 ires
1892 1551 2051 1626 Diaconi

670 1662 884 1734 subscribent
909 1667 945 1732 in
971 1662 1060 1735 bunc
1085 1667 1224 1736 modum.

773 1777 815 1849 N.
843 1777 1028 1874 Presbyter
1054 1791 1110 1852 aut
1136 1783 1306 1855 Diaconos
1333 1805 1476 1877 magnae
1503 1780 1594 1856 urbis
1617 1782 1847 1857 Alexandriae
1873 1795 1980 1858 testor
2008 1809 2049 1858 ea

673 1917 760 1989 quae
786 1897 910 1989 scripta
938 1907 1013 1968 sunt
1038 1899 1071 1967 in
1098 1895 1163 1968 boc
1189 1896 1428 1994 Psepbismate.

773 2011 816 2082 Si
848 2013 923 2105 quis
955 2013 1109 2084 scribere
1143 2017 1297 2104 neseiat,
1331 2020 1403 2107 epus
1435 2015 1512 2086 ioco
1546 2015 1635 2087 clius
1668 2013 1861 2088 subscribet
1895 2017 1931 2085 in
1957 2015 2048 2087 bunc

670 2127 809 2198 modum.

776 2242 855 2336 Ego
891 2242 933 2314 N.
960 2247 1083 2337 rogavi
1119 2254 1155 2316 ut
1190 2245 1394 2319 scriberetur
1426 2249 1560 2320 nomine
1585 2269 1661 2318 meo
1690 2247 1911 2318 testimonium
1937 2267 2048 2319 meum

671 2357 713 2429 de
739 2358 804 2430 hoe
830 2358 1070 2455 Psepbismate.

774 2476 862 2547 Post
886 2476 963 2546 iilos
989 2476 1203 2548 subscriberet
1234 2477 1448 2571 Hepronenus
1474 2476 1610 2566 Sertis,
1644 2483 1680 2548 et
1711 2477 1843 2571 aliquot
1867 2479 1936 2546 uiri
1958 2479 2047 2570 pri-

668 2595 771 2662 marii
797 2592 1037 2664 Aienondrioe
1065 2599 1099 2663 et
1125 2592 1288 2683 Cabiroe,
1316 2596 1509 2664 testimonio
1534 2616 1606 2663 nuo.

772 2707 810 2780 ln
837 2708 954 2781 codice
980 2712 1203 2804 manuscripto
1231 2706 1401 2800 subjicitur
1427 2709 1616 2804 exemplum
1643 2706 1792 2801 ejusdem
1807 2704 2046 2801 Psaphismatis

669 2823 802 2896 Graece
831 2824 950 2895 eodem
983 2827 1117 2897 omnino
1150 2847 1263 2914 sensu,
1297 2828 1362 2898 nisi
1389 2825 1477 2919 quod
1510 2824 1673 2920 quaedam
1707 2841 1815 2896 voces
1850 2843 1870 2891 a
1904 2818 2047 2916 Coptitis

668 2960 735 3010 non
763 2942 845 3012 satis
873 2939 1060 3023 intellectae
1086 2939 1192 3015 fuisse
1218 2940 1390 3013 videntur:
1430 2942 1594 3014 sententia
1630 2950 1742 3013 tanum
1767 2947 1909 3030 utraque
1933 2935 2047 3029 lingua

669 3053 754 3126 adeo
782 3053 988 3146 similisest,
1014 3067 1050 3128 ut
1075 3078 1165 3128 nova
1193 3079 1239 3128 ex
1267 3055 1400 3129 Graeco
1427 3059 1587 3130 versione
1613 3077 1699 3152 opus
1725 3073 1793 3124 non
1820 3053 1872 3124 sit.

667 3397 867 3491 Eeenspium
902 3397 1098 3490 Systotioue
1135 3398 1208 3466 sice
1242 3396 1420 3468 literarum
1454 3397 1502 3468 ud
1536 3417 1651 3468 omnes
1682 3395 1875 3488 Episcopus
1911 3391 2043 3462 Eccle-

745 3515 883 3605 siospue
922 3515 1129 3604 scriptoram
1178 3511 1225 3582 od
1270 3513 1531 3608 significandmn
1568 3509 1768 3584 eiectionem
1807 3505 2044 3587 Putrioreboe

743 3627 987 3698 Alexandrini.

770 3848 844 3922 Nos
871 3849 1033 3944 Episcopi
1060 3851 1258 3942 congregati
1288 3870 1351 3946 per
1381 3851 1522 3943 gratiam
1549 3848 1614 3920 uei
1646 3847 1819 3922 scribimus
1855 3841 2043 3916 amantibus

630 3997 634 4006 ·
668 3962 776 4035 Deum
809 3963 1042 4062 Presbyteris,
1074 3964 1256 4055 bissenis,
1291 3962 1529 4052 subdiaconis,
1567 3962 1784 4052 Lectoribus,
1821 3957 2043 4031 cantoribus:

666 4077 824 4152 Patribus
843 4079 1028 4169 Monacbis,
1055 4083 1220 4176 primariis
1231 4082 1314 4154 viris
1342 4089 1376 4152 et
1400 4083 1625 4173 virginitatem
1655 4085 1850 4174 perpetuam
1876 4071 2041 4169 professis

665 4193 888 4284 lionialibus,
922 4195 1142 4291 omnibusque
1177 4195 1329 4270 fidelibus
1362 4195 1568 4270 Orthodoxis
1603 4193 1717 4289 populi
1755 4189 1948 4276 Christiani,
1986 4190 2043 4284 qui

666 4319 720 4383 est
744 4315 779 4383 in
804 4332 928 4403 magna
954 4309 1037 4382 urbe
1068 4310 1278 4385 Alexandria
1311 4308 1476 4385 Christum
1504 4319 1654 4399 amante,
1686 4320 1720 4382 et
1751 4311 1787 4378 in
1812 4307 1952 4378 Fostato
1979 4325 2042 4377 seu

667 4424 789 4499 Cabira
807 4427 973 4521 Aegypti,
1001 4427 1219 4522 omnibusque
1244 4424 1363 4500 tinibus
1391 4429 1475 4519 ejus,
1502 4425 1545 4498 ad
1557 4425 1717 4498 Austrum
1743 4432 1778 4495 et
1803 4441 1907 4507 roara,
1933 4420 2041 4493 Axu-

665 4544 780 4632 mitas,
813 4540 946 4629 Nuhas,
980 4542 1188 4634 Almodiam,
1225 4541 1454 4631 Maeouriarn,
1488 4540 1689 4636 Aethiopiae
1728 4540 1889 4631 regiones
1923 4553 2040 4606 ornnes

666 4666 700 4728 et
736 4680 852 4731 aarum
886 4659 1067 4750 terminos,
1103 4658 1230 4734 dilectis
1263 4657 1422 4732 iratribus
1455 4655 1679 4755 spiritualibus
1711 4674 1796 4750 quos
1829 4654 1863 4722 in
1894 4648 2040 4722 Domino

664 4772 839 4864 diligimus,
854 4772 1004 4846 salutem.

771 4888 890 4961 Cauite
918 4887 995 4961 tuba
1023 4893 1055 4962 iu
1083 4890 1166 4962 Sion
1201 4892 1234 4961 in
1266 4886 1383 4963 diebus
1418 4885 1603 4981 insignibus
1638 4885 1871 4960 solennitatum
1897 4901 2040 4964 vestra-
2165 4861 2170 4870 ¹

664 5025 750 5095 rum,
791 5003 901 5076 dilecti
935 5003 1051 5100 nobis,
1092 5015 1231 5103 propter
1262 5004 1465 5079 altitudinem
1498 5004 1685 5078 divitiarum
1717 5013 1752 5075 et
1784 5008 1971 5101 sapientiae
2005 5013 2041 5076 et
