4686 6060
616 582 692 656 398
995 576 1599 656 DEPATlllllllGlld

616 770 785 863 antiquior·
806 767 979 840 Diaconus
1014 764 1204 861 Episcopus
1240 764 1497 838 adorationem
1527 764 1690 838 hortatur:
1726 768 1782 862 qui
1815 770 1993 863 praeseri·-

615 893 690 980 ptas
731 885 765 954 in
798 879 982 956 Pontificali
1015 884 1187 955 orationes
1222 883 1380 972 recitant,
1414 880 1536 974 singuli
1566 885 1665 974 juxta
1698 882 1849 954 ordinem
1884 903 1994 972 suum,

615 1009 769 1071 tenentes
795 1000 923 1070 interea
950 1018 1066 1070 manus
1092 998 1266 1092 impositas
1293 998 1393 1093 capiti
1429 996 1588 1070 Ordinati.
1647 996 1704 1069 Ad
1735 1001 1993 1094 uniuscujusque

616 1114 716 1188 finem
742 1112 820 1186 dicit
844 1111 1118 1186 Arclridiaconus.
1163 1110 1248 1186 Ἔτι
1264 1118 1331 1186 τοῦ
1356 1112 1486 1210 κυρίου
1509 1109 1544 1186 d‘
1560 1115 1746 1206 ἐνθῶμενε
1763 1113 1906 1208 populus
1930 1137 1994 1186 re-

486 1286 493 1300 .
618 1228 764 1326 spondet
789 1228 901 1322 Kyric
927 1228 1066 1300 eleison.
1119 1227 1308 1323 Dicuntqua
1333 1228 1504 1325 Episcopi.
1557 1229 1762 1323 lmpoaimaa
1779 1252 1898 1301 maram
1923 1253 1994 1302 aa·

616 1353 709 1416 strae
734 1367 838 1438 anper
864 1344 1007 1418 electam
1030 1343 1111 1431 Det,
1140 1349 1204 1415 etc.
1230 1366 1337 1438 usque
1365 1345 1406 1416 ad
1432 1346 1531 1417 linem
1548 1347 1728 1418 orationis:
1755 1352 1790 1416 et
1814 1366 1890 1416 cum
1911 1346 1994 1419 illo-

616 1484 690 1533 rum
717 1463 944 1555 unusquisque
971 1456 1060 1531 illam
1087 1458 1324 1556 compleverit,
1356 1459 1500 1556 populus
1536 1460 1624 1532 dicet
1659 1470 1731 1548 ter,
1763 1461 1899 1552 Dipsas
1934 1469 1995 1534 eat.

617 1576 768 1649 Tandem
800 1576 944 1648 induitur
976 1598 996 1646 a
1024 1579 1159 1648 saniore
1184 1574 1356 1672 Episcopo
1393 1577 1596 1649 ornamentis
1629 1573 1927 1665 PatriarchalibuS‚
1961 1584 1996 1647 et

617 1692 734 1766 dicitur
759 1692 955 1786 Doxologia
983 1689 1025 1762 ad
1051 1690 1087 1762 S.
1114 1691 1318 1764 Trinitatem.
1372 1692 1497 1765 Omnes
1523 1689 1685 1787 Episcopi
1712 1702 1746 1764 et
1770 1690 1913 1788 populus
1939 1695 1995 1763 si-

616 1808 685 1880 mul
710 1829 825 1881 rursus
852 1807 1013 1896 clamant,
1038 1805 1173 1899 Dipsas
1199 1813 1260 1880 eat.
1312 1808 1495 1903 Postquam
1521 1810 1632 1880 omnia
1665 1818 1860 1880 curamenta
1887 1829 1994 1879 acce-

616 1925 718 2020 perit:
744 1923 906 2019 Episcopi
932 1924 1135 2016 antiquiores
1164 1922 1250 2013 duo,
1277 1921 1319 1994 de
1346 1921 1465 1997 throno
1488 1922 1743 2014 descendentes,
1769 1921 1995 1995 Patriarcham

604 2049 724 2136 'super
750 2061 826 2110 eum
853 2039 1032 2128 collocant,
1058 2047 1211 2111 tenentes
1236 2061 1354 2138 manus
1381 2043 1472 2133 ejus:
1497 2039 1696 2112 inclamante
1721 2039 1846 2134 populo
1864 2036 1995 2121 Ἄξιος.

620 2153 814 2228 collocatur
841 2165 954 2226 autem
977 2165 1029 2226 ter
1054 2155 1088 2225 in
1115 2152 1215 2242 sede,
1243 2154 1286 2226 ad
1301 2153 1463 2228 honorem
1480 2155 1651 2229 Trinitatis
1668 2163 1824 2226 sanctae:
1852 2164 1886 2226 et
1905 2153 1995 2249 Epi·
2066 2177 2076 2193 ¹

619 2291 744 2366 scopus
780 2273 946 2366 antiquior
984 2290 1107 2362 magna
1140 2291 1230 2342 voce
1266 2269 1362 2362 dicit,
1399 2269 1596 2342 collocatur
1631 2271 1675 2342 Ν.
1701 2269 1997 2364 Aradiepiocopac

617 2407 722 2479 saper
758 2385 872 2458 sedem
910 2392 1064 2458 coactam
1093 2385 1348 2478 Apostoliccm,
1388 2386 1633 2479 Euaapcliccm
1657 2387 1695 2459 S.
1722 2386 1843 2458 Patria
1875 2386 1995 2472 nostri,

619 2500 807 2589 benedicti,
833 2501 945 2572 Deam
970 2501 1117 2573 videntia
1141 2501 1273 2589 Marci,
1300 2505 1337 2572 ia
1362 2505 1496 2574 nomiae
1515 2503 1637 2574 Patria
1663 2509 1698 2574 ct
1711 2501 1798 2572 Filii
1824 2507 1860 2572 at
1873 2500 1994 2594 Spiri-

620 2624 673 2686 tac
698 2621 820 2689 sancti.
862 2617 1009 2711 Populus
1034 2615 1218 2711 respondet
1248 2625 1316 2705 ter,
1333 2615 1471 2702 ’Ἁξιοςε
1497 2629 1532 2691 et
1556 2629 1676 2714 postca
1702 2615 1997 2714 proclamationem

619 2737 702 2806 novi
727 2733 943 2805 Patriarchae
968 2731 1050 2804 facit
1075 2732 1207 2805 Graeca
1234 2731 1363 2825 lingua:
1382 2732 1517 2831 ’Ἀββα
1561 2731 1856 2831 ’Άρχιεπίσκοπος
1880 2759 1997 2833 μεγα-

622 2844 801 2932 λοπόλεως
826 2843 1094 2946 Ἀλεξανδρείας
1116 2843 1177 2920 καὶ
1201 2853 1276 2922 τῶν
1301 2845 1430 2943 νόμων
1455 2846 1571 2946 αὐτῆς.
1623 2850 1735 2921 Pater
1766 2849 1811 2919 N.
1837 2849 1995 2920 Asclia-

616 2969 782 3060 piscopos
806 2985 951 3056 maqaaa
975 2962 1071 3035 urbia
1096 2963 1337 3036 Alexandriae
1364 2971 1399 3036 ct
1414 2965 1599 3037 Nomoram
1626 2970 1716 3057 ejus,
1741 2986 1803 3036 aaa
1821 2967 1997 3058 reqionum

621 3085 655 3153 ci
680 3080 926 3171 aabJ'ectoram:
950 3089 986 3152 ut
1011 3077 1198 3175 explicatur
1231 3078 1390 3152 Arabica.
1443 3079 1593 3152 Tandem
1629 3078 1814 3153 collocatur
1846 3083 1881 3151 in
1915 3080 1998 3155 sede

620 3195 854 3284 Patriarchali‚
882 3217 991 3290 neque
1017 3217 1057 3268 se
1093 3193 1233 3291 amplius
1268 3206 1400 3284 movet,
1440 3189 1569 3268 habens
1601 3197 1636 3267 iu
1667 3197 1741 3268 sinu
1772 3194 1997 3289 Evangelium

621 3313 657 3386 S.
690 3312 807 3385 Marci.
859 3309 1036 3386 Accedunt
1066 3310 1228 3408 Episcopi
1261 3322 1295 3384 ct
1328 3313 1520 3385 osculantur
1555 3335 1648 3402 eum3
1680 3310 1859 3406 dicuntque
1892 3311 1999 3385 adhuc

619 3437 691 3519 ter,
707 3425 843 3512 Ἄξιος.
895 3429 981 3500 Tum
1011 3426 1124 3517 Letoi,
1158 3438 1238 3522 post
1263 3428 1468 3503 Sacerdotes
1495 3439 1529 3501 at
1555 3428 1639 3502 alios
1666 3437 1721 3500 cx'
1739 3426 1862 3519 Clem,
1889 3449 1997 3502 oscu-

620 3542 729 3616 lantur
768 3565 898 3616 manum
933 3545 1015 3634 ejus.
1062 3541 1234 3616 Recitator
1268 3566 1383 3617 coram
1410 3565 1452 3617 eo
1479 3542 1665 3637 Prologus,
1707 3546 1762 3639 qui
1796 3554 1849 3616 est
1881 3544 1998 3618 Oratio

621 3658 804 3753 quaedam,
830 3658 874 3731 de
900 3681 966 3754 qua
992 3658 1112 3730 dicum
1140 3667 1193 3731 est
1225 3657 1318 3732 alibi:
1346 3671 1413 3733 tum
1446 3658 1610 3756 psalmus:
1649 3659 1770 3732 deinde
1804 3658 1901 3732 datur
1934 3660 2000 3755 ipsi

619 3773 844 3867 Evangelium
869 3775 1010 3848 Jcanrris
1045 3796 1090 3846 ex
1125 3797 1191 3868 quo
1224 3773 1309 3867 legit
1342 3784 1442 3871 caput
1467 3775 1529 3851 23.
1562 3773 1619 3873 ulti
1651 3776 1735 3849 haec
1770 3774 1879 3848 verba
1913 3772 1998 3848 suut.

620 3890 752 3981 Amen,
778 3891 890 3962 Amen
916 3891 995 3961 dico
1021 3889 1136 3978 cobis,
1165 3893 1222 3983 qui
1248 3913 1317 3962 aaa
1342 3895 1452 3963 latrat
1474 3914 1539 3985 per
1566 3893 1687 3964 ostiam
1711 3895 1749 3962 in
1765 3891 1856 3962 coila
1877 3892 1999 3978 omum

620 4027 728 4100 usque
755 4006 797 4077 ad
824 4009 905 4079 ista:
932 4012 967 4077 ct
991 4008 1053 4098 fiet
1078 4027 1177 4076 cama
1204 4007 1293 4078 ovile
1320 4013 1355 4078 et
1379 4021 1464 4080 caca
1485 4014 1620 4100 pastor.
1668 4007 1752 4082 Cum
1770 4007 1813 4080 ad
1834 4030 1875 4080 ea
1890 4005 1998 4079 verba

620 4123 824 4217 peruenerit
876 4122 953 4214 Epo
987 4143 1059 4193 cum
1093 4120 1224 4192 Pastor
1255 4120 1398 4217 boam
1420 4143 1536 4196 omues
1571 4121 1751 4196 inclamant
1775 4133 1846 4215 ter,
1867 4119 1998 4204 'latae

622 4237 684 4309 llis
710 4239 859 4334 peractis
886 4234 1037 4338 celebrat
1050 4235 1235 4329 Litrugiam
1258 4241 1356 4331 jarxta
1370 4237 1654 4330 consuetudinem,
1682 4237 1901 4336 omnibusque
1923 4238 1999 4312 dis-

620 4351 733 4426 tribuit
769 4375 867 4427 sacra
901 4354 1081 4450 mysteria,
1114 4353 1237 4449 datque
1263 4352 1328 4427 illis
1354 4377 1491 4451 paoem,
1527 4353 1591 4428 hoc
1625 4364 1678 4430 est
1709 4355 1853 4428 ultimam
1886 4353 2000 4428 bene-

622 4469 816 4542 dictionem:
849 4491 960 4564 naque
985 4471 1073 4540 enim
1098 4469 1163 4542 hcc
1189 4471 1266 4544 loco
1291 4471 1431 4564 intelligi
1457 4470 1558 4542 dehet
1582 4474 1677 4566 pacis
1703 4473 1864 4545 osculum.
1912 4468 2000 4542 Nam

621 4594 658 4658 ut
684 4585 824 4676 Graeci,
851 4587 897 4658 ita
925 4584 1112 4658 orientales
1139 4608 1275 4677 omnes,
1301 4587 1445 4661 salutant
1469 4589 1614 4659 invicem
1647 4589 1682 4659 in
1715 4585 1832 4661 osculo
1868 4593 2000 4673 sancto,

618 4703 701 4774 'anm
726 4700 990 4788 Praefationem‚
1017 4721 1086 4772 nou
1116 4701 1218 4796 paulo
1252 4713 1329 4776 ante
1361 4704 1645 4792 communionem,
1678 4714 1714 4776 ut
1746 4702 1901 4777 Romano
1935 4701 2002 4772 ritu

621 4817 693 4890 lieri
721 4818 817 4890 solet.
869 4815 1074 4890 Sacerdotes
1101 4820 1228 4890 interea
1255 4827 1377 4890 canunt
1401 4817 1564 4914 hymnos,
1592 4818 1700 4892 donec
1720 4818 1882 4916 spoliatus
1899 4813 2003 4888 ducrit

621 4937 829 5007 vestimentis
851 4934 970 5021 sacris,
998 4919 1116 5026 quihus
1135 4933 1179 5006 ad
1201 4931 1436 5012 celebrandam
1454 4933 1638 5028 Liturgiam
1655 4957 1736 5009 usus
1752 4934 1873 5022 fuerat,
1900 4934 2001 5027 eique

623 5051 787 5146 antiquior
812 5046 1001 5146 Episcopus
1028 5050 1223 5146 imposuerit
1249 5049 1370 5126 stolam
1396 5053 1536 5144 nigram.
1588 5051 1713 5124 Postea
1739 5054 1858 5123 iterum
1884 5049 2000 5122 collo-
