4736 6064
505 603 557 679 AD
572 600 750 680 OFFICIUM
762 600 1027 679 annuntiotis
1043 599 1304 678 PATRIARCHAE
1319 599 1582 678 uuillelmi.
1666 598 1744 672 467

462 785 600 850 Servavit
622 787 711 850 etiam
734 787 820 849 nubis
844 785 1059 869 Seguierianus
1083 785 1189 849 Codex
1217 784 1335 868 insigne
1364 791 1586 846 monumentum
1615 783 1746 865 Psaphi-

379 888 482 950 smatis
504 885 543 948 ad
565 887 757 966 electionem,
789 893 849 948 turn
878 887 1092 968 systaticarum
1114 883 1331 964 Epistularum,
1361 881 1456 945 tribus
1482 881 1593 964 linguis
1617 884 1745 964 Graeca,

380 983 505 1066 Coptica
528 995 560 1048 el
579 985 733 1048 Arabicas
760 983 883 1048 Duabus
913 985 991 1047 enim
1018 983 1127 1046 ultimis
1151 983 1229 1044 illius
1252 982 1412 1045 lectionem
1440 1000 1480 1044 ex
1508 982 1646 1044 Ambune
1669 982 1746 1058 lieri,

378 1083 574 1160 Ebnassalus,
597 1081 774 1147 Abulbircat
791 1091 828 1146 ‘et
850 1083 899 1145 alii
929 1084 1135 1164 scripserunt,
1166 1083 1302 1162 quamvis
1330 1101 1371 1143 ex
1399 1080 1576 1161 quibusdam
1599 1081 1746 1162 exemplis

379 1183 409 1245 in
431 1181 553 1245 historia
575 1185 765 1264 perscriptis,
789 1182 906 1245 Graece
929 1199 1049 1262 quoque
1072 1183 1300 1243 instrumentum
1320 1179 1395 1243 illud
1417 1180 1528 1242 lectum
1552 1179 1645 1242 fuisse
1668 1197 1748 1242 con-

380 1289 448 1346 stet.
493 1282 536 1344 lta
559 1279 668 1343 laetum
690 1302 730 1344 ex
753 1283 860 1346 eodem
883 1280 996 1344 Codice
1019 1279 1232 1364 intelligimus,
1263 1299 1300 1342 eo
1329 1279 1460 1356 certius,
1489 1278 1569 1359 quod
1597 1279 1746 1362 integram

291 1438 296 1450 ,
379 1380 504 1444 lurmam
526 1380 737 1462 Psaphisrnatis
761 1381 879 1444 Graece
902 1380 1024 1456 relert,
1039 1380 1113 1442 mire
1137 1378 1256 1460 quidem
1279 1397 1318 1440 ex
1341 1379 1489 1460 imperitia
1518 1377 1641 1462 linguae
1672 1395 1746 1440 cor-

380 1488 510 1561 ruptam,
531 1497 591 1542 non
614 1481 785 1560 tamenim,
809 1489 842 1543 ιιι
864 1481 982 1544 sincera
1009 1480 1100 1542 lectio
1124 1480 1249 1562 agnosci
1272 1495 1332 1541 nun
1353 1477 1461 1558 possit.
1506 1475 1633 1558 Coptica
1656 1479 1746 1540 etiarn

379 1579 474 1642 iorma
497 1580 588 1661 longe
611 1581 780 1642 accuratior
803 1578 852 1641 illa
875 1585 932 1655 est,
959 1597 1047 1660 quam
1069 1577 1246 1642 Abulbircat
1275 1584 1306 1640 ει
1333 1577 1382 1640 alii
1412 1584 1536 1640 autores
1559 1595 1746 1659 repraesen-

379 1687 452 1758 tant,
476 1677 526 1759 qui
548 1677 694 1742 Graecam
715 1678 871 1744 lunnulam
894 1677 1033 1742 videnlur
1054 1680 1227 1760 ignormsc:
1250 1695 1311 1741 non
1333 1676 1521 1739 intellexisse
1543 1676 1650 1740 sallem
1672 1694 1746 1738 cer-

379 1779 524 1840 tissimum
547 1785 603 1838 est.

466 1877 607 1957 Sequitur
628 1877 659 1937 in
681 1876 854 1951 Ponriteali,
877 1875 952 1938 duos
982 1877 1121 1939 seniores
1151 1876 1219 1939 illus
1241 1875 1411 1957 Episcopus
1433 1874 1528 1952 solos,
1549 1874 1655 1937 Electo
1678 1893 1745 1937 ma-

379 1995 435 2040 nus
457 1977 623 2056 imponere,
647 1974 728 2055 quod
750 1993 810 2038 nun
833 1976 874 2037 ita
903 1975 1110 2056 accipiendum
1138 1985 1186 2038 est
1216 1975 1301 2056 quasi
1329 1981 1391 2036 tota
1414 1971 1617 2037 ordinationis
1647 1975 1744 2038 series

379 2076 496 2139 abillis
519 2074 726 2154 perficeretur.
771 2074 844 2138 Nam
875 2075 987 2155 antiqui
1016 2074 1166 2154 Canunes,
1190 2075 1266 2155 quus
1289 2072 1461 2136 Orientales
1483 2091 1588 2136 omnes
1619 2080 1651 2134 et
1680 2071 1745 2136 Cu-

377 2177 471 2258 ptitae
494 2175 562 2256 ipsi,
586 2175 616 2235 in
639 2173 873 2238 collectionibus
896 2175 958 2236 suis
982 2174 1111 2253 babent,
1139 2182 1171 2236 et
1193 2191 1269 2255 quus
1291 2172 1437 2254 religiose
1466 2172 1647 2251 observant,
1679 2181 1743 2235 tres

378 2275 485 2338 saltem
506 2273 676 2354 Episcopus
700 2272 737 2335 ad
759 2273 847 2336 ulium
870 2273 1066 2336 ordinandum
1088 2273 1258 2354 requirunt:
1286 2280 1317 2336 ει
1338 2279 1371 2335 ut
1392 2291 1433 2335 ex
1456 2272 1589 2336 Historia
1610 2271 1745 2335 Patriar-

378 2374 455 2437 ebali
478 2372 628 2451 discimus,
652 2371 812 2436 traditione
836 2373 973 2452 quadam,
996 2372 1051 2436 sed
1072 2391 1132 2436 non
1148 2363 1283 2455 ejusdem
1297 2371 1464 2435 autoritatis
1486 2370 1563 2450 iulti,
1585 2369 1744 2432 duodecim

377 2475 546 2554 Episcopus
569 2473 758 2534 necessarios
781 2490 850 2535 esse
880 2471 983 2535 volunt
1013 2473 1049 2535 ad
1073 2471 1270 2535 ordinandum
1292 2470 1509 2546 Patriareham;
1542 2469 1622 2551 quud
1644 2476 1744 2530 tamen

376 2573 489 2635 nullum
511 2573 542 2633 in
563 2559 660 2634 ieteri
683 2572 838 2653 disciplina
861 2570 1082 2634 fundamentum
1105 2571 1205 2635 habet.
1255 2571 1302 2633 Ex
1324 2571 1531 2653 praejudicata
1553 2568 1743 2632 nihilominus

376 2670 442 2736 hac'·
457 2672 598 2752 opinione
622 2669 729 2733 iactum
761 2677 819 2749 est,
841 2678 874 2733 ut
902 2677 1008 2734 contra
1037 2689 1150 2734 murem
1179 2673 1342 2754 majorum,
1368 2669 1569 2751 Aethiopibus
1600 2689 1617 2733 a
1646 2666 1744 2730 multis

378 2771 507 2833 saeculis
529 2768 632 2851 plures
655 2769 768 2832 habere
790 2771 960 2852 Episcopus
983 2789 1043 2834 nun
1065 2772 1194 2846 licuerit,
1217 2789 1274 2852 per
1295 2769 1518 2834 Alexandrinos
1541 2768 1744 2832 Jacubitarum

377 2869 580 2933 Patriarcbas:
603 2886 642 2932 no
664 2870 691 2932 si
714 2869 870 2932 duodecim
893 2871 980 2933 simul
1010 2872 1040 2932 in
1067 2870 1228 2950 Aethiopia
1250 2871 1474 2951 reperirentur,
1504 2875 1630 2951 possent
1658 2884 1745 2930 suum

378 2967 434 3030 sibi
456 2969 679 3050 Metropolitam
701 2970 859 3044 ordinare,
887 2987 943 3032 nec
977 2968 1191 3033 Alexandriam
1220 2987 1383 3032 recurrere
1409 2969 1469 3032 illis
1498 2985 1627 3031 necesse
1655 2966 1744 3030 foret.

377 3065 431 3129 llla
461 3069 553 3151 igitur
583 3087 721 3150 manuuqn
744 3069 893 3149 impositio
916 3086 993 3150 quae
1023 3069 1138 3132 duobus
1169 3069 1327 3149 Episcopis
1357 3068 1527 3130 senioribus
1558 3073 1745 3146 reservatur,

378 3185 415 3229 aa
438 3176 485 3229 est
508 3187 586 3249 quae
609 3185 675 3228 cum
698 3169 801 3249 primis
825 3168 1022 3232 eaeremoniis
1053 3177 1083 3230 et
1105 3169 1292 3232 orationibus
1316 3168 1474 3249 conjuncta
1497 3176 1555 3246 est,
1578 3184 1745 3248 perquam

378 3265 533 3330 Ordinatio
557 3284 617 3328 non
640 3267 810 3348 perficitur;
833 3275 956 3329 namot
978 3286 1018 3329 ex
1040 3266 1327 3331 eodemPuntiiicali
1349 3264 1537 3328 manifestum
1560 3272 1617 3343 est,
1640 3284 1744 3329 omnes

376 3365 494 3428 tandem
516 3365 660 3446 Episcopi
682 3365 787 3429 Electo
812 3384 915 3428 manus
938 3367 1101 3447 imponunt,
1125 3374 1155 3428 et
1174 3371 1249 3428 ιιιιιεΙ
1262 3366 1415 3428 ordinatus
1433 3363 1569 3447 perfecte
1593 3375 1745 3429 censetur.

462 3463 508 3526 De
530 3465 656 3528 vinculis
680 3465 785 3529 Eleutu
808 3465 976 3547 injiciendis
1005 3465 1077 3528 nihil
1107 3464 1264 3528 dicendum
1286 3467 1430 3541 occurrit,
1452 3465 1509 3527 nisi
1531 3466 1650 3527 mimum
1673 3483 1745 3528 csse

378 3583 417 3626 ex
445 3565 566 3627 sincera
595 3565 790 3645 quorumdam
818 3565 992 3650 dignitatem
1021 3565 1198 3649 fugientium
1231 3565 1432 3640 reluctatione
1460 3569 1578 3644 natum,
1609 3582 1671 3626 non
1704 3583 1744 3626 ex

377 3665 496 3744 antiqua
520 3663 688 3745 disciplina,
711 3683 789 3746 quae
812 3665 889 3728 tales
911 3664 998 3729 ludos
1022 3665 1183 3747 ignoravit.
1235 3667 1313 3732 Sane
1342 3681 1456 3745 paucos
1479 3665 1639 3727 admodum
1661 3663 1745 3746 legi-

376 3781 459 3842 mus,
482 3781 559 3845 quos
587 3763 701 3844 pedicis
730 3765 942 3846 constringere
971 3781 1048 3847 opus
1076 3762 1183 3828 buerit:
1215 3764 1294 3826 unde
1324 3763 1406 3845 quud
1435 3763 1543 3826 semel¹
1558 3771 1608 3827 aut
1637 3764 1744 3826 iterum

376 3865 457 3926 serio
479 3862 590 3925 factum
614 3861 720 3943 iuerat,
744 3865 781 3925 in
798 3866 1017 3928 caeremoniam
1040 3873 1070 3928 ct
1093 3871 1230 3927 ornatum
1253 3863 1461 3944 degeneravit.

463 3960 698 4024 Observabimus
721 3982 841 4044 quoque
863 3967 893 4026 in
916 3983 953 4028 eu
977 3965 1058 4044 loco,
1080 3965 1130 4027 ubi
1152 3964 1274 4026 Electus
1298 3962 1407 4026 deduci
1425 3962 1549 4044 jubetur
1571 3963 1609 4025 ad
1630 3962 1744 4026 Eccle-

376 4061 449 4124 siam
472 4061 600 4143 Ampelii,
624 4068 657 4124 ut
678 4062 708 4123 in
732 4064 873 4126 versione
901 4071 1003 4127 nostra
1034 4063 1251 4145 expressimus,
1282 4061 1417 4143 Coptitas
1447 4061 1587 4124 allinitate
1615 4063 1742 4126 numinis

376 4160 522 4241 deceptos
550 4161 712 4242 Evangelii
736 4163 914 4244 scripsisse:
944 4164 1035 4245 Angit
1069 4165 1147 4226 enim
1175 4162 1307 4225 Arabica
1337 4162 1514 4242 loquentes,
1546 4161 1744 4242 Eucnpelium

375 4267 495 4324 vocant.
540 4261 651 4322 Verum
674 4260 731 4326 buc
754 4262 838 4325 titulo
859 4262 998 4326 Ecclesia
1018 4262 1223 4326 Alexandriae
1246 4261 1326 4324 nulla
1349 4260 1416 4323 luit:
1440 4261 1562 4341 antiqua
1583 4277 1688 4342 porro,
1712 4270 1743 4324 et

376 4359 414 4421 ad
437 4377 526 4440 quarn
549 4358 657 4423 deduci
678 4381 776 4426 rruvus
798 4361 970 4426 Patriarclra
998 4361 1133 4439 solebat,
1165 4360 1285 4441 Ampelii
1311 4359 1483 4436 dicebatur,
1512 4369 1545 4422 ιιι
1572 4360 1742 4442 expositum

376 4459 475 4520 estin
497 4457 628 4521 Historia
650 4460 850 4526 Patriarclrali.

462 4557 569 4638 Neque
592 4558 691 4621 obiter
712 4559 934 4641 praetereunda
957 4567 1102 4623 estvetus
1121 4560 1275 4640 disciplina
1294 4558 1430 4622 Graecae
1452 4559 1572 4640 linguae
1596 4561 1626 4622 in
1648 4579 1743 4642 prac-

376 4657 472 4737 cipuis
499 4657 700 4737 orationibus,
725 4659 939 4741 Psaphismate,
962 4658 1118 4740 literisque
1140 4659 1292 4741 systatieis
1316 4668 1526 4738 conservatae,
1549 4659 1629 4740 apud
1651 4658 1745 4722 Chri-

377 4757 509 4832 stianos,
541 4756 593 4836 qui
624 4774 689 4818 cam
720 4775 737 4819 a
760 4758 859 4820 multis
882 4758 1011 4820 saeculis
1034 4777 1159 4839 prorsus
1182 4761 1334 4843 ignorant.
1378 4758 1449 4822 lllos
1472 4760 1549 4822 enim
1572 4760 1744 4842 ignorantia

375 4857 489 4918 veteris
503 4855 650 4918 idiomatis
661 4873 719 4918 non
733 4859 835 4935 movit,
858 4863 891 4919 ut
912 4864 1060 4918 vetustam
1076 4858 1268 4922 Sacramenta
1291 4857 1465 4922 celebrandi
1487 4878 1576 4926 more.
1591 4867 1621 4922 ει
1639 4860 1743 4945 lingua

375 4955 520 5036 majorum
537 4954 781 5018 consuetudinem
804 4957 980 5039 abjicerent,
1003 4957 1058 5019 sed
1080 4957 1158 5020 illam
1180 4975 1302 5039 quoque
1322 4959 1353 5020 in
1375 4959 1502 5041 publicis
1526 4977 1603 5040 quae
1624 4960 1662 5024 ad
1679 4965 1743 5027 Ec-

375 5051 496 5116 clesiam
524 5061 710 5135 spectarent,
744 5055 822 5117 actis
852 5064 884 5119 et
912 5056 1116 5121 instrumentis
1146 5059 1383 5123 constantissime
1415 5060 1612 5129 retinuerunt.
1663 5063 1743 5126 Nihil

424 5189 535 5232 romua-
1485 5178 1533 5252 rs
