4778 6034
722 573 830 648 LVIII
1190 579 1563 657 DISSERTA‘IIO

723 762 983 856 acclamatione,
1016 777 1072 839 aut
1102 787 1165 862 per
1198 769 1325 854 Amara
1362 775 1419 838 aut
1443 786 1506 861 per
1530 764 1672 840 brevem
1698 765 1774 838 fidei
1800 769 2093 841 contestationem:

723 883 858 951 attentio
895 880 939 952 ad
969 881 1219 956 Invocationem
1247 885 1381 978 spiritus
1408 879 1542 955 Sancti:
1569 881 1716 970 elevatio
1742 879 1988 972 Eucharistiae,
2015 905 2091 954 cum

723 995 840 1067 dicitur
866 995 998 1067 Sancto
1016 998 1176 1070 Sanctis:
1204 1020 1323 1094 eaque,
1351 997 1393 1070 de
1407 1021 1471 1094 qua
1490 1019 1572 1070 mox
1587 997 1742 1089 dixiuius,
1761 995 1958 1072 Confessio:
1974 999 2093 1074 modus

720 1109 998 1184 administrandae
1032 1111 1281 1186 Eucharistiae:
1313 1118 1392 1185 unio
1425 1116 1595 1209 utriusque
1633 1116 1775 1208 speciei:
1810 1137 1891 1186 cura
1930 1115 2092 1208 rebgiosu

718 1247 763 1297 nc
790 1224 869 1320 quid
895 1229 928 1297 in
954 1237 1078 1299 terram
1105 1227 1246 1319 decidat,
1273 1237 1329 1300 eut
1355 1227 1551 1318 effirndatur,
1578 1239 1613 1300 et
1627 1228 1692 1300 alia
1719 1231 1830 1301 omnin
1844 1249 1931 1324 quae
1955 1235 1989 1302 iu
2004 1235 2092 1305 notis

719 1340 762 1411 ad
787 1340 957 1434 Liturgias
984 1341 1251 1438 explicabuntur,
1278 1342 1406 1440 absque
1431 1345 1497 1418 lide
1522 1344 1623 1417 realis
1650 1347 1863 1440 praesentiae
1888 1343 2000 1418 Iocum
2024 1343 2091 1418 ba-

716 1452 801 1527 bere
835 1479 902 1529 non
929 1469 1079 1552 possunt.
1121 1458 1240 1555 Neque
1267 1457 1334 1530 alia
1360 1481 1462 1532 causa
1488 1458 1549 1532 luit
1574 1481 1635 1531 cur
1661 1463 1771 1532 omnia
1798 1459 1881 1532 haec
1906 1458 2091 1533 Reforma-

688 1583 810 1660 ‚tores
837 1571 1038 1645 sustulerInt.

395 1705 527 1773 Ejusmodi
537 1707 600 1756 rum
610 1704 704 1758 Proce—
822 1686 907 1760 Sunt
934 1691 968 1758 in
994 1688 1144 1781 Liturgia
1164 1688 1354 1782 Anghcaua
1379 1693 1525 1784 vestigia
1542 1690 1706 1785 quaedam
1731 1692 1859 1763 veteris
1886 1689 2093 1786 discipliuae,

395 1792 703 1891 .⁸³⁸¹¹¹⁰⁵⁸¹¹³⁸.¹¹¹⁰”¹¹¹²⁸¹¹⁸
716 1813 752 1875 ut
778 1825 923 1896 genuum
949 1791 1071 1895 llario,
1099 1827 1184 1899 quaa
1210 1803 1447 1900 praescrihitur
1474 1806 1516 1878 ad
1543 1806 1788 1900 suscipiendam
1814 1809 2092 1896 communionem,

393 1886 553 1945 'mmm'
566 1885 633 1932 ’ω
720 1929 754 1992 et
789 1917 1013 1994 Orientalibus
1049 1942 1181 2015 quoque
1220 1919 1372 1995 omuIbus
1407 1924 1590 1996 communis
1624 1930 1686 1995 est.
1748 1918 1806 1992 Isti
1843 1924 1975 2013 signum
2007 1921 2094 1993 istud

719 2035 949 2108 venerationis
975 2038 1020 2107 ita
1047 2034 1299 2131 praescrIbuut,
1335 2045 1371 2106 ut
1400 2039 1434 2107 in
1465 2035 1564 2109 dubio
1591 2056 1658 2108 non
1684 2034 1868 2131 reliquant,
1903 2038 1981 2131 quin
2009 2059 2095 2109 vera

718 2149 868 2222 adoratio
896 2151 1108 2242 significatu.
1161 2152 1209 2223 At
1234 2153 1268 2222 iu
1294 2151 1420 2223 Rituali
1452 2150 1643 2244 AngIIcano
1669 2153 1829 2222 monitum
1855 2151 2024 2244 adjicitur,
2051 2172 2094 2222 nc

713 2267 892 2360 'quisquam
918 2269 1104 2355 existimet,
1140 2264 1239 2338 ullam
1267 2266 1439 2340 elementis
1467 2270 1673 2340 consecratis
1700 2265 1930 2338 adorationem
1958 2265 2092 2355 deferri,
2187 2281 2195 2296 ·

718 2384 806 2474 quia,
833 2384 991 2475 inquiunt,
1019 2379 1137 2453 eadem
1163 2392 1337 2454 remaueut
1362 2385 1396 2454 in
1422 2385 1559 2478 propria
1579 2404 1640 2455 sua
1666 2377 1859 2455 substantia.
1912 2381 2093 2455 Evolvam·-

719 2506 774 2566 tur
798 2494 951 2568 Rituales
980 2518 1096 2568 omnes
1129 2493 1204 2567 llbri
1231 2495 1439 2592 Coptitarum
1471 2505 1710 2594 syrorumque,
1736 2508 1792 2568 aut
1827 2497 1983 2583 aliornm;
2014 2497 2094 2568 nibil

718 2611 824 2684 simile
853 2613 1012 2705 occurrit,
1052 2614 1119 2683 imo
1154 2612 1376 2707 procumbere
1407 2612 1563 2706 jubentur
1596 2615 1878 2685 communicantes
1912 2633 2018 2706 usque
2050 2609 2094 2682 ad

718 2735 854 2816 terram,
881 2725 1003 2799 fascias
1031 2728 1174 2822 capitum
1202 2728 1390 2823 deponere,
1427 2741 1461 2802 et
1493 2729 1658 2802 Christum
1691 2739 1848 2823 tauquam
1883 2735 2093 2823 praesentem

716 2844 844 2913 intueri.

396 2975 556 3028 :normarum
590 2991 704 3029 camnu-
824 2959 1078 3053 Antiquissima,
1106 2968 1141 3031 et
1166 2962 1201 3030 in
1229 2956 1379 3032 Concilio
1406 2959 1556 3031 Nicaeno
1582 2968 1766 3030 memorata
1793 2955 1997 3031 consuetudo
2023 2956 2096 3048 luit,

395 3065 448 3116 ¹¹³⁰·
537 3153 544 3169 ,
719 3086 755 3147 ut
780 3073 984 3148 morIbuudis
1021 3074 1156 3147 daretur
1184 3074 1415 3168 Eucharistia,
1446 3098 1490 3147 ne
1526 3078 1598 3168 quis
1632 3077 1704 3147 siue
1740 3075 1935 3146 necessario
1969 3073 2093 3144 viatIco

720 3215 766 3262 ex
800 3193 870 3263 vita
905 3188 1094 3262 decederet.
1151 3189 1235 3262 Eam
1268 3189 1312 3264 ob
1344 3212 1480 3262 oausam
1514 3187 1736 3262 servabantur
1767 3188 1970 3284 particulae,
2007 3186 2095 3280 quod

721 3305 809 3402 apud
835 3304 988 3377 Graecos
1014 3304 1078 3376 huc
1104 3328 1209 3401 usque
1235 3307 1308 3379 lieri
1335 3306 1432 3398 solet,
1458 3315 1495 3376 ut
1521 3315 1555 3377 et
1581 3313 1651 3377 toto
1674 3303 1821 3377 Oriente.
1873 3303 1931 3375 Ex
1956 3302 2011 3373 illa
2037 3301 2093 3373 di·
2157 3285 2161 3294 ’

720 3420 860 3516 soipliua
887 3425 981 3492 certo
1009 3420 1158 3514 ahciun,
1193 3421 1269 3494 illos
1304 3441 1371 3492 non
1405 3424 1512 3496 minus
1547 3441 1644 3516 quam
1678 3422 1878 3515 primitivam
1906 3417 2093 3490 Ecclesiam

635 3575 637 3580 ·
719 3536 915 3625 credidisse,
942 3539 1045 3633 ipsius
1073 3537 1290 3610 sacerdotalis
1317 3537 1576 3636 consecrationis
1604 3538 1725 3609 viatute
1752 3533 1916 3606 elementa
1942 3534 2038 3629 panis
2060 3542 2095 3602 et

719 3655 789 3722 vini
815 3653 899 3744 fieri,
926 3653 959 3724 ld
987 3655 1075 3748 quod
1100 3657 1191 3751 prius
1218 3674 1286 3725 nou
1314 3663 1426 3744 erant,
1460 3673 1570 3747 neque
1596 3653 1630 3722 in
1658 3649 1732 3723 solo
1758 3670 1821 3721 usu
1848 3658 1883 3720 et
1907 3647 2093 3718 manduco-

720 3769 809 3838 tIone
841 3770 947 3864 recipi
983 3791 1104 3865 corpus
1139 3769 1277 3842 Christi:
1318 3769 1405 3840 illam
1445 3771 1544 3840 etiam
1568 3763 1849 3856 ¹consuetudinem
1885 3761 2092 3835 Reformatio

719 3885 856 3955 sustulit.

413 4022 574 4074 nucusque
590 4022 704 4076 maeno·
822 3998 1047 4072 Deierebatur
1074 3999 1151 4071 olim
1178 4001 1221 4072 ad
1248 3998 1404 4073 absentes
1431 3998 1653 4070 EucharistIa:
1691 4017 1738 4068 ex
1764 4017 1828 4090 qua
1855 3993 2094 4066 consuetudme

394 4108 537 4163 ommam.
719 4114 836 4186 eadem
864 4115 946 4188 fides
973 4114 1150 4210 probatur:
1185 4126 1220 4187 et
1253 4115 1287 4187 Id
1319 4137 1451 4210 quoque
1483 4116 1517 4185 in
1550 4111 1802 4185 Reformatione
1838 4112 1996 4182 omissum
2030 4120 2094 4200 est,

719 4233 782 4304 etsi
810 4253 892 4304 suae
919 4233 1036 4302 aetatis
1064 4235 1158 4304 testIs
1193 4233 1341 4304 lustinus
1368 4231 1519 4325 Martyr,
1553 4227 1799 4302 consuetudinis
1826 4226 1912 4298 illius
1938 4228 2094 4298 memiait
2195 4263 2200 4268 ·

717 4347 768 4418 Ea
795 4349 825 4418 si
851 4349 884 4417 iu
912 4345 1094 4418 Ochdeute
1110 4347 1230 4420 dudum
1258 4345 1436 4438 obsolevit,
1464 4345 1598 4418 diversa
1625 4363 1764 4440 prorsus
1791 4361 1894 4414 causa
1920 4339 1990 4430 luit,
2017 4363 2092 4412 cum

717 4473 913 4536 reservetur
948 4463 990 4534 ad
1023 4465 1180 4535 viaticum
1215 4466 1441 4554 morientium,
1474 4461 1562 4556 quod
1590 4457 1813 4533 Omentalibus
1846 4459 1879 4528 in
1905 4477 1968 4528 usu
1994 4466 2047 4526 est
2073 4475 2093 4528 a

717 4580 826 4651 multIs
854 4579 1008 4651 saeculis.
1061 4577 1212 4653 Dabatur
1239 4583 1273 4651 in
1298 4601 1414 4652 manus
1442 4576 1603 4670 fidebbus,
1630 4585 1667 4647 ut
1692 4574 1823 4646 domum
1852 4571 2033 4656 deferrent,
2060 4577 2094 4639 et

718 4694 877 4790 quotidie,
905 4703 961 4765 aut
988 4695 1120 4789 quaudo
1145 4698 1333 4768 necessitas
1359 4693 1514 4788 urgebat,
1541 4693 1838 4765 communicarent:
1870 4708 1980 4783 neque
2012 4684 2093 4756 licre

715 4809 749 4880 id
775 4819 918 4903 poterat,
943 4811 1007 4880 ulsi
1035 4809 1122 4904 apud
1148 4833 1210 4884 eos
1237 4814 1291 4908 qui
1317 4813 1505 4884 firmissime
1538 4807 1735 4898 crederent,
1767 4807 1866 4878 ctiam
1898 4811 1995 4876 extra
2026 4799 2091 4871 Li-

716 4927 874 5016 turgiam,
901 4923 1143 4998 Eucharistiam
1171 4949 1249 5002 esse
1276 4948 1399 5023 corpus
1417 4925 1549 5016 Christi,
1577 4934 1611 4996 ct
1637 4923 1724 5019 quod
1740 4921 1845 4996 semel
1871 4919 1993 4992 Iactum
2021 4922 2094 4987 erat

717 5041 999 5114 transmutationis
1025 5043 1231 5137 miraculum,
1257 5063 1456 5141 permanens
1483 5063 1579 5134 esse,
1604 5061 1715 5135 neque
1744 5036 1851 5114 solum
1881 5031 2093 5108 vescentibus
