4686 6060
699 519 776 592 378
1088 511 1692 592 DEPXTRIARGHII

687 705 824 777 electus
851 717 921 779 est:
949 726 1023 776 nam
1052 706 1114 774 etsi
1140 700 1326 775 Monachus
1355 711 1458 788 essct,
1486 709 1595 772 mmen
1623 703 1700 796 quia
1727 708 1946 794 accepemnt,
1975 713 2075 796 post-

425 1625 559 1696 Nunquam
579 1629 686 1698 sangui-

374 1728 433 1764 nem
455 1713 580 1766 effuderit.

426 1987 469 2040 16.
494 1988 552 2041 Uod.
576 1991 687 2044 Biddotb.

391 2071 453 2141 Reg.

409 2261 526 2331 Linguae
545 2267 651 2333 peritus.
667 2265 672 2274 ’

697 843 796 914 quam
828 842 874 892 ex
910 842 1005 893 more
1043 819 1267 912 proclamatus
1299 815 1377 902 fuit,
1410 839 1485 887 eum
1512 815 1589 889 olim
1621 837 1765 886 uxorem
1797 814 1950 904 duxisse,
1988 841 2075 914 quae

697 933 804 1006 adhuc
835 939 869 1008 in
910 939 999 1008 viv1s
1041 941 1255 1028 superesset,
1282 931 1381 1025 idque
1415 930 1591 1003 multorum
1634 929 1823 1002 testimonio
1859 934 2074 1020 constitisset,

696 1048 858 1145 Episcopi
885 1049 928 1121 ad
955 1073 1040 1144 quos
1069 1048 1240 1120 Ordinatio
1268 1045 1453 1142 spectabat,
1479 1066 1597 1117 manus
1624 1045 1670 1116 illi
1695 1049 1869 1138 imponere
1885 1047 2075 1136 noluerunt,

697 1165 763 1236 nisi
789 1177 967 1259 postquam
994 1163 1199 1251 didicissent,
1227 1185 1302 1232 eum
1329 1160 1461 1255 quidem
1488 1183 1508 1230 a
1534 1158 1729 1256 parenthus
1756 1171 1909 1234 coactum
1932 1186 2076 1236 uxorem

700 1278 851 1369 duxisse,
878 1279 939 1354 sed
967 1300 1041 1350 eam
1067 1299 1134 1350 ιιοιι
1163 1279 1333 1368 attigisse,
1370 1298 1443 1348 cum
1475 1277 1538 1370 ipsi
1574 1277 1684 1347 statim
1715 1285 1793 1369 post
1825 1280 1955 1372 nuptias
1989 1301 2076 1375 per-

700 1398 883 1484 suasisset,
910 1405 945 1466 ut
970 1396 1197 1484 virginitatem
1225 1401 1410 1464 servarent.
1450 1389 1503 1460 Ea
1529 1411 1633 1461 causa
1659 1401 1737 1486 post
1764 1401 1903 1462 mortem
1930 1391 2075 1466 sinonis

698 1506 753 1580 LI.
781 1513 926 1600 rejectus
954 1520 1006 1582 est
1031 1508 1128 1579 Isaac
1155 1507 1193 1578 F.
1220 1504 1395 1580 Andunae.

804 1623 906 1694 LVII.
933 1621 1040 1696 Sexta
1067 1632 1271 1693 memoratur
1297 1619 1338 1692 ab
1366 1618 1554 1692 Ebnassalo
1575 1631 1616 1693 ¹et
1643 1645 1662 1692 a
1695 1619 1891 1714 qulbusdam
1922 1622 2015 1713 abia,
2042 1632 2076 1694 ut

699 1759 866 1832 nunquam
893 1759 990 1808 manu
1016 1760 1077 1810 sua
1104 1740 1300 1828 saugonnam
1327 1735 1514 1807 effudisset:
1541 1735 1575 1806 ld
1602 1739 1687 1806 enim
1715 1735 1811 1810 nefas
1825 1735 1965 1809 habetur
1988 1738 2077 1834 apud

701 1873 762 1924 eos
790 1852 1020 1926 sacerdotibus
1046 1863 1081 1924 ut
1107 1851 1209 1923 ullum
1236 1849 1357 1922 animal
1390 1872 1488 1920 manu
1522 1873 1582 1922 sna
1609 1860 1754 1922 mactent
1788 1863 1845 1924 aut
1879 1858 2075 1944 sanguinem

698 1966 847 2057 fundant,
874 1976 911 2038 ut
936 1991 982 2039 ex
1009 1967 1149 2040 Ganone
1175 1965 1310 2038 XLVII.
1339 1964 1556 2068 Collectionis
1584 1964 1748 2061 Syrorum
1781 1964 2010 2040 dacobitarum
2044 1979 2077 2040 et

700 2083 843 2156 diversis
870 2083 943 2156 aliis
970 2082 1180 2154 manifestum
1207 2093 1268 2154 est.
1314 2081 1323 2088 “

803 2198 920 2271 ΙΝΠΙ.
947 2196 1115 2292 Septima,
1141 2208 1178 2269 ut
1202 2195 1347 2288 linguam
1374 2196 1488 2291 populi
1514 2199 1566 2267 cui
1584 2195 1826 2292 praeficiendus
1853 2209 1944 2286 erat,
1970 2196 2075 2271 fami-

699 2314 816 2386 harem
849 2312 1005 2402 haberet,
1042 2312 1129 2386 adeo
1163 2322 1201 2384 ut
1232 2333 1338 2404 agere
1371 2333 1447 2382 cum
1482 2314 1551 2385 suis
1587 2311 1715 2406 absque
1741 2317 1922 2406 interprete
1948 2324 2076 2409 posset,

701 2451 885 2525 sacrasque
913 2432 1093 2524 scripturas
1121 2451 1167 2500 ex
1194 2435 1357 2520 suggestu
1382 2424 1482 2498 facile
1508 2431 1541 2500 in
1567 2427 1712 2520 linguam
1725 2428 1939 2499 vernaculam
1966 2430 2076 2499 inter-

649 2641 653 2648 Ι
700 2549 836 2639 pretori.
862 2544 914 2616 Ea
941 2545 1060 2636 regula
1085 2548 1285 2638 peregrinos
1311 2565 1378 2616 uon
1407 2542 1563 2632 excludit,
1590 2542 1690 2614 modo
1713 2542 1848 2635 linguae
1873 2543 2077 2616 vernaculae

699 2681 796 2731 usum
822 2656 978 2749 habeant,
1006 2662 1158 2754 quamvis
1185 2662 1219 2729 ἰιι
1246 2656 1440 2754 quibusdam
1463 2655 1654 2730 (lenonibus
1681 2661 1916 2754 praecipiatur,
1941 2680 1986 2729 nc
2005 2681 2076 2732 ex-

698 2777 806 2846 tranei
831 2772 994 2870 Episcopi
1020 2774 1138 2847 dentur
1162 2773 1338 2862 Ecclesiis,
1365 2771 1455 2867 quod
1481 2782 1591 2846 tumen
1616 2795 1687 2845 nou
1709 2794 1842 2866 semper
1858 2770 2076 2846 observatum

697 2889 840 2977 utetur,
868 2889 929 2960 sed
955 2898 1078 2961 tantum
1107 2891 1263 2985 optimum
1288 2886 1378 2960 lactu
1401 2888 1583 2982 judIcatum
1610 2899 1672 2976 est,
1700 2891 1729 2960 si
1756 2896 1872 2983 posset
1886 2884 2075 2960 observari.

695 3005 733 3077 Ιιι
759 3003 951 3076 Patriarcha
977 3003 1208 3079 Alexandrino
1243 3003 1419 3096 deligendo
1446 3003 1553 3093 nulla,
1586 3015 1621 3076 ut
1654 3004 1803 3094 videtur,
1830 3005 1960 3096 patriae
1986 3007 2074 3078 ratio

697 3119 810 3193 habita
836 3131 897 3192 est.
950 3119 1032 3216 Sqri
1059 3120 1125 3194 duo
1153 3121 1196 3192 ad
1222 3121 1308 3194 hanc
1335 3124 1528 3215 dignitatem
1556 3127 1692 3196 assumti
1719 3132 1794 3196 suut
1820 3123 1936 3194 Simon
1970 3119 2077 3194 XLII.

698 3245 732 3306 et
757 3234 894 3306 Marcus
919 3233 958 3306 F.
985 3236 1117 3308 Zamae
1143 3236 1296 3308 LXXIII.
1323 3243 1430 3313 serius
1457 3251 1492 3311 et
1517 3243 1654 3336 propius
1668 3238 1711 3310 ad
1736 3237 1820 3309 haec
1845 3247 1961 3309 nostra
1982 3246 2078 3308 tcm-

698 3372 795 3445 pora,
822 3350 950 3424 Jounes
978 3354 1053 3424 sive
1078 3352 1228 3425 loannes
1256 3354 1400 3446 quIdam,
1428 3359 1483 3449 qui
1509 3365 1699 3427 numeratur
1724 3353 1895 3426 LXXXV.
1941 3354 2076 3425 Dama-

697 3486 831 3556 scenus,
859 3476 893 3538 et
919 3489 961 3539 eo
990 3470 1155 3562 antiquior
1180 3468 1336 3540 LXXIX.
1369 3469 1580 3544 TheodosIus
1615 3470 1745 3565 quidam
1778 3469 1940 3541 Francus.
1994 3466 2076 3538 Ob-

696 3593 868 3656 servatum
896 3593 1007 3654 tamen
1034 3606 1054 3654 a
1081 3581 1180 3656 nobis
1207 3594 1259 3656 est
1291 3589 1325 3656 in
1350 3584 1486 3658 historia
1522 3585 1708 3658 vicennalis
1740 3586 1952 3674 vacationis,
1985 3606 2076 3678 quae

678 3709 775 3770 ante
803 3695 920 3792 Cyrilli
955 3698 994 3772 F.
1025 3697 1169 3770 Laklahi
1196 3698 1461 3790 ordinationem,
1497 3700 1759 3774 Alexandrinam
1790 3697 1979 3773 EcclcsIam
2005 3710 2076 3772 taur

697 3816 822 3884 misere
849 3815 1010 3902 vexavit,
1038 3811 1206 3907 objectuun
1232 3813 1343 3890 luisse.
1371 3816 1412 3888 ab
1441 3820 1514 3910 ejus
1542 3815 1747 3889 adversariis
1773 3819 1860 3887 luter
1879 3815 1956 3906 alia,
1983 3816 2077 3910 quod

696 3928 813 3999 Fiuma
840 3927 998 4000 oriundus
1024 3940 1127 4020 esset,
1154 3951 1240 4030 quae
1271 3930 1313 4002 ad
1340 3928 1442 4002 Sahid
1469 3935 1543 4004 sive
1570 3930 1774 4003 Thebaidem
1802 3929 1993 4035 spectabat,
2025 3953 2076 4002 ex

697 4064 762 4135 qua
789 4064 856 4115 ιιοιι
884 4041 1028 4115 debebat
1054 4043 1134 4135 eligi
1160 4043 1374 4136 Patriarcha,
1407 4047 1494 4141 quod
1528 4056 1640 4118 tamen
1667 4045 1864 4117 electionem
1899 4049 1971 4136 ejus
2003 4065 2077 4116 nou

696 4158 884 4253 impedivit:
912 4169 946 4230 et
970 4163 1005 4230 in
1034 4158 1199 4251 Catalogo
1226 4165 1463 4256 posteriorum,
1491 4167 1545 4257 qui
1573 4183 1673 4234 manu
1692 4163 1872 4232 recentiori
1899 4158 2076 4252 adjunctus

696 4284 749 4346 est
776 4274 892 4346 Codici
917 4273 1117 4348 Abulbircat
1144 4295 1210 4370 quo
1237 4281 1289 4348 usi
1316 4299 1449 4367 sumus,
1477 4277 1550 4350 XC.
1586 4289 1781 4350 recensetur
1817 4274 1990 4348 Mathaeus
2026 4296 2078 4345 ex

695 4388 832 4481 Sabide,
860 4393 934 4464 sive
962 4389 1143 4463 ThebaIde.
1170 4392 1207 4463 In
1234 4396 1304 4464 vita
1318 4391 1460 4488 ·Yuqabi
1486 4394 1555 4466 Lll.
1582 4392 1704 4486 legitur
1731 4397 1765 4464 in
1791 4393 1956 4487 frequenti
1972 4389 2076 4462 Cou-

696 4505 773 4577 eili0
801 4514 957 4578 statutum
983 4505 1106 4595 fuisse,
1139 4529 1183 4578 ne
1215 4506 1300 4580 ullus
1334 4531 1380 4579 ex
1405 4509 1645 4583 Alexandrinis
1678 4506 1808 4580 civibus
1842 4507 1884 4578 ad
1916 4506 2077 4577 Patriar-

696 4620 827 4692 chatum
863 4620 1045 4713 eligeretur
1080 4625 1156 4717 qula
1190 4622 1232 4694 ob
1269 4621 1408 4712 fastum,
1441 4622 1575 4712 luxum,
1611 4645 1790 4717 moresque
1831 4625 2078 4719 incompositos

696 4736 784 4806 male
811 4736 1005 4815 audiebant:
1043 4738 1104 4810 sed
1136 4747 1191 4809 aut
1217 4737 1273 4810 illa
1300 4739 1359 4810 lex
1384 4761 1453 4810 non
1484 4738 1546 4812 luit
1572 4739 1614 4812 ad
1641 4749 1798 4834 posteros
1825 4739 1989 4828 valiuua,
2017 4747 2079 4810 aut

697 4848 861 4944 abrogata
888 4862 948 4925 cst.
981 4853 1068 4925 Nam
1101 4852 1335 4950 TheophanIus
1361 4854 1434 4926 LX.
1471 4867 1505 4928 et
1538 4853 1719 4928 Zacharias
1758 4854 1879 4927 LXIV.
1911 4854 2078 4925 Alexan-

697 4965 782 5037 drini
808 4965 950 5040 fuerunt.
