4680 6044
691 603 744 678 AD
771 601 979 679 LITURGllll
1005 601 1198 678 cotucltt
1219 603 1249 678 S.
1269 603 1414 680 sslstttt.
1627 605 1726 678 *180

356 792 474 866 captum
489 784 733 848 accommodatae
756 786 948 866 conscriptae
963 793 1043 865 sunt,
1067 786 1172 866 qualos
1195 795 1301 849 extant
1322 787 1433 850 multae
1449 789 1478 849 in
1496 788 1590 849 variis
1602 787 1727 852 Codici-

354 885 420 948 hus.
465 883 604 963 lusigncs
628 884 686 948 hoc
708 885 739 947 in
761 902 878 966 genere
900 893 970 948 sunt
991 905 1066 967 prae
1089 887 1237 965 caeteris,
1261 903 1336 966 qaas
1359 905 1399 948 ex
1416 886 1589 950 Colhertina
1612 888 1728 951 Biblio-

354 984 442 1046 theca
463 984 544 1044 nacti
567 1001 670 1046 sumus
692 985 722 1044 in
744 983 898 1063 Epistolas
921 994 952 1046 et
975 983 1140 1066 Evangelia
1164 985 1202 1048 de
1226 984 1348 1048 Circulo
1372 986 1458 1064 anni,
1482 986 1512 1048 in
1535 985 1644 1066 quibus
1666 1001 1728 1048 non

354 1081 572 1146 contemnenda
595 1083 749 1162 doctrina,
772 1085 951 1163 praesertim
981 1101 1056 1146 vero
1087 1101 1165 1164 quae
1195 1084 1233 1146 ad
1260 1077 1396 1154 Ethicom
1425 1084 1623 1148 Christianam
1651 1103 1728 1165 per-

354 1182 443 1257 tinet,
472 1189 532 1243 tum
555 1181 703 1244 inculcata
726 1183 902 1262 saepissime
925 1190 1089 1262 praecepta
1112 1182 1150 1246 de
1180 1185 1363 1247 necessitate
1386 1183 1588 1247 confessionis
1611 1201 1729 1264 pccca-

353 1286 460 1352 torum,
483 1289 514 1344 ct
536 1281 741 1362 poenitentiae
764 1281 843 1361 apud
864 1279 1044 1345 Sacerdotes
1066 1280 1236 1359 iaciendae;
1260 1291 1320 1345 tam
1335 1283 1455 1354 ,extinto
1475 1283 1567 1344 multa
1589 1284 1728 1345 testimo-

353 1380 402 1441 nia
424 1380 505 1442 circa
528 1379 616 1442 fidem
639 1380 857 1444 Eucharistiae.
902 1381 1022 1443 Patram
1045 1381 1191 1443 llomiliae
1213 1399 1287 1462 quas
1316 1401 1353 1446 co
1383 1381 1452 1444 loco
1481 1381 1587 1466 legere
1616 1380 1726 1456 solent,

353 1487 422 1541 sunt
443 1487 475 1540 ut
504 1478 662 1559 plurimum
692 1498 732 1541 ex
761 1478 997 1560 chrysostomo,
1027 1479 1153 1554 Basilio,
1184 1478 1334 1562 Gregorio
1364 1481 1522 1561 Nysseno‚
1555 1479 1668 1562 Cyrillo
1697 1486 1728 1541 et

353 1579 457 1658 paucis
479 1576 559 1640 aliis:
583 1579 691 1640 multas
714 1575 881 1661 adjungunt
908 1577 1015 1641 Severi
1034 1577 1228 1658 Antiocheni,
1252 1587 1281 1642 et
1305 1599 1344 1642 ex
1368 1578 1599 1657 recentioribus,
1621 1578 1728 1642 Jacohi

354 1676 553 1760 Seragensis,
578 1685 608 1739 et
630 1675 794 1755 Edessam,
819 1695 960 1758 quorum,
985 1679 1121 1757 quamvis
1145 1677 1269 1760 Syriaca
1293 1679 1489 1759 scripserint,
1512 1678 1603 1740 multa
1623 1685 1728 1740 extant

352 1776 483 1838 Arahice
504 1778 535 1837 in
558 1776 758 1860 Aegyptiacis
780 1776 938 1841 Ecclesiis.
969 1775 1054 1838 Alias
1066 1775 1172 1838 Severi
1186 1777 1332 1858 Episcopi
1346 1777 1553 1841 Achmoninae
1569 1778 1621 1858 qai
1634 1776 1726 1840 multa

352 1875 473 1955 scripsit
495 1875 630 1954 erudita,
654 1884 685 1938 et
708 1874 746 1938 ad
769 1893 954 1938 commanem
975 1875 1132 1938 utilitatem
1157 1877 1308 1957 apposite.

934 2083 1144 2155 Catholicon.
1772 2111 1802 2166 r.
1822 2115 1847 2166 o.
1867 2115 1883 2177 ι
1902 2116 1945 2170 rs.

442 2278 498 2355 Ira
520 2297 669 2351 vocantur
692 2288 771 2369 apud
793 2287 965 2352 Orientales
987 2287 1143 2369 Epistolae
1166 2283 1282 2363 Jacobi,
1306 2285 1402 2362 Petri,
1425 2283 1550 2348 loannis
1573 2285 1724 2364 ellados,

353 2410 429 2472 quae
452 2391 625 2455 Catholicae
649 2391 856 2473 appellantur:
881 2393 950 2470 quia
974 2391 1011 2452 ad
1035 2407 1140 2452 omnes
1163 2391 1296 2470 scriptae
1318 2394 1401 2466 sunt,
1432 2407 1472 2450 ex
1496 2387 1604 2468 quibus
1632 2406 1723 2450 unum

352 2491 490 2554 volumen
514 2491 671 2554 coniicitur
693 2490 774 2570 qood
798 2489 975 2553 Catholicon
998 2489 1115 2551 dicitur.
1150 2489 1252 2568 ltaque
1272 2504 1340 2548 com
1358 2487 1506 2570 Theologi
1528 2487 1651 2550 laudant
1664 2487 1724 2550 ali-

352 2607 439 2669 quam
462 2609 502 2654 cx
524 2591 589 2652 istis
612 2589 757 2671 Epistolis
780 2590 960 2674 sententiam
989 2587 1091 2650 dicunt
1112 2587 1251 2648 Jacohus
1275 2587 1308 2647 in
1331 2582 1505 2664 catholico,
1527 2586 1646 2663 Petrus,
1668 2595 1723 2650 eto.

351 2687 424 2750 Eam
445 2689 606 2762 lectionem
628 2690 767 2769 sequitur
788 2689 846 2752 alia
871 2709 910 2750 ex
933 2689 1018 2750 Actis
1041 2685 1269 2767 Apostolorum.

792 2943 914 3014 Oratio
940 2943 1124 3037 annpolii
1149 2942 1282 3016 Sancti.
1772 2969 1802 3020 r.
1821 2969 1846 3021 o.
1866 2968 1882 3022 ι
1901 2939 1945 3023 ar.

439 3153 502 3232 Hcs
537 3180 614 3244 quoe
649 3161 790 3242 superius
826 3164 1023 3244 exposuimus
1056 3167 1209 3244 peractis,
1244 3165 1357 3248 legitur
1392 3164 1605 3247 Evangetium,
1636 3165 1724 3246 juxta
1763 3161 2048 3244 nitarstegendiltvm·

352 3269 480 3333 omnium
501 3265 708 3329 Ecclesiaram
731 3265 997 3345 consuetudinem,
1021 3266 1059 3328 de
1083 3285 1143 3348 qua
1164 3269 1241 3331 haec
1257 3268 1439 3333 Constitutio
1462 3277 1546 3330 extat
1567 3269 1598 3329 in
1618 3267 1724 3330 Collo·
1737 3262 1809 3332 8⁰¹³?-

351 3371 452 3433 otiona
484 3365 653 3430 Ehnassali.
703 3364 779 3426 Post
799 3364 970 3448 Hymnose
998 3365 1147 3444 Psalmis,
1177 3369 1291 3447 tepctor
1320 3375 1457 3430 sonctnm
1484 3367 1682 3448 annpelinm
1704 3387 1725 3428 a

349 3469 515 3531 Sacerdote
537 3465 761 3539 calilicem,
784 3463 921 3525 ananthon
942 3465 1059 3526 interea
1081 3465 1230 3528 stantibus
1251 3467 1456 3530 etaiknttdas.
1501 3466 1548 3530 De
1566 3483 1725 3529 caeremo-

351 3569 407 3631 niis
428 3583 505 3629 vero
528 3583 605 3647 quae
629 3563 667 3626 ad
689 3563 767 3624 hano
779 3562 934 3646 liturgiae
955 3570 1072 3643 partem
1095 3564 1307 3627 observandae
1329 3572 1408 3642 sunt,
1433 3563 1500 3627 lusa
1514 3564 1619 3628 scribit
1636 3563 1726 3625 Aba·
1791 3568 1800 3578 '

350 3666 443 3732 sebah
466 3667 496 3727 in
519 3665 661 3726 Tractata
684 3663 871 3725 descientia
894 3661 1110 3726 Ecclesiastico
1133 3680 1201 3744 cap.
1226 3661 1278 3725 68.
1322 3663 1375 3726 Ait
1398 3671 1497 3726 autem
1527 3665 1612 3743 prius
1640 3664 1724 3725 reoi-

351 3766 408 3828 tari
430 3764 530 3826 varios
554 3763 591 3824 ad
613 3763 709 3824 Deum
732 3762 902 3839 orationes,
926 3761 1034 3841 quibus
1057 3769 1183 3844 rogatur
1205 3769 1238 3824 ut
1267 3763 1308 3824 ito
1333 3761 1485 3824 auditores
1516 3761 1655 3842 disponat
1685 3761 1723 3822 ad

352 3863 472 3925 auribus
496 3870 526 3924 et
549 3861 642 3924 corde
665 3859 878 3942 excipiendam
908 3865 1043 3922 sanctum
1073 3861 1289 3942 Evangelium,
1322 3868 1354 3922 ut
1384 3860 1457 3922 illad
1487 3879 1582 3942 opere
1612 3861 1723 3940 exequi

349 3961 480 4024 valeant.
525 3960 558 4022 ld
581 3977 729 4040 expresse
751 3958 925 4040 significant
955 3961 1109 4024 orationes
1140 3961 1242 4022 variae
1273 3967 1361 4038 ante,
1391 3959 1440 4021 vel
1468 3965 1538 4040 post
1565 3959 1724 4021 lectionem

349 4059 509 4141 Evangelii
531 4060 562 4120 in
586 4057 722 4120 omnihus
745 4059 899 4142 liturgiis.
950 4057 1032 4121 ldem
1061 4060 1161 4122 Autor
1186 4059 1342 4141 subjungit
1369 4065 1478 4139 postea
1505 4058 1564 4119 diei
1591 4059 1724 4139 Hymnus

351 4159 525 4223 etPsalmos
548 4158 660 4236 varies,
684 4157 847 4221 secundum
862 4158 1005 4220 festorum
1027 4159 1248 4222 diversitatem:
1272 4165 1333 4220 tum
1356 4159 1397 4220 ita
1420 4158 1624 4238 prosequitur.
1649 4155 1724 4218 Cir-

351 4261 414 4322 ettt‘t
433 4259 588 4320 Sacerdos
609 4255 723 4335 altore,
747 4265 778 4318 et
792 4257 949 4319 Diaconos
970 4259 1060 4320 simul
1076 4259 1272 4338 propreditar
1298 4277 1365 4319 cum
1385 4256 1552 4336 Eoonpelio
1579 4257 1723 4336 clamoso,

349 4357 502 4420 etesiis
524 4354 652 4418 Clericis
673 4357 725 4435 qui
746 4355 789 4416 od
810 4356 909 4417 altare
930 4358 1102 4418 ministrant
1123 4357 1232 4437 aliqui,
1256 4375 1362 4418 cereos
1382 4373 1530 4417 aecanos
1543 4353 1745 4434 praefacta--

350 4464 405 4518 tes.
447 4455 605 4517 Diaconos
630 4454 740 4516 librom
765 4461 879 4534 postet,
908 4463 938 4516 ct
965 4475 1033 4518 cam
1061 4457 1274 4518 descenderint
1300 4457 1339 4518 de
1365 4455 1565 4529 Sanctaario,
1594 4453 1725 4532 ponuat

351 4557 447 4631 canit,
470 4552 610 4616 Auditam
633 4551 682 4614 lae
704 4554 774 4615 mihi
796 4571 883 4614 mane
906 4555 1143 4617 misericordiam
1165 4564 1262 4632 tuam,
1287 4556 1355 4635 quia
1379 4555 1409 4614 in
1432 4561 1462 4615 ta
1485 4553 1619 4633 speravi.
1640 4551 1723 4612 Dio-
1795 4623 1801 4634 ι

351 4672 445 4716 conos
465 4662 582 4715 secrete
604 4653 688 4733 opud
708 4671 742 4714 se
764 4653 847 4714 dicit.
880 4653 987 4715 Notam
1008 4653 1058 4715 iae
1079 4654 1150 4715 mihi
1164 4653 1301 4728 Domine,
1314 4653 1403 4730 viam,
1426 4652 1457 4712 in
1480 4668 1539 4732 qua
1563 4649 1722 4712 ambulem.

350 4751 421 4814 lien
441 4751 638 4832 Eeonpeliam
657 4759 797 4831 pectens,
821 4751 921 4829 defert
941 4753 1028 4828 tttnd,
1050 4754 1203 4815 transiens
1221 4772 1279 4831 per
1300 4753 1429 4812 medinm
1453 4751 1604 4830 papalum.
1650 4746 1724 4809 Cir-

350 4853 448 4912 cuitus
469 4845 569 4913 adtern
591 4852 640 4913 ille
667 4851 790 4926 animas,
819 4851 871 4930 pai
896 4852 932 4930 fit
952 4853 1038 4913 circo
1067 4853 1166 4914 altore
1195 4854 1278 4913 irrtro
1303 4850 1534 4925 Sanctum-ion,
1561 4847 1724 4912 similitudo

350 4957 397 5010 est
418 4951 563 5012 camiros
590 4949 750 5029 anopelii
773 4967 832 5028 por
859 4952 1032 5012 oniomarn
1058 4950 1176 5012 orbern:
1208 4951 1356 5011 circuitos
1382 4947 1464 5010 illios
1488 4947 1728 5028 pereprinotorii

349 5050 402 5128 poi
421 5049 596 5110 demersam
618 5055 733 5111 terram
754 5049 894 5127 implevit.
928 5048 1026 5112 Panlo
1041 5055 1116 5131 post
1136 5048 1290 5112 Sacerdos
1313 5047 1475 5126 Eoonpelii
1495 5048 1602 5109 tihncm
1616 5046 1725 5126 operit,

1394 5185 1397 5192 ,
1439 5159 1518 5236 40.
