4778 6034
846 679 1152 757 PRAEFATIO.

322 897 453 978 magno
485 871 688 976 adjumento
721 871 796 973 luit,
829 868 1046 950 Glossarium
1081 870 1227 951 bleursii
1259 869 1616 952 Graeco-Barbarum
1645 871 1690 952 ad

325 1005 530 1110 explicanda
558 1004 732 1085 vocabula
761 1030 849 1084 usus
877 1003 1129 1084 Ecclesiastioi.

444 1138 605 1219 Tandem
642 1139 772 1243 prodiit
809 1163 902 1218 anno
947 1137 1074 1216 1647.
1107 1164 1200 1242 opus
1232 1143 1374 1244 insigne
1411 1140 1537 1220 lacobi
1572 1140 1690 1222 Goarii
1724 1161 1824 1214 Primus
1842 1177 1889 1214 uu
1907 1161 2016 1230 rannus

324 1303 369 1354 ex
401 1275 535 1354 Ordine
564 1273 798 1352 Dominicano
831 1276 898 1350 viri
931 1271 1145 1375 doctissimi,
1176 1298 1247 1377 quo
1265 1272 1500 1354 'Graecorum
1536 1275 1690 1356 Euobu-
1703 1248 1843 1316 “mmm
1861 1246 1979 1302 ΝΜ·

321 1411 461 1514 logium
490 1408 695 1510 illustravit,
730 1419 766 1485 et
801 1407 933 1486 Latine
954 1431 1102 1486 versum
1143 1412 1295 1512 egregio
1333 1415 1586 1490 commentario
1622 1437 1692 1490 ex-

320 1546 476 1649 plicavit,
509 1546 648 1645 inquo
680 1541 815 1643 Basilii,
847 1539 1165 1645 chrysostomique
1200 1541 1397 1647 liturgias,
1429 1549 1618 1649 omniaque
1648 1546 1694 1623 ad

321 1683 409 1757 ritus
435 1675 702 1758 Eucharisticos
734 1679 938 1778 spectantia,
968 1699 1060 1779 quae
1084 1674 1335 1756 obscurissima
1362 1690 1473 1781 erant,
1506 1681 1541 1757 in
1564 1705 1694 1784 magna

321 1815 404 1891 luce
427 1810 628 1911 collocavit,
658 1809 741 1888 nihil
775 1808 866 1887 adeo
895 1821 934 1887 ut
961 1809 1031 1887 boc
1065 1813 1101 1886 in
1123 1834 1263 1912 genere
1290 1823 1386 1890 aetas
1413 1824 1534 1891 nostra
1567 1814 1696 1891 viderit

324 1948 569 2051 praestantius.
627 1943 719 2021 Nam
753 1944 924 2048 vulgares
953 1947 1108 2047 quaein
1137 1944 1299 2025 manibus
1331 1944 1550 2025 Graecorum
1583 1959 1695 2049 erant,

326 2092 397 2158 tum
428 2090 575 2157 veteres
603 2077 789 2180 editiones,
823 2079 1027 2182 multusque
1061 2082 1322 2183 antiquissimos
1355 2079 1500 2160 codices
1530 2084 1622 2158 inter
1654 2105 1695 2160 se

325 2216 557 2317 comparavit,
599 2212 728 2315 quibus
760 2224 878 2290 textus
919 2213 1197 2291 emacularetur:
1230 2239 1384 2318 cumque
1415 2238 1488 2293 non
1520 2215 1629 2294 modo
1659 2219 1696 2292 in

322 2352 524 2452 antiquitate
549 2345 802 2427 Ecclesiastico
835 2351 1098 2426 versatissimus
1128 2347 1233 2450 soret,
1266 2347 1333 2427 sed
1361 2347 1556 2432 hodiernae
1590 2352 1696 2427 etiam

323 2482 541 2584 disciplinae,
564 2505 647 2559 cum
679 2484 714 2559 in
746 2478 893 2566 Graecia
926 2478 1154 2561 blissionibus
1177 2487 1324 2586 operam
1347 2482 1517 2585 dedisset,
1539 2487 1696 2562 notitiam

321 2617 471 2695 haberet
511 2640 584 2693 non
615 2615 853 2717 mediocrem,
898 2619 1113 2719 omnesqui
1148 2615 1279 2719 aliquid
1311 2615 1378 2695 hac
1414 2619 1450 2694 in
1479 2628 1580 2720 parte
1611 2629 1696 2695 ten-

322 2761 484 2834 taverant
512 2749 623 2852 longo
656 2750 840 2827 intervallo
865 2754 1056 2852 superavit.
1123 2750 1220 2829 Ante
1242 2775 1355 2829 annos
1379 2762 1531 2854 quatuor
1552 2750 1697 2830 lsaacus

323 2885 502 2963 Habertus
529 2881 736 2961 Pontiiicale
771 2880 989 2962 Graecorum
1022 2871 1182 2962 ediderat
1215 2884 1361 2987 plenum
1395 2883 1602 2965 eruditionis
1632 2911 1697 2963 re-

324 3018 508 3119 conditae,
540 3016 745 3121 liberaeque
777 3041 798 3093 a
833 3021 1000 3120 spinosae
1029 3017 1252 3122 Theologiae
1281 3017 1443 3120 salebris,
1480 3021 1571 3096 inter
1608 3044 1697 3123 quas

325 3156 383 3230 vix
414 3155 565 3256 agnosci
600 3161 718 3253 potest
749 3149 1025 3230 Ecclesiastioae
1064 3151 1269 3256 disciplinae
1297 3151 1451 3248 traditio:
1493 3163 1600 3256 atque
1636 3153 1696 3232 illo

324 3291 359 3366 in
388 3310 500 3388 opere
526 3286 634 3364 multa
661 3286 828 3388 Liturgiis
852 3285 1065 3364 illustrandis
1096 3288 1189 3365 utilia
1220 3289 1446 3388 insperserat.
1499 3285 1575 3364 Sed
1598 3288 1695 3366 ulte-

322 3425 398 3498 rius
422 3443 616 3524 progressa
640 3431 695 3498 est
722 3415 839 3497 Goarii
866 3419 1057 3523 diligentia,
1081 3420 1171 3499 adeo
1198 3430 1238 3498 ut
1260 3432 1312 3499 tot
1334 3443 1506 3498 annorum
1525 3420 1694 3524 decursu,

322 3579 432 3632 nemo
463 3553 655 3658 quidquam
676 3553 768 3632 illius
792 3553 972 3632 laboribus
997 3554 1187 3633 addiderit:
1216 3578 1342 3635 onmes
1372 3580 1419 3632 ex
1446 3555 1513 3633 illis
1540 3579 1582 3634 se
1604 3581 1695 3658 pro-

323 3688 453 3767 iecisse
484 3691 707 3791 agnoverint.

444 3821 566 3926 Atque
598 3820 687 3899 baec
718 3823 814 3898 circa
846 3819 1023 3925 Liturgias
1060 3818 1214 3906 Graecas
1243 3823 1408 3923 praestita
1445 3831 1528 3899 sunt
1558 3845 1578 3896 a
1609 3821 1694 3898 viris
1759 3841 1879 3911 riuique
1903 3841 1949 3894 arn
1966 3859 2017 3896 noa

326 3955 493 4058 eruditis,
529 3965 672 4059 praeter
713 3979 805 4058 quae
835 3954 920 4033 nibil
960 3979 1074 4058 prope
1105 3958 1143 4031 in
1168 3955 1286 4034 literas
1319 3957 1467 4034 missum
1495 3964 1562 4056 est,
1596 3953 1693 4058 quod
1707 3927 1951 4079 {fiffissffiijssu
1984 3929 2018 3982 ‘¹⁰

324 4116 496 4169 novarum
542 4115 662 4167 rerum
701 4089 867 4191 delectu,
908 4089 1092 4194 judiciove
1133 4092 1247 4191 possit
1289 4088 1541 4178 commendari.
1602 4088 1694 4166 Nam

323 4223 566 4304 Protestantes
601 4248 726 4303 omnes
758 4222 926 4302 llivetum
958 4226 1071 4304 secuti
1104 4235 1197 4326 sunt,
1232 4222 1410 4302 infelicem
1437 4226 1467 4302 si
1511 4225 1590 4326 quis
1622 4247 1694 4303 un·

325 4382 433 4462 quam
469 4358 534 4436 luit
560 4369 723 4436 veterum
762 4362 989 4461 scriptorum·
1009 4355 1195 4438 Criticum:
1236 4370 1273 4435 et
1314 4356 1411 4460 quod
1451 4359 1568 4434 mirari
1610 4358 1695 4436 satis

322 4516 431 4570 nemo
465 4496 589 4594 possit,
620 4491 737 4572 multis
771 4489 961 4571 Catholicis
992 4494 1070 4596 ejus
1100 4516 1252 4570 censura
1279 4515 1352 4569 non
1386 4490 1571 4593 displicuit
1623 4490 1695 4570 Al·

323 4625 426 4704 latius
467 4624 512 4703 de
543 4625 668 4704 Jacobi
697 4624 856 4729 liturgia
886 4630 1177 4706 commentarium
1213 4625 1424 4729 publicavit,
1458 4649 1565 4729 quem
1604 4651 1696 4729 pro-

320 4757 409 4836 bare
440 4784 560 4862 nemo,
589 4763 656 4838 nisi
692 4758 828 4838 Rerum
859 4758 1119 4864 Liturgiearum
1150 4761 1432 4861 imperitissimus
1467 4770 1586 4863 queat,
1614 4785 1695 4838 am-

320 4895 489 4997 plamque
530 4894 678 4997 praebet
715 4893 997 4974 Protestantibus
1044 4894 1137 4972 illam
1181 4903 1218 4972 et
1259 4893 1415 4998 reliquas
1465 4893 1697 4998 impugnandi

321 5030 515 5106 materiam.
576 5029 720 5132 Reliqui
758 5028 819 5107 ubi
865 5029 911 5107 de
955 5027 1100 5108 Graecis
1131 5028 1300 5133 liturgiis
1336 5027 1444 5106 locuti
1489 5039 1591 5130 sunt,
1636 5039 1697 5106 aut

321 5161 437 5240 aliena
476 5166 594 5265 potius
628 5163 762 5268 judicia
802 5188 908 5267 quam
948 5190 1013 5246 sua
1049 5166 1350 5268 perscripserunt,
1392 5170 1452 5242 aut
1482 5164 1697 5268 conjecturis
