4670 6046
655 515 706 592 Ml
730 511 935 592 LITUllillllM
955 511 1145 591 comaclu
1166 513 1197 592 S.
1216 513 1360 591 BdSllll.
1610 513 1687 587 237

327 709 391 766 tres
412 703 493 766 vitae
520 699 759 764 Anachoreticae
790 699 940 780 excipias,
969 697 1114 762 haeretici
1142 698 1276 777 luerunt3
1308 707 1397 779 alque
1423 699 1454 760 in
1481 697 1539 760 illis
1569 697 1690 779 decepti

328 809 397 864 sumt
419 818 512 884 saepe
534 800 689 884 peregrini
711 799 748 862 ad
771 797 905 882 Aegypti
918 799 1100 861 monasteria
1122 797 1222 874 delati,
1244 800 1274 861 in
1297 798 1404 879 quibus
1420 796 1598 861 colebantur
1613 796 1690 861 tales

327 899 491 964 haereseos
514 897 700 963 defensores.
744 897 854 961 Multos
876 897 955 959 enim
976 896 1069 960 lauisse
1092 897 1171 960 iuter
1196 897 1331 980 Aegypti
1351 895 1515 960 Monaclros
1539 902 1688 960 testantur

329 1007 450 1062 autores
472 1001 556 1064 uarii.

413 1098 459 1162 lla
481 1099 596 1164 Sanctis
619 1099 670 1180 qui
690 1099 854 1180 praecipue
876 1096 1016 1161 coluntur
1036 1096 1066 1158 in
1086 1094 1250 1158 Jacobitica
1262 1094 1416 1172 Ecclesia,
1438 1095 1599 1176 operosior
1621 1101 1689 1158 tra-

329 1199 418 1261 ctatio
441 1198 536 1274 foret,
557 1215 615 1260 nec
636 1196 724 1279 hujus
748 1197 817 1262 loci.
861 1195 955 1260 Multa
976 1197 1006 1258 in
1028 1213 1094 1260 eam
1115 1213 1179 1257 rem
1201 1195 1302 1276 colligi
1324 1201 1449 1276 possunt
1479 1213 1519 1256 ex
1548 1193 1689 1275 Synasa-

328 1298 380 1360 riis
415 1296 617 1379 Coptitarum,
652 1282 713 1360 tum
750 1316 790 1360 ex
819 1295 998 1359 Kalendario
1030 1295 1112 1376 quod
1142 1301 1224 1356 extat
1254 1293 1334 1375 apud
1361 1292 1547 1357 Abulbircat.
1590 1291 1690 1354 Edidit

329 1393 416 1474 illud,
438 1395 495 1460 sed
516 1395 604 1460 valde
627 1394 849 1476 imperfectum,
871 1395 1038 1458 nominibus
1060 1402 1119 1457 tarn
1141 1392 1273 1456 Arabica
1295 1410 1383 1474 qoam
1404 1392 1509 1454 Latine
1532 1391 1636 1453 mirum
1657 1393 1687 1454 in

329 1495 448 1558 modum
463 1497 625 1576 corruptis,
638 1495 772 1558 loannes
795 1494 942 1559 Saldanus
965 1497 994 1556 in
1007 1495 1148 1556 Tractatu
1164 1493 1201 1554 de
1213 1490 1366 1573 Synedriis
1382 1500 1517 1555 veterum
1528 1489 1689 1553 Hebraeo-

328 1613 410 1658 rum:
433 1593 550 1660 recudit
571 1593 729 1674 mullisque
751 1592 828 1656 locis
851 1593 1019 1656 emendavit
1039 1593 1135 1656 Jobus
1156 1590 1316 1671 Ludolins,
1340 1591 1479 1675 adJuncto
1495 1589 1687 1672 Aethiopico,

330 1700 361 1756 at
382 1696 460 1758 notis
483 1695 513 1757 in
535 1693 642 1775 quibus
664 1693 755 1755 multa
778 1691 933 1768 observat,
966 1692 1007 1753 ita
1036 1699 1135 1756 tamen
1156 1700 1190 1755 ut
1218 1691 1306 1774 plura
1336 1693 1488 1773 supersint
1517 1689 1688 1771 colligenda

330 1811 369 1855 ox
393 1792 487 1857 Codd.
509 1793 583 1856 Mss.
607 1810 683 1874 quos
705 1791 756 1855 illc
779 1808 839 1855 non
861 1791 988 1854 viderat.

413 1891 564 1973 loseplrus
595 1885 748 1975 Scaliger,
777 1909 816 1953 ex
844 1891 929 1972 cnjus
952 1887 1062 1954 Codice
1086 1890 1142 1952 hae
1171 1889 1326 1971 liturgiae
1353 1876 1562 1971 Aegyptiacae
1591 1889 1688 1954 lucem
1736 1881 1861 1936 ludicram
1883 1885 2006 1956 Scaliger

329 1993 425 2074 primo
447 1991 552 2054 Latine
573 1989 729 2069 viderunt,
761 1991 790 2052 in
812 1988 948 2072 Epistola
970 1989 1007 2052 ad
1040 1989 1174 2052 Marcum
1201 1989 1361 2053 Valserrnn
1394 1990 1620 2070 Augustuduni,
1652 1970 1734 2052 ded⁶
1752 1968 1891 2039 ⁰¹⁹⁸l⁶¹¹¹³·

328 2091 485 2173 Diptychis
514 2091 555 2154 ita
583 2089 696 2153 scribit
737 2088 766 2150 A
787 2089 943 2172 Dipupcdia
964 2089 1024 2151 daeo
1045 2097 1220 2164 mononmt,
1243 2107 1320 2169 quoe
1334 2094 1395 2150 tam
1410 2088 1442 2150 in
1457 2085 1691 2169 Messanam

328 2189 543 2254 iaaOcciclcatis
558 2188 703 2252 Ecclesiia
724 2190 815 2252 lodie
836 2193 942 2250 extuat
962 2183 997 2250 αἱ
1019 2181 1177 2252 leucander
1190 2183 1245 2251 καὶ
1258 2175 1301 2249 τὰ
1316 2173 1565 2272 μαρτυρολόγια,
1600 2185 1691 2248 Litu-

328 2292 399 2352 aiae
421 2309 442 2352 α
458 2277 555 2372 Ικύριε
577 2280 724 2371 ἐλέησον,
753 2288 915 2367 munt:
938 2287 1077 2366 portibus
1103 2287 1237 2364 duodus,
1264 2286 1445 2349 Sanctorum
1473 2289 1632 2364 maaria,
1662 2297 1692 2350 et

325 2386 467 2467 pracibm
489 2392 634 2448 conteeant
677 2385 743 2448 Hoc
763 2385 796 2446 air
816 2387 877 2447 illia
897 2383 1043 2467 Litmpiie
1064 2387 1146 2449 clare
1167 2392 1270 2448 cetat:
1295 2403 1368 2448 nam
1393 2385 1543 2467 Diptpclao
1571 2387 1604 2448 io
1629 2387 1691 2448 illis

327 2485 457 2549 acerbo
475 2495 583 2561 unua,
606 2486 664 2548 doc
681 2493 727 2546 eat
740 2476 882 2568 ἐλέησον,
904 2485 1057 2564 maort.
1091 2483 1123 2547 ln
1146 2484 1201 2546 lrac
1223 2482 1435 2547 observatione
1458 2483 1569 2566 aliquid
1583 2501 1690 2548 varmo

328 2594 393 2649 ost:
417 2586 552 2666 quamvis
575 2583 734 2647 divinando
757 2584 856 2666 potius
878 2583 988 2646 dictum
1011 2583 1050 2646 sit
1072 2601 1089 2646 a
1111 2583 1284 2666 scaligero,
1313 2601 1400 2664 quam
1423 2585 1547 2664 petitum
1569 2603 1609 2646 ex
1631 2602 1689 2646 an-

327 2686 466 2765 tiquitate
488 2683 718 2748 Ecclesiastica:
740 2700 808 2746 nam
831 2701 871 2744 ex
892 2681 1048 2764 Diptychis
1070 2690 1264 2746 manaverunt
1277 2682 1503 2767 Martyrologia,
1525 2682 1575 2747 vel
1588 2685 1689 2766 potius

292 2864 295 2872 g
330 2801 369 2847 ca
390 2783 512 2846 luerunt
533 2784 653 2863 antiqua
676 2781 841 2863 Diptycha,
863 2800 918 2845 seu
941 2781 1060 2845 tabulae
1087 2783 1337 2861 Ecclesiasticus,
1367 2801 1444 2864 quae
1473 2783 1503 2844 in
1533 2784 1592 2847 lroc
1619 2782 1689 2848 loco

330 2882 548 2946 recitabantur:
571 2889 668 2960 aucta,
691 2889 722 2944 et
743 2882 773 2942 in
795 2881 890 2945 libros
903 2880 1015 2959 relata,
1039 2882 1124 2968 aliam
1139 2881 1247 2945 deinde
1262 2883 1482 2964 diversamque,
1505 2901 1563 2964 pro
1578 2883 1690 2948 Eccle-

331 2983 442 3045 siarum
463 2989 690 3063 temporumque
710 2981 856 3043 varietate
877 2979 1003 3044 termam
1031 2989 1223 3063 acceperunt.
1274 2981 1349 3045 Nam
1381 2983 1584 3062 antiquissima
1612 3000 1689 3063 quae

332 3088 451 3159 antam,
474 3079 601 3144 collecta
623 3085 692 3142 sunt
713 3097 732 3140 a
750 3078 878 3142 diversis
901 3079 1055 3143 autoribus
1085 3082 1194 3158 serius,
1216 3099 1317 3163 neque
1344 3082 1465 3162 publica
1486 3082 1690 3144 Ecclesiarum

332 3181 505 3246 autoritate:
530 3187 560 3241 et
582 3178 655 3241 illud
677 3177 715 3241 de
737 3195 797 3258 quo
817 3177 951 3260 loquitor
972 3177 1138 3264 Gregorius
1167 3179 1310 3264 Magnus,
1344 3198 1405 3244 non
1434 3188 1530 3244 extat:
1563 3177 1618 3242 sed
1651 3177 1689 3240 de

331 3279 377 3343 his
399 3277 521 3342 videndi
546 3277 710 3356 Munius,
731 3277 886 3358 liciados,
910 3278 1065 3359 Valesius,
1088 3280 1198 3360 quique
1221 3279 1258 3344 de
1273 3279 1498 3364 Martyrologiis
1520 3279 1690 3342 accuratius

331 3386 543 3443 tractaverunt.
587 3376 675 3459 Apud
698 3376 831 3440 Graecos
849 3395 1013 3459 omnesque
1028 3376 1212 3441 Christianos
1227 3379 1395 3442 Orientales
1406 3380 1478 3442 nihil
1490 3379 1602 3442 simile:
1624 3375 1690 3438 sola

330 3477 443 3541 habent
468 3476 651 3574 Synaxaria,
675 3476 766 3540 multo
788 3475 901 3540 Latinis
922 3475 1146 3559 Martyrologiis
1169 3477 1327 3559 ampliora,
1357 3477 1460 3558 illique
1482 3495 1542 3540 non
1565 3477 1690 3540 absimi-

331 3578 370 3642 lia
399 3577 478 3659 quod
507 3575 620 3640 saeculi
648 3575 755 3640 decimi
777 3577 857 3640 senti
879 3575 955 3653 fine,
976 3576 1123 3639 Maximus
1144 3577 1319 3659 Margunins
1343 3575 1536 3658 Cytherensis
1559 3577 1690 3658 Episco-

332 3693 404 3759 pus,
439 3678 470 3740 in
505 3673 689 3738 Graecorum
718 3693 838 3738 suorum
874 3677 1000 3760 gratiam
1030 3693 1170 3738 sermone
1199 3675 1362 3740 vernaculo
1391 3677 1524 3756 Graeco,
1554 3677 1688 3740 venetiis

333 3776 434 3840 edidit.
477 3774 511 3838 ln
533 3774 592 3838 illis
614 3782 712 3837 autem
733 3774 866 3838 refertur
891 3774 1025 3839 breviter
1053 3773 1229 3839 Sanctorum
1258 3775 1397 3855 historia,
1427 3793 1494 3838 cum
1516 3777 1546 3838 in
1575 3773 1689 3838 Latinis

331 3875 451 3939 nonina
471 3881 584 3938 tantum
605 3873 780 3954 Martyrum,
804 3881 835 3937 et
856 3876 1006 3955 passionis
1027 3875 1113 3938 locus
1135 3883 1167 3937 et
1189 3883 1304 3954 tempus
1326 3873 1434 3937 reterri
1456 3877 1587 3938 soleant:
1610 3875 1690 3938 alio-

332 3993 397 4038 rum
419 3975 595 4040 Sanctorum
616 3989 738 4054 nomen,
763 3973 892 4058 dignitas
915 3982 945 4038 et
965 3975 1070 4056 patria.
1115 3974 1148 4036 ln
1169 3973 1292 4038 Graecis
1314 3976 1457 4038 memoria
1478 3975 1511 4038 lit
1531 3975 1688 4039 multorum

332 4074 382 4155 qni
402 4073 434 4135 in
455 4073 591 4137 Ecclesia
613 4071 718 4135 Latina
740 4073 918 4136 deruerunt:
941 4075 971 4136 in
994 4072 1196 4138 Orientalibus
1219 4073 1393 4155 Synaxariis
1415 4074 1468 4136 vix
1489 4075 1615 4138 ullorum
1638 4076 1690 4156 qui
1771 4113 1774 4121 ν

333 4181 417 4236 exue
439 4173 602 4236 Orientem.
645 4170 688 4236 lta
710 4172 1027 4238 maximaditterenna
1050 4181 1096 4237 est
1117 4175 1196 4236 inter
1218 4191 1254 4237 ca
1277 4181 1307 4237 et
1335 4172 1560 4258 Martyrologia
1604 4175 1690 4236 Lita-

333 4273 396 4336 aias
418 4272 499 4352 quod
521 4272 643 4351 attinet,
666 4271 775 4334 dictum
799 4271 945 4354 Scaligeri
974 4274 1163 4358 ingeniosum
1193 4274 1288 4356 magis
1315 4281 1362 4336 est
1389 4291 1624 4354 quamverum:
1658 4282 1690 4338 et

334 4388 407 4452 quas
428 4372 550 4460 pmprie
574 4372 613 4434 ita
636 4371 835 4452 appellamus,
858 4373 998 4454 ignorant
1018 4374 1137 4454 perdtus
1159 4371 1346 4453 Orientalcs,
1376 4391 1475 4454 neque
1501 4373 1593 4456 llyrie
1614 4375 1690 4436 etei-

334 4489 404 4548 aoa,
437 4469 517 4550 (prod
544 4471 657 4532 initium
679 4477 848 4533 nostrarum
871 4479 935 4550 cst,
965 4461 1071 4535 eodem
1095 4472 1173 4553 apud
1196 4473 1279 4554 ipsos
1302 4473 1370 4535 loco
1393 4482 1424 4536 et
1453 4473 1542 4536 modo
1573 4473 1690 4551 dicitnr,

334 4569 412 4634 sicut
431 4588 489 4633 nec
512 4568 590 4650 apud
613 4569 757 4634 Graecos.
800 4569 876 4632 Nam
897 4571 966 4634 dum
988 4571 1133 4634 indicatur
1155 4570 1336 4647 alliacono,
1357 4572 1453 4636 oratio
1474 4571 1611 4635 iacienda
1634 4589 1690 4654 pro

334 4687 520 4751 quacumque
542 4668 667 4750 re,.vel
691 4669 782 4732 cartis
804 4671 960 4750 personis,
983 4671 1132 4735 Sacerdos
1155 4670 1226 4734 dicit
1247 4671 1429 4754 singularem
1451 4679 1502 4734 aut
1523 4671 1596 4734 duas
1618 4689 1691 4733 ora-

335 4769 449 4850 tiones,
472 4787 560 4832 unam
582 4769 640 4831 alta
664 4786 756 4845 voce,
780 4768 866 4830 aliam
889 4779 1023 4847 secrcto;
1047 4771 1136 4834 etad
1159 4789 1260 4834 earum
1274 4770 1361 4834 linem
1375 4772 1504 4853 populus
1516 4770 1588 4834 dicit
1599 4771 1692 4854 Kprie

336 4867 462 4944 eleison,
484 4867 533 4930 vel
556 4877 655 4936 nnat<
683 4867 713 4930 id
736 4875 782 4932 ast
808 4865 971 4946 Miserere,
1003 4870 1093 4952 idque
1115 4886 1175 4933 non
1197 4871 1306 4951 semel,
1328 4872 1382 4935 sed
1404 4871 1573 4952 multoties,
1602 4879 1692 4954 atqrre

335 4964 494 5047 aliquando
516 4967 707 5050 quadragies.
752 4966 910 5048 Appellari
931 4987 1007 5032 vero
1029 4969 1216 5050 postmodam
1233 4970 1409 5036 Sanctorum
1422 4972 1552 5053 uomina,
1575 4980 1605 5033 et
1626 4973 1692 5034 sin-

1406 5087 1484 5163 46*
