4680 6044
615 514 692 588 σοι
1099 463 1506 589 connnnrnnrus

617 675 756 779 corporis
780 697 892 762 Christi
915 697 1063 759 contineri
1084 694 1278 776 pertendunt.
1323 695 1390 758 lloc
1417 696 1593 773 ostendant,
1616 695 1712 775 inquit
1734 695 1911 774 Bassaniam
1932 716 1995 778 po-

612 799 679 878 puli
700 799 743 860 ad
765 816 804 859 ea
824 796 919 858 verba
940 796 1163 875 responsiones.
1215 793 1382 856 Sacerdote
1405 797 1484 856 enim
1505 795 1560 855 illa
1589 793 1700 870 verba,
1730 803 1763 856 ut
1794 813 1851 856 eos
1884 797 1998 859 &oeci

615 897 736 972 soletis,
766 895 1002 974 pronunciante,
1040 895 1188 955 assistens
1214 894 1343 972 popalus
1370 894 1402 955 in
1428 901 1557 974 unaque
1581 899 1672 972 parte
1701 895 1864 974 respondet
1884 896 1992 973 Amen,

616 997 707 1076 quad
727 996 823 1069 dieat,
845 1013 916 1055 aere
937 995 984 1054 ito
1006 999 1053 1054 est
1072 1000 1107 1054 at
1127 992 1237 1056 dicia..
1260 993 1357 1054 Amen
1380 995 1473 1073 ipitar
1495 992 1539 1053 ad
1560 991 1705 1054 caneda
1728 994 1914 1072 respondens
1932 1012 1994 1073 po-

611 1094 716 1174 pulas:
741 1100 832 1167 certe,
856 1093 968 1172 inquit,
1002 1110 1115 1171 corpus
1143 1100 1173 1153 et
1199 1094 1326 1172 sanquis
1358 1090 1472 1154 Christi
1498 1099 1568 1153 sant
1592 1110 1720 1153 manem
1742 1094 1804 1155 ista
1822 1095 1993 1172 proposita,

615 1195 662 1254 ita
691 1192 860 1266 credimus,
890 1193 937 1252 ita
965 1193 1147 1270 corrfiternar.
1194 1189 1393 1254 Confirmatur
1419 1192 1511 1252 etiam
1545 1189 1621 1252 haec
1648 1192 1799 1253 sententia
1833 1209 1891 1272 per
1920 1208 1994 1253 ora-

616 1291 729 1353 tionem
760 1308 849 1372 quam
877 1289 987 1352 Graeci
1016 1291 1094 1352 inter
1123 1289 1200 1352 haec
1229 1290 1324 1352 verba
1346 1291 1561 1370 pronunciant,
1592 1306 1659 1351 cum
1691 1288 1786 1352 Amen
1813 1289 1994 1352 dictumest

559 1457 562 1464 ,
616 1376 772 1452 Πιστεύω
795 1375 885 1470 κύριε
908 1384 963 1451 καὶ
993 1377 1156 1470 ὁμολογῶ,
1180 1377 1233 1452 ὅτι
1260 1377 1304 1450 σύ
1333 1377 1365 1450 el
1393 1377 1412 1451 ὁ
1439 1377 1587 1473 Χριστός
1608 1376 1628 1452 o‘
1651 1375 1723 1460 υἱός
1744 1386 1804 1451 τοῦ
1824 1383 1912 1450 θεοῦ
1932 1385 1995 1450 τοῦ

617 1484 750 1564 ζῶαιος,
774 1476 793 1550 ὁ
816 1476 927 1549 ἐλθών
949 1480 998 1561 εἰς
1017 1481 1075 1550 τὸν
1096 1475 1218 1564 κόσμον
1239 1474 1458 1574 &propatoris
1478 1485 1586 1549 σῶσαι
1608 1471 1653 1548 ὦν
1674 1482 1805 1571 πρῶτος
1827 1479 1897 1564 εἰμὶ
1918 1476 1993 1569 e'yul.

617 1587 715 1650 Credo
737 1587 866 1648 Domine
888 1595 978 1667 atque
1000 1589 1153 1666 confiteor,
1176 1588 1318 1667 quoniam
1340 1595 1372 1648 ta
1394 1604 1427 1646 es
1450 1584 1589 1648 Christro
1607 1587 1689 1666 filim
1709 1585 1769 1646 Dei
1789 1587 1862 1661 viai,
1890 1587 1943 1666 qai
1962 1587 1995 1646 in

616 1686 757 1748 mandam
779 1688 889 1747 osuini
907 1692 1086 1765 peccatores
1107 1686 1241 1760 salvare,
1263 1683 1390 1765 ᾳῑιοηοσ
1408 1686 1527 1764 primm
1549 1701 1702 1763 eposium.
1746 1683 1794 1746 Ex
1822 1703 1859 1747 ea
1882 1685 1993 1765 quippe

326 1773 422 1830 Areon.
441 1775 457 1831 ²·
476 1779 502 1830 3.
521 1795 543 1830 ⁰·
559 1779 603 1830 26.
617 1783 769 1847 Arcudius
800 1784 880 1846 elicit
903 1782 1125 1846 contessionem
1146 1783 1327 1860 breviorem,
1351 1799 1430 1864 quae
1454 1799 1510 1862 per
1531 1781 1627 1844 Amor
1649 1781 1831 1864 explicatur,
1855 1783 1893 1846 ad
1915 1799 1991 1846 con·

292 1859 518 1929 fflmwdffl

315 4119 499 4178 Rffid&

618 1883 796 1946 secretionis
819 1882 917 1945 iactae
940 1883 1095 1944 veritatem
1118 1890 1289 1964 perimere3
1319 1889 1409 1961 atque
1438 1881 1476 1943 ah
1499 1899 1566 1943 eam
1600 1881 1769 1962 opinionem
1798 1882 1916 1944 accedit
1937 1882 1994 1945 Ja-

617 1981 712 2045 cobus
736 1979 875 2044 Goarius.
919 1981 958 2042 Et
980 1999 1055 2046 sane
1086 1979 1327 2062 quandoquidem
1357 1999 1398 2042 ex
1419 1980 1622 2042 vetustissima
1651 1978 1809 2043 Ecclesiae
1838 1979 1994 2061 disciplina

617 2082 740 2159 seimus,
764 2079 886 2160 fideles,
915 2081 1062 2143 cum-‘illis
1094 2079 1282 2143 Eucharistia
1311 2079 1557 2158 distribueretur,
1591 2079 1829 2160 sacerdotesque
1857 2076 2000 2142 (licerent

617 2178 734 2260 Corpus
753 2177 882 2254 Christi,
904 2178 977 2240 nibil
1000 2179 1077 2241 aliud
1101 2178 1297 2260 respondisse
1320 2196 1409 2259 quam
1430 2178 1547 2253 Anaen;
1570 2185 1601 2240 et
1623 2179 1654 2239 in
1672 2177 1722 2240 illa
1745 2186 1843 2241 tamen
1866 2179 1994 2260 simplici

616 2277 815 2361 responsione
838 2280 1026 2340 contineatur
1049 2277 1201 2340 ooniessio
1224 2277 1263 2339 de
1284 2279 1413 2340 verinte
1435 2278 1573 2359 corporis
1596 2283 1627 2339 et
1650 2279 1804 2360 sanguinis
1829 2276 1940 2339 Christi
1962 2278 1993 2339 in

615 2377 804 2440 Eucharistia
827 2377 961 2454 exhibiti,
985 2375 1091 2439 eadem
1115 2375 1280 2439 affirmandi
1308 2375 1459 2460 formula„
1478 2394 1568 2457 quam
1591 2375 1746 2458 liturgiae
1769 2373 1916 2457 Copticae
1938 2393 1993 2437 re-

618 2481 829 2557 praesentant,
857 2475 982 2537 similem
1009 2493 1132 2537 sensum
1165 2476 1247 2536 initio
1274 2474 1388 2538 habere
1416 2477 1525 2556 potuit:
1554 2492 1655 2555 neque
1685 2475 1764 2537 enim
1790 2474 1881 2536 ullum
1905 2474 1994 2536 alium

616 2575 678 2655 pati
700 2591 794 2654 posse
816 2572 936 2635 ridetur
965 2575 995 2635 in
1024 2574 1140 2635 Graeca
1166 2573 1258 2635 llarci
1286 2574 1438 2658 liturgia,
1468 2574 1520 2636 ubi
1545 2573 1640 2636 Amen
1668 2592 1729 2636 non
1757 2572 1908 2636 multoties
1939 2591 1994 2635 re-

615 2673 734 2753 peritur
755 2678 826 2752 post
847 2671 968 2754 singula
990 2670 1101 2750 verba,
1131 2673 1217 2734 utin
1241 2670 1374 2753 Coptiais
1404 2673 1645 2754 exemplaribus,
1680 2671 1736 2734 sed
1764 2671 1857 2735 semel
1879 2679 1993 2736 tantum

556 2802 562 2814 ·
615 2778 687 2852 post
709 2771 813 2848 verba,
838 2788 917 2851 quae
940 2770 978 2832 ah
1000 2771 1086 2851 panis
1109 2774 1370 2834 consecrationem
1393 2773 1553 2854 pertinent.
1577 2771 1666 2844 Quod
1688 2790 1763 2834 vero
1787 2770 1994 2853 multiplicatio

615 2868 838 2932 acclamationis
860 2868 966 2943 Amen,
990 2869 1068 2932 hano
1089 2871 1244 2950 pepererit
1266 2869 1489 2952 ambiguitatem
1511 2870 1699 2934 manifestum
1722 2877 1779 2934 est.
1823 2869 1867 2932 Ea
1889 2871 1917 2932 si
1936 2870 1994 2932 de-

618 2953 667 3046 s'it,
691 2967 771 3030 nulla
796 2967 957 3030 difficultas
980 2977 1122 3049 superest
1146 2970 1230 3048 quin,
1254 2976 1287 3031 ut
1310 2970 1389 3051 apud
1417 2971 1555 3050 antiquos
1580 2969 1776 3045 Christianos,
1797 2970 1838 3031 ita
1861 2976 1891 3030 et
1914 2968 1993 3050 apud

617 3064 752 3147 Coptitas
776 3066 814 3129 de
837 3067 965 3129 veritate
988 3069 1185 3146 narrationis,
1208 3087 1270 3130 non
1292 3071 1398 3150 magis,
1422 3086 1510 3148 quam
1533 3068 1571 3130 de
1593 3070 1722 3132 veritate
1753 3069 1887 3148 mysterii
1916 3084 1994 3149 pos-

615 3165 674 3228 sint
697 3164 842 3248 intelligi3
873 3167 1053 3245 praesertim
1082 3183 1149 3228 curn
1178 3167 1312 3248 liturgia
1343 3166 1486 3248 Coptica,
1516 3185 1594 3248 quae
1622 3167 1733 3230 dudum
1764 3166 1843 3229 lacta
1876 3174 1924 3228 est
1953 3185 1994 3228 ex

617 3262 780 3327 Codicibus
803 3265 855 3344 qui
877 3264 1021 3346 vulgares
1052 3263 1186 3328 Graecos
1207 3266 1382 3347 antiquitate
1404 3275 1567 3348 superant,
1596 3265 1682 3329 altam
1705 3283 1808 3329 earum
1841 3264 1994 3329 acclama-

615 3364 729 3425 tionum
752 3363 978 3444 dispositionem
1001 3361 1120 3442 babeat,
1144 3366 1352 3448 integramque
1382 3365 1571 3428 devexitate
1599 3349 1736 3446 ebrporis
1771 3363 1881 3427 Christi
1915 3380 1994 3425 con-

614 3460 789 3525 fessionem.
814 3461 925 3526 Saltem
941 3480 981 3525 ex
996 3463 1119 3525 innoxia
1141 3462 1192 3525 illa
1215 3463 1375 3526 lectionum
1397 3463 1572 3526 diversitate
1594 3465 1720 3546 agnosci
1741 3471 1844 3545 potest
1865 3462 1994 3524 alterum

616 3558 697 3622 illua
720 3576 843 3624 sensum
864 3579 926 3623 non
949 3561 991 3623 ita
1014 3559 1144 3636 excludi,
1168 3564 1241 3642 quin
1256 3564 1344 3625 etiam
1358 3561 1515 3626 commode
1531 3562 1717 3645 Coptitarum
1729 3560 1993 3624 acclamationibus

616 3658 739 3741 adjungi
761 3667 866 3741 queat:
895 3659 927 3722 ih
949 3661 975 3722 si
998 3660 1058 3740 hat,
1082 3660 1154 3722 nihil
1176 3679 1289 3724 novum
1312 3669 1363 3724 aut
1384 3661 1547 3724 inauditum
1570 3660 1786 3744 postulabitur,
1810 3661 1879 3723 dum
1901 3677 1992 3723 asse-

616 3758 709 3820 rimus
734 3776 788 3821 eos
812 3759 897 3840 ipsis,
921 3759 1028 3840 quibus
1052 3760 1172 3839 antiqua
1195 3759 1351 3839 Ecclesia,
1374 3760 1475 3823 verbis
1499 3759 1587 3824 iidem
1610 3761 1782 3842 explicasse
1805 3777 1898 3822 suam.
1926 3757 1991 3820 Le·

616 3856 676 3919 ctio
699 3855 816 3920 Graeca
839 3856 958 3921 Codicis
982 3857 1017 3920 ll.
1041 3859 1214 3939 opinionem
1236 3858 1341 3921 lirmat.
1804 3873 1807 3890 ¹

975 4117 1044 4187 Hic
1070 4123 1122 4190 est
1148 4121 1235 4188 enim
1261 4118 1410 4214 Sanguis
1434 4139 1537 4205 meas,
1565 4124 1627 4189 etc.

326 4357 419 4410 Forma
433 4359 602 4414 benedicendi
698 4323 793 4402 Hanc
806 4336 902 4400 forma
913 4337 1114 4406 benedicendi
1126 4313 1229 4401 chlicis
1241 4336 1349 4400 eodem
1361 4337 1450 4401 modo
1465 4357 1498 4402 se
1512 4337 1602 4401 habet
1615 4338 1645 4399 in
1659 4336 1772 4401 Codice
1784 4336 1991 4415 manuscripta

290 4441 384 4496 calicia

616 4435 734 4502 Graeco
748 4437 823 4505 Cod.
837 4441 872 4507 R.
895 4429 1033 4520 Ὁμοίως
1050 4436 1105 4503 καὶ
1118 4429 1158 4504 co
1171 4427 1328 4525 ποτήριον
1341 4429 1428 4518 μετα
1440 4432 1480 4505 τό
1499 4436 1674 4526 δειπνῆσαι
1689 4426 1830 4525 κεράσας
1842 4431 1879 4515 ἐξ
1900 4434 1991 4500 airon

616 4531 672 4600 eal
686 4525 816 4615 ὕδατος,
834 4526 1083 4650 εὐχαριστήσας.
1110 4528 1143 4602 ‘0
1162 4528 1251 4612 λαός.
1279 4527 1385 4623 Ἀμήν.
1415 4528 1619 4625 Εὕλογιξσας.
1637 4529 1671 4602 Ὁ
1686 4537 1714 4601 λ.
1727 4525 1821 4616 apia.
1843 4524 1992 4618 ἁγιάσας.

613 4626 647 4699 Ὁ
659 4633 686 4697 λ.
700 4621 794 4718 ἀμήν.
817 4637 848 4700 Γ
846 4655 1031 4716 annaneane,
1053 4626 1166 4713 πάλιν,
1185 4628 1287 4701 ἔδωκε
1304 4637 1374 4710 τοῖς
1396 4627 1502 4722 diplois
1519 4626 1622 4703 αὐτοῦ
1640 4636 1820 4721 μαθηταῖς.
1846 4635 1993 4698 Similiter

616 4740 646 4796 et
657 4733 782 4796 calicem
794 4743 954 4818 postqraam
966 4739 1106 4800 coeravit
1119 4738 1248 4799 misceres
1266 4743 1296 4798 et
1308 4739 1379 4799 eino
1392 4745 1421 4799 et
1437 4756 1527 4818 aqua
1545 4739 1666 4817 pratias
1679 4755 1774 4817 aperis
1787 4735 1861 4815 Pop.
1877 4733 1991 4794 Amen.-

616 4829 794 4893 benedicens
808 4833 840 4898 P.
854 4833 958 4898 Αιιιαι.
993 4834 1195 4914 Sanctificans
1216 4835 1288 4915 Pop.
1309 4833 1415 4910 Amen,
1432 4843 1560 4915 perstans
1580 4838 1689 4897 iterem
1701 4835 1786 4896 dedit
1797 4834 1913 4896 sanetis
1924 4833 1991 4894 sais

615 4927 782 5006 discipulis,
799 4938 855 4992 etc.
884 4931 927 4995 lla
949 4932 1044 4996 verba
1062 4941 1203 4996 accurate
1225 4933 1324 4996 reddit
1338 4940 1438 4997 textus
1455 4933 1609 5016 Copticae,
1629 4933 1680 5014 qui
1698 4939 1783 4996 recte
1804 4921 1990 5016 ἀορίστους,
