4680 6044
626 620 702 693 194
795 622 801 631 '
863 621 866 628 ’
1090 615 1531 695 COMMENTARIUS

622 805 737 884 pluris,
768 812 799 865 et
822 805 974 866 orationes
1002 821 1081 883 quae
1110 803 1172 864 suis
1195 801 1271 863 locis
1300 801 1493 878 inseruntur,
1516 801 1633 882 reliqua
1657 821 1696 864 cx
1726 801 1875 863 communi
1901 803 2001 882 ,ipsius

622 902 682 964 diei
705 901 807 964 ollicio
831 902 1051 963 continuentur.
1096 901 1139 962 Ea
1163 901 1285 963 occasio
1309 900 1363 961 luit
1390 899 1543 961 nonnullis
1572 901 1763 962 existimandi
1794 901 1904 963 llissas
1931 901 2001 962 illos

621 1017 683 1062 non
707 1000 864 1062 celebrare
885 1017 943 1080 pro
967 1000 1107 1076 mortuis,
1131 1000 1200 1079 quia
1224 998 1343 1079 qualem
1365 999 1395 1058 in
1411 997 1558 1059 Ecclesiis
1572 1000 1695 1076 nostriS,
1720 997 1881 1081 lugubrem
1904 1016 2004 1080 appa-

621 1107 719 1162 ratum
740 1098 854 1160 nubum
877 1097 1029 1160 videbant.
1074 1096 1236 1160 Orationes
1259 1097 1316 1159 etsi
1339 1098 1511 1176 pertineant
1534 1096 1571 1158 ad
1595 1097 1757 1176 petendam
1781 1115 1837 1178 pro
1850 1096 2002 1160 deluuctis

621 1198 830 1260 remissionem
844 1203 1049 1277 peccatorum,
1073 1195 1140 1277 plus
1164 1203 1263 1258 tamen
1280 1194 1468 1257 Christianae
1491 1195 1559 1274 spei
1581 1193 1619 1256 de
1633 1197 1860 1258 resurrectione
1877 1204 1908 1258 et
1923 1196 2002 1258 bea-

621 1297 765 1374 titudine,
789 1313 878 1376 quarn
901 1296 1000 1358 luctus
1024 1303 1055 1358 et
1078 1296 1206 1357 terroris
1228 1293 1341 1356 ollerre
1363 1293 1472 1356 solent.
1503 1292 1579 1355 lllud
1592 1312 1668 1356 vero
1682 1295 1847 1374 praecipue
1859 1311 1922 1356 non
1934 1295 2002 1356 sine

623 1396 818 1459 admiratione
841 1397 870 1456 in
894 1395 959 1458 istis
984 1395 1089 1456 officiis
1112 1395 1223 1474 ubique
1246 1391 1341 1454 ferme
1365 1391 1627 1467 animadvertitur,
1657 1411 1744 1474 spem
1766 1393 1924 1455 maximam
1946 1411 2004 1455 re-

623 1496 840 1572 surrectionis,
864 1501 894 1554 et
916 1492 1103 1555 liberationis
1126 1491 1305 1574 agehenna
1328 1489 1471 1552 collocari
1492 1491 1524 1550 in
1546 1491 1784 1554 sanctificatione
1808 1510 1897 1571 quam
1925 1510 2001 1554 cor-

622 1610 699 1673 pora
722 1591 853 1653 fidelium
880 1600 1114 1670 contraxerunt,
1145 1609 1202 1672 per
1231 1591 1457 1669 susceptionem
1485 1588 1703 1651 Eucharistiae.
1747 1589 1781 1650 ln
1808 1590 2000 1675 Euchologio

622 1690 790 1753 Jacobitico
820 1689 909 1771 Syro.
963 1690 1097 1753 Praesta
1125 1690 1253 1750 Donnine
1286 1689 1332 1768 fili
1359 1687 1434 1763 oet,
1462 1689 1595 1766 requiem
1623 1697 1654 1749 et
1683 1691 1861 1751 numerium
1890 1689 2002 1752 bonum

622 1780 767 1862 mortuis,
790 1791 843 1868 qui
864 1791 1056 1851 comederunt
1077 1808 1189 1868 corpus
1211 1795 1309 1861 tuum,
1332 1793 1364 1848 et
1383 1785 1523 1849 biberunt
1543 1787 1720 1866 aonpamaem
1742 1795 1824 1848 nrum
1845 1807 1912 1850 cum
1927 1789 2001 1867 fide,

621 1886 889 1967 dormitionemque
921 1895 1118 1967 occeperunt:
1141 1895 1172 1948 et
1194 1894 1311 1966 postea.
1355 1885 1567 1973 pirrhohonem
1588 1887 1696 1965 quippe
1718 1887 1799 1948 oilae
1821 1905 1919 1949 nocue
1940 1888 2001 1949 de-

623 1985 669 2046 dit
694 1983 839 2048 Salvom
871 1994 976 2048 noster
1000 1986 1154 2064 fidelihus,
1190 1984 1370 2047 nauseandi
1402 1985 1441 2045 de
1468 1992 1566 2046 morte
1594 1984 1637 2045 od
1664 1987 1776 2059 vitum,
1807 2006 1864 2065 per
1890 2005 2002 2065 corpus

622 2091 652 2144 et
672 2084 864 2163 sonorum
886 2103 964 2165 quoe
986 2085 1200 2146 beatitudinem
1222 2082 1377 2161 coreserent
1397 2083 1539 2157 mortuis,
1569 2085 1622 2162 qui
1649 2083 1703 2144 itta
1728 2092 1942 2162 perceperint,
1971 2091 2004 2144 et

622 2201 748 2261 quorum
770 2182 914 2262 beneficio
936 2183 1168 2246 mmcitobuutur.
1214 2181 1247 2244 ln
1281 2179 1384 2243 ollicio
1412 2179 1560 2244 Pascbali.
1611 2179 1702 2242 Beati
1726 2184 1812 2244 eritis
1840 2201 1860 2244 o
1889 2183 2003 2244 morari

622 2281 654 2340 in
676 2281 726 2341 die
755 2282 996 2358 resurrectionis,
1020 2300 1131 2359 corpus
1153 2283 1232 2342 enim
1253 2280 1354 2341 munau
1376 2281 1458 2360 quod
1484 2279 1606 2355 edistis,
1635 2288 1664 2341 et
1692 2281 1819 2360 sanquis
1843 2283 2002 2359 propitiu-

622 2380 719 2440 tom'ua
740 2380 977 2459 prendidistis,
1001 2381 1236 2441 consulueram
1258 2378 1301 2438 od
1322 2380 1490 2440 ductuum.
1541 2377 1575 2439 ln
1601 2376 1737 2460 Liturgia
1759 2395 1837 2458 quae
1860 2381 1890 2440 in
1917 2378 2001 2442 edito

621 2474 735 2538 llomae
757 2478 871 2540 llissali
894 2477 989 2559 Syro,
1012 2477 1101 2559 Xysti
1124 2495 1251 2556 nomen,
1275 2474 1369 2554 aliud,
1400 2494 1459 2539 nec
1487 2495 1577 2538 unum
1603 2478 1634 2538 in
1663 2478 1876 2558 manuscriptis
1904 2496 1999 2558 prae-

621 2573 696 2653 fert,
720 2584 860 2657 tanquam
883 2596 923 2640 ex
945 2593 1079 2658 persona
1102 2574 1263 2638 Christiani
1286 2575 1417 2638 diciturz·
1437 2575 1562 2636 ll'mebit
1582 2577 1662 2656 ipnaia
1676 2577 1812 2638 munbro
1826 2595 1904 2652 meo,
1926 2580 2001 2658 quia

620 2674 744 2752 repedet
764 2695 831 2736 eum
853 2677 931 2737 odor
954 2677 1095 2754 corporis
1124 2683 1153 2735 et
1182 2676 1340 2756 summania
1369 2672 1491 2736 Christi.
1537 2672 1571 2736 ln
1599 2673 1808 2737 alia·loannis
1835 2676 1999 2738 Barsusan.

619 2770 748 2833 Domine
769 2772 844 2838 decu
866 2770 986 2834 Christe
1007 2775 1060 2852 qui
1080 2792 1113 2834 es
1135 2792 1232 2854 opnus
1253 2775 1319 2835 ariae
1340 2773 1461 2834 naucula
1478 2792 1540 2852 pro
1561 2773 1649 2836 nobis
1670 2775 1856 2851 immolatus,
1878 2795 1918 2836 ee
1939 2793 2000 2854 quo

620 2871 734 2950 epulati
754 2889 872 2947 sumus,
896 2872 1015 2932 custodi
1037 2889 1170 2950 corporo
1191 2878 1298 2934 anostra
1320 2890 1397 2952 quoe
1420 2873 1546 2950 corpori
1566 2855 1617 2932 tuo
1630 2880 1736 2934 sancto
1749 2875 2000 2948 commutarunt,

620 2976 651 3030 et
671 2970 799 3050 obsiprm
826 2969 909 3032 lobio
937 2977 1062 3045 nostro,
1089 2987 1168 3050 pune
1195 2971 1342 3050 sanquine
1367 2976 1419 3032 tuo
1448 2977 1555 3032 nancto
1580 2979 1731 3048 peruncto
1759 2978 1837 3033 aunt.
1881 2971 2000 3052 Nempe

620 3069 707 3148 quia,
740 3076 774 3130 ut
807 3069 838 3131 in
867 3065 1004 3151 Lit'urgia
1034 3068 1166 3130 bluthaei
1195 3069 1329 3132 Pastoris
1359 3077 1390 3131 et
1417 3069 1516 3132 multis
1547 3068 1613 3130 aliis
1650 3068 1838 3130 orationibus
1875 3069 1999 3152 legitur,

618 3165 816 3229 Eucharistio
840 3167 1020 3246 fermentum
1049 3175 1096 3228 est
1121 3169 1222 3230 oilae:
1247 3171 1415 3248 pipnuspue
1441 3167 1549 3229 beotoe
1576 3168 1819 3249 resurrectionis.
1865 3168 1999 3231 Severus

618 3265 789 3346 Episcopus
810 3265 1011 3344 Aschmonin‚
1035 3265 1114 3328 idern
1137 3267 1270 3346 explicat
1292 3268 1323 3328 in
1346 3265 1501 3345 Opusculo
1526 3265 1565 3327 de
1585 3265 1677 3348 Agno
1700 3264 1855 3344 iaschub,
1890 3267 1997 3328 dicens

529 3432 534 3440 ‚
620 3365 798 3447 sanguinein
822 3364 933 3428 Christi
956 3367 985 3426 in
1008 3365 1197 3428 Eucharistia
1219 3371 1415 3446 perceptum,
1445 3367 1563 3444 aipnum
1590 3383 1657 3426 esse
1679 3383 1771 3443 anper
1798 3367 1879 3426 ostiu
1900 3367 2000 3444 apim-

620 3464 716 3524 tuolia
751 3465 858 3525 domus
888 3464 1038 3543 fidelium,
1072 3466 1153 3545 quod
1186 3484 1254 3526 cum
1288 3465 1392 3526 uident
1424 3461 1533 3543 Anpeli
1566 3465 1834 3540 exterminatores,
1869 3463 1998 3543 supinant.
2038 3509 2045 3517 -

619 3563 732 3640 Nempe
755 3563 860 3626 eadem
885 3563 1006 3625 omnino
1029 3563 1167 3626 doctrina
1190 3571 1238 3625 est
1260 3581 1348 3643 quam
1376 3563 1482 3641 paucis
1511 3561 1567 3624 sed
1598 3562 1715 3624 eximiis
1745 3560 1849 3624 verbis
1878 3563 1998 3643 Martyr

512 3717 514 3734 ,
619 3659 764 3724 lrenaeus
787 3660 965 3742 complexus
989 3669 1050 3724 est:
1073 3681 1206 3742 corporo
1227 3669 1334 3723 nostro
1356 3662 1560 3740 percipientio
1588 3660 1817 3722 Eucharistiom
1837 3665 1906 3740 jum
1936 3683 1999 3726 non

590 3809 592 3820 .
620 3779 687 3821 esse
709 3761 936 3840 corruptibilia,
958 3779 1042 3839 apem
1063 3761 1298 3823 resurrectionis
1319 3761 1471 3822 babentia.
1518 3758 1577 3822 Sed
1601 3758 1639 3822 de
1663 3757 1809 3821 Oratione
1831 3779 1889 3842 pro
1912 3780 1999 3824 rnor-

620 3859 679 3920 tuis
702 3859 782 3922 alibi.
827 3859 947 3921 luterea
969 3859 1031 3941 legi
1055 3877 1116 3922 non
1138 3859 1285 3922 inutiliter
1307 3866 1451 3939 possunt,
1474 3877 1552 3940 quae
1575 3856 1614 3920 de
1636 3857 1695 3920 boc
1710 3867 1889 3940 argumento
1909 3878 1997 3924 com-

620 3959 768 4020 mentario
800 3975 855 4020 suo
890 3959 920 4019 in
953 3941 1169 4020 bibliothecam
1205 3957 1360 4039 Syriacam
1388 3955 1494 4019 llcbed
1529 3956 1605 4019 lesu
1641 3957 1769 4020 inseruit
1806 3957 1998 4023 Abrabamus

620 4055 824 4120 Echellensis:
848 4075 926 4137 quae
949 4058 1085 4120 auctiora
1107 4057 1243 4138 reposuit
1265 4056 1296 4118 in
1318 4055 1468 4138 Eutychio
1491 4055 1642 4118 vindicato
1673 4057 1821 4120 adversus
1848 4058 1998 4122 Joarmem

622 4141 802 4232 seldenum,
825 4163 887 4217 tum
909 4156 974 4236 ejus
997 4157 1026 4217 in
1050 4155 1243 4218 Prolessione
1264 4156 1590 4242 Romanalsuccessor
1612 4155 1740 4218 Faustus
1770 4157 1939 4238 Naironus,
1963 4157 1996 4220 in

620 4253 748 4335 Evoplia
765 4252 936 4331 Catholica,
960 4272 1038 4334 quae
1060 4255 1151 4317 multa
1167 4255 1302 4318 continet
1324 4256 1401 4317 scitu
1425 4255 1615 4335 dignissima:
1639 4263 1699 4316 tum
1716 4254 1824 4319 Ollicia
1846 4257 1998 4336 exequia-

621 4371 688 4415 rum
712 4352 839 4433 Coptica
862 4361 893 4415 et
915 4353 1057 4434 Syriaca,
1080 4361 1112 4417 et
1138 4354 1265 4416 existis
1294 4353 1426 4418 ollicium
1457 4354 1581 4434 syriace
1611 4355 1724 4418 Romae
1755 4355 1883 4434 editum,
1913 4356 1997 4436 quod

622 4453 834 4532 manuscriptis
856 4452 1011 4516 codicibus
1034 4452 1189 4517 conforme
1213 4462 1269 4516 est.

1197 4645 1318 4716 Oratio
1345 4646 1422 4717 oeli.

702 4835 796 4912 Hanc
818 4846 922 4911 Oratio
945 4848 986 4910 ita
1009 4846 1195 4929 appellatur,
1219 4849 1287 4928 quia
1311 4847 1369 4910 dici
1392 4848 1472 4911 solet
1494 4867 1561 4912 cum
1575 4847 1727 4914 Sacerdos
1749 4849 1920 4932 ingreditur
1941 4851 1996 4913 in-

621 4955 668 5010 tra
691 4946 802 5032 Βῆμα,
824 4951 890 5014 sive
912 4951 1020 5014 solium
1043 4950 1162 5031 altaris,
1186 4951 1267 5014 circa
1290 4951 1371 5033 quod
1393 4952 1493 5015 valum
1515 4953 1739 5034 praetenditur,
1770 4951 1849 5034 apud
1878 4951 1996 5015 Orien-

622 5044 713 5127 tales,
737 5057 769 5110 ut
792 5050 880 5111 etiam
908 5048 989 5130 apud
1019 5048 1170 5126 Graecos;
1199 5070 1238 5114 no
1265 5052 1350 5134 vulgi
1379 5051 1475 5116 oculis
1498 5071 1586 5117 sacra
1616 5055 1759 5134 mysteria
1788 5058 1995 5134 exponantur.
