4686 6060
726 553 1265 632 ntttlhntttrto.
1606 552 1678 627 391

306 743 476 838 golarem,
509 746 604 835 cujus
633 739 827 837 disciplinae
854 744 941 815 ratio
967 743 1029 814 vix
1056 741 1188 814 aliunde
1215 741 1312 837 quam
1339 740 1381 813 ab
1405 743 1546 837 antiquis
1566 735 1683 812 Ohor-

307 862 479 957 episcopis
506 857 582 930 duci
608 867 729 956 potest.
835 903 840 918 ·

410 973 549 1047 LXXV.
603 975 688 1062 Quia
713 995 800 1046 vero
831 973 1076 1064 Patriarcham,
1107 983 1143 1046 ut
1177 975 1277 1046 etiam
1301 971 1523 1068 Episcopum,
1556 969 1683 1044 hahere
1732 975 1841 1032 Ordines
1855 991 1945 1031 οων
1959 977 2010 1030 nisi

307 1088 488 1187 oportebat
513 1090 657 1163 Ordines
684 1111 803 1164 sacros
831 1112 967 1179 omnes,
998 1093 1029 1163 si
1062 1089 1207 1184 simplex
1240 1087 1423 1160 Monachus
1456 1097 1566 1179 esset,
1592 1086 1682 1159 Dia·
1695 1063 1925 1204 fflffifflw
1942 1079 2008 1117 ⁰⁰¹¹·

283 1229 414 1280 ‘conus
437 1206 661 1296 ordinabatur,
687 1228 797 1301 neque
825 1210 912 1278 errim
939 1206 1093 1280 videntur
1119 1204 1285 1277 Minorum
1313 1203 1483 1294 Ordinnm,
1511 1205 1684 1276 autetiam
1846 1189 1853 1206 '

308 1321 576 1396 Subdiaconatus
602 1324 766 1395 rationein
791 1319 964 1396 hahuisse:
996 1321 1057 1395 sed
1082 1323 1256 1392 interstitio
1289 1319 1355 1391 diei
1387 1323 1482 1392 unius
1509 1319 1683 1392 observa-

306 1436 429 1511 bantur
453 1442 540 1511 inter
567 1437 716 1530 singulos
744 1421 891 1528 ordinbs,
916 1440 962 1510 ita
985 1448 1021 1510 ut
1045 1440 1152 1534 primo
1169 1437 1350 1524 Diaconos,
1377 1435 1524 1509 secundo
1551 1436 1683 1510 Sacer-

310 1555 386 1644 dos,
413 1557 511 1626 tertio
538 1552 748 1627 ordinaretur
774 1555 903 1626 Komba
929 1577 990 1626 seu
1016 1552 1248 1647 Hegumenus3
1276 1549 1583 1646 expectabaturque
1611 1552 1683 1624 dies

309 1671 484 1743 DomInica
509 1669 551 1742 ad
577 1669 794 1742 ordinandum
821 1693 895 1742 eum
918 1668 1162 1756 Patrinrohum3
1188 1671 1406 1762 nequeenim
1432 1665 1499 1739 alio
1514 1664 1569 1738 die
1595 1666 1683 1762 Epi-

310 1788 409 1882 scopi
433 1789 626 1858 consecrari
662 1784 837 1858 dehebant.
896 1787 947 1858 lta
972 1784 1189 1859 observatum
1224 1804 1307 1875 erga
1333 1781 1530 1856 Michaelem
1561 1783 1684 1856 LXXI.

308 1901 431 1993 legitur
457 1905 491 1973 in
518 1904 590 1994 ejus
617 1904 697 1975 uita.
1280 1967 1294 1994 ‚
1534 1961 1537 1974 .

412 2016 567 2089 LXXVI.
610 2017 737 2088 Verum
772 2021 949 2110 antequam
981 2037 1097 2088 manus
1131 2015 1241 2086 electo
1279 2015 1545 2108 imponerentur,
1585 2024 1685 2109 atque
1734 2023 1833 2078 eattae
1851 2031 1896 2077 ιιιι
1912 2023 2012 2094 princi-

310 2139 408 2208 etium
436 2143 612 2230 anteqmm
638 2137 775 2230 primos,
804 2133 922 2229 quibus
948 2136 1123 2226 insignitus
1155 2131 1301 2205 nondum
1328 2140 1402 2202 erat
1429 2129 1572 2202 Ordines
1600 2151 1684 2203 sus·
1698 2113 1739 2180 ¹¹¹¹
1757 2111 1884 2166 mm·

311 2255 455 2348 ciperet,
495 2248 720 2323 deducebatur
746 2249 787 2321 ab
815 2245 994 2343 Episcopis
1029 2257 1063 2320 et
1088 2248 1268 2320 Laicorum
1299 2243 1499 2343 primoribus
1534 2245 1578 2317 ad
1611 2243 1686 2318 Ca·-

310 2367 402 2454 liiae,
429 2365 569 2452 Sultani,
595 2363 809 2438 Praelective
835 2366 1053 2460 praetorium,
1089 2375 1126 2436 ut
1157 2362 1278 2435 electio
1313 2359 1607 2457 comprobaretur,
1633 2364 1688 2434 si-

311 2482 445 2577 mulque
485 2471 701 2577 praeceptum
747 2479 972 2552 Ordinationis
1021 2478 1245 2569 obtineretur,
1284 2500 1329 2550 ne
1368 2480 1537 2550 contrario
1576 2475 1688 2572 aliquo

311 2597 468 2670 mandato
494 2599 750 2686 interveniente,
783 2595 980 2668 turbaretur.
1034 2596 1241 2691 Frequenter
1276 2594 1310 2665 id
1345 2591 1562 2666 observatum
1594 2595 1689 2666 initio

313 2734 424 2784 rerum
450 2710 782 2797 Muhamedanarum,
810 2719 845 2782 et
870 2719 990 2805 postea
1016 2712 1050 2781 in
1074 2709 1187 2804 legem
1214 2712 1353 2784 hansiit.
1405 2709 1545 2802 Legitur
1572 2708 1690 2779 invita

312 2829 422 2902 lsaaci
447 2825 535 2899 XLI.
564 2824 748 2919 Georgium
774 2827 959 2899 Diaconum
987 2827 1128 2900 electum
1164 2850 1184 2898 a
1219 2827 1338 2918 majori
1368 2835 1485 2922 perte,
1515 2825 1691 2898 deductum

314 2966 392 3017 esse
419 2942 461 3014 ad
491 2939 764 3016 Abdel-Azizum
790 2941 1012 3031 Praefectum,
1036 2944 1105 3033 jam
1121 2977 1124 2983 ·
1139 2951 1287 3014 assumto
1320 2951 1437 3012 ornatu
1463 2937 1690 3028 Patriarcheli,

314 3068 348 3131 et
374 3061 499 3131 irritam
524 3057 646 3130 factam
673 3062 746 3151 ejus
773 3056 972 3130 electionem
995 3061 1093 3151 jussu
1117 3058 1294 3153 Principis,
1321 3060 1461 3152 ejusque
1487 3057 1564 3129 loco
1591 3056 1692 3129 Isaa-

315 3196 390 3247 cum
424 3177 645 3246 constitutum.
687 3171 835 3248 Adibaut
867 3175 966 3264 igitur
993 3172 1164 3246 Sultanum
1198 3183 1254 3244 aut
1279 3172 1492 3245 Praefectum
1517 3169 1691 3268 Episcopi,

316 3288 645 3384 Christianorumque
670 3292 836 3385 primores
862 3288 975 3378 Laici,
1008 3287 1257 3384 offerebantque
1284 3288 1445 3378 electum,
1478 3298 1512 3361 et
1546 3292 1575 3364 si
1602 3311 1690 3384 pro-

315 3405 469 3495 babatur,
496 3407 605 3478 statim
629 3404 798 3501 Diploma,
826 3403 913 3500 quod
939 3404 1037 3501 supet
1063 3410 1137 3478 sive
1173 3405 1317 3497 sigillum
1343 3402 1526 3495 vocabant,
1553 3403 1691 3478 obtine-

316 3521 433 3610 batur,
461 3543 526 3616 quo
554 3521 776 3613 indignitate
810 3520 1084 3611 confirmabatur,
1119 3519 1381 3617 Christianisque
1413 3520 1514 3617 plena
1549 3519 1692 3594 inemtas

316 3636 565 3710 concedebatur
592 3660 668 3710 eum
685 3636 870 3710 ordinandi:
898 3647 964 3710 turn
988 3637 1141 3710 omnibus
1154 3636 1423 3733 praecipiebatur
1439 3638 1595 3732 principis
1621 3658 1694 3708 no-

316 3755 417 3842 mine,
443 3762 479 3825 ut
506 3775 622 3826 omnes
649 3764 805 3849 tanquam
831 3752 1047 3834 Patriarchae
1080 3775 1141 3827 suo
1178 3753 1215 3824 eiv
1246 3751 1526 3847 obtemperarent.
1578 3753 1693 3849 Saepe

317 3873 351 3940 in
377 3873 507 3962 gratim
535 3869 862 3960 demonstrationem,
890 3869 1105 3941 Orientalium
1120 3892 1227 3957 more,
1253 3879 1385 3942 vestem
1412 3892 1433 3940 a
1459 3867 1597 3943 Sultano
1626 3891 1691 3938 ac·
1744 3852 1748 3860 ’

318 3985 475 4081 cipiehat,
502 3982 728 4080 dabanturque
754 4007 801 4057 ex
827 3984 966 4058 cohorte
991 3988 1206 4082 praetoriana
1238 3987 1293 4080 qui
1320 4005 1396 4055 eum
1422 3985 1465 4056 ad
1492 3985 1594 4058 aedes
1618 3985 1691 4056 Pa-

317 4097 511 4174 triarchales
544 4099 767 4189 deducerent,
800 4101 900 4195 idque
932 4124 1000 4174 non
1035 4123 1113 4173 raro
1150 4122 1273 4194 magna
1305 4122 1427 4197 pompa
1466 4101 1590 4173 lactum
1631 4107 1693 4174 est.

318 4217 414 4287 'lunc
439 4218 528 4286 enim
554 4239 628 4287 cum
656 4213 832 4288 Christiani
859 4217 1032 4312 tranquille
1065 4227 1215 4309 agerent,
1249 4239 1377 4312 eosque
1410 4218 1539 4290 Sudtani
1571 4217 1693 4289 vexari

318 4330 616 4405 ahluhamedanis
643 4353 711 4404 non
737 4342 939 4428 paterentur,
966 4330 1144 4428 prodibant
1170 4332 1212 4405 ad
1248 4332 1357 4405 aulam
1390 4353 1512 4425 magno
1539 4330 1694 4428 psallen-

318 4449 404 4518 tium
424 4444 553 4536 ordine,
585 4469 696 4544 eoque
721 4448 822 4521 modo
859 4451 914 4544 qui
945 4451 980 4522 in
1013 4448 1156 4545 puhlicis
1188 4445 1483 4546 supplicationibus
1516 4445 1695 4520 observari

319 4561 459 4636 solebat
513 4560 644 4659 Nempe
671 4563 867 4636 sacerdotes
892 4564 1044 4638 vestibus
1072 4567 1178 4638 sacris
1207 4567 1331 4654 ornati,
1362 4562 1593 4661 procedebant
1618 4584 1695 4634 cum

320 4679 440 4766 cereis,
468 4675 632 4767 crucibus,
659 4677 922 4771 Evangeliomm
948 4678 1054 4770 libris,
1081 4691 1116 4751 et
1131 4678 1320 4769 thuribulis,
1347 4681 1495 4776 psahnos
1516 4687 1695 4750 canentes:

320 4789 477 4882 Diaconi,
505 4802 539 4864 et
566 4791 621 4865 alii
648 4817 694 4865 ex
722 4794 846 4866 Ordine
874 4792 1029 4866 Clericali
1062 4795 1254 4868 ordinatim:
1288 4804 1355 4866 turn
1381 4795 1542 4892 Episcopi
1575 4793 1696 4869 eodem

320 4906 433 4998 modo,
461 4918 495 4978 et
520 4907 750 4982 Patrinrcham
775 4931 902 4983 novum
928 4907 1117 5002 cingebant,
1144 4915 1200 5006 qui
1226 4913 1322 4986 asmo
1348 4909 1545 5002 vehebatur,
1573 4910 1696 4983 turned

319 5021 511 5095 imitandum
538 5024 728 5120 exemplum
755 5025 797 5100 D.
823 5025 907 5101 lesu
933 5025 1076 5118 Christi,
1108 5037 1176 5099 tum
1204 5027 1293 5124 quod
1319 5023 1407 5125 apud
1433 5023 1696 5102 Mulomedanos
