4778 6034
902 527 1227 604 PRAEFATIO.
1368 617 1370 622 ¹

377 743 486 823 saepe
524 719 631 794 unius
669 705 780 794 vocis'
796 707 980 818 'quamtis
1026 715 1166 794 errandi
1202 741 1328 798 causas
1369 716 1529 820 dederit,
1572 717 1646 796 dici
1681 741 1754 797 non
1824 761 1825 766 Ν

375 862 511 959 potest:
547 849 711 953 exempla
742 849 875 954 aliquot
907 848 1110 930 alienemus.

375 1036 383 1044 -
498 972 690 1063 Eduardus
710 981 913 1062 Pocockius
935 985 992 1060 vir
1010 980 1166 1062 Arabice
1189 986 1225 1060 in
1254 987 1377 1087 primis
1403 982 1552 1086 doctus,
1572 986 1608 1060 in
1631 982 1750 1062 Pme-
1858 1003 1914 1055 vm
1943 1003 2086 1059 uocatam

378 1119 509 1196 latione
545 1115 591 1193 ad
625 1119 740 1194 varias
775 1115 950 1194 lectiones
984 1119 1173 1194 versionis
1184 1116 1362 1196 Arabicae
1386 1141 1510 1196 sacme
1532 1115 1753 1218 Scripturas,
1767 1087 2099 1244 fflmfflssff

379 1276 471 1356 quae
505 1253 541 1327 in
578 1249 865 1329 Londinensibus
899 1247 1112 1352 Polpglottis
1139 1248 1233 1327 edita
1268 1263 1342 1353 est,
1385 1250 1504 1328 locum
1535 1248 1681 1329 adduxit
1708 1275 1755 1330 ex
1768 1259 1885 1313 cacan..
1923 1261 1988 1314 Tom-
2006 1263 2033 1314 ⁶·

379 1383 601 1486 Abollaragii
633 1383 789 1462 Historia
811 1383 1082 1484 Dynastiarum,
1118 1406 1225 1484 quam
1259 1395 1383 1486 postea
1418 1382 1575 1465 Arabiae
1611 1394 1647 1461 et
1680 1382 1756 1460 La-

378 1522 450 1596 tine
483 1515 603 1594 edidit.
677 1515 769 1594 Cum
815 1519 846 1593 is
888 1515 1066 1619 duplicem
1104 1515 1199 1620 apud
1233 1515 1347 1620 Syros
1388 1527 1510 1595 extare
1550 1519 1756 1596 versionem

378 1653 601 1752 scripsisset,
634 1650 829 1751 simplicem
856 1675 982 1751 unam,
1014 1650 1143 1728 laetam
1175 1662 1337 1753 tempore
1371 1650 1507 1729 llirami
1540 1649 1657 1754 Tyrii,
1700 1650 1758 1727 al-

377 1796 487 1862 teram
522 1807 570 1860 ex
591 1779 737 1862 Graecis
773 1782 1052 1886 exemplaribus:
1085 1782 1289 1862 Pocockius
1309 1809 1440 1862 vocem
1468 1782 1630 1886 obviam,
1664 1807 1757 1886 quae

383 1918 538 2018 llyrium
558 1915 736 2019 significat
760 1916 804 1994 ad
838 1915 939 1994 aliam
962 1915 1100 2019 periodi
1119 1927 1255 2019 partem
1283 1917 1420 2016 retulit,
1452 1928 1489 1997 et
1510 1915 1554 1993 ad
1578 1919 1757 2019 originem

380 2051 471 2129 illius
495 2048 702 2152 attendens,
730 2052 949 2152 liparutom,
981 2053 1104 2152 vertit,
1142 2061 1248 2153 atque
1270 2054 1317 2128 ita
1338 2050 1527 2156 appellavit
1550 2053 1757 2128 versionem

382 2183 564 2286 Syriacam
600 2207 647 2260 ex
672 2179 810 2262 Graeco
834 2181 973 2285 iactam,
1008 2181 1054 2260 de
1077 2208 1146 2286 qua
1168 2180 1394 2262 distinctione
1416 2207 1486 2262 uec
1507 2180 1756 2285 Abullaragio,

380 2343 448 2394 nec
470 2316 547 2394 aliis
569 2316 751 2394 autoribus
772 2319 807 2394 in
828 2327 985 2394 mentem
1006 2327 1165 2394 venerat.
1216 2315 1275 2396 Ex
1303 2316 1359 2394 illa
1391 2327 1509 2394 umen
1532 2299 1757 2394 distinctione

381 2450 593 2550 Waltonus,
639 2461 675 2527 et
707 2449 764 2528 alii
800 2453 975 2527 innumeri
1015 2448 1103 2530 duas
1141 2449 1217 2528 illas
1259 2453 1448 2528 versiones
1482 2449 1678 2550 simplicem
1721 2458 1758 2526 et

381 2583 566 2688 figuratam
602 2559 877 2686 excogitavere,
919 2608 1068 2686 quarum
1100 2584 1195 2661 nulla
1228 2582 1323 2685 apud
1358 2581 1472 2686 Syros
1506 2585 1626 2660 notitia
1660 2592 1726 2661 est.

501 2715 602 2794 ldem
636 2741 718 2794 cum
749 2715 974 2820 Abullaragii
1010 2717 1190 2795 historiam
1224 2715 1352 2818 edidit,
1394 2728 1431 2794 et
1469 2714 1517 2792 de
1555 2725 1680 2792 autore
1721 2717 1757 2791 in

380 2849 605 2928 Praelatione
647 2850 862 2951 dissereret,
903 2851 1129 2953 conjecturas
1174 2849 1221 2927 de
1264 2875 1310 2928 eo
1351 2851 1469 2927 varias
1514 2873 1561 2926 ex
1604 2847 1757 2927 diversis

383 2982 565 3062 autoribus
597 2986 804 3086 proposuit,
839 2983 1042 3087 exquibus
1076 2981 1194 3061 tamen
1229 2986 1311 3062 sciri
1347 2965 1539 3087 quidquam
1575 2980 1669 3059 aliud
1694 2984 1757 3058 vix

383 3127 519 3220 potest,
558 3118 625 3194 nisi
659 3115 755 3219 quod
774 3115 914 3193 lllalatia
947 3119 1026 3194 sive
1047 3114 1213 3194 Melitena
1247 3115 1421 3194 oriundus
1458 3113 1605 3216 luisset,
1637 3112 1757 3191 medi-

383 3254 496 3329 cinam
532 3274 615 3327 cum
653 3248 759 3326 laude
792 3253 1031 3351 exercuisset,
1073 3248 1243 3352 librisque
1285 3248 1388 3328 editis
1428 3248 1647 3327 illustrasset.
1715 3245 1756 3324 ln

382 3409 451 3461 una
490 3407 585 3460 voce
625 3381 757 3483 haesit,
803 3407 910 3486 quam
951 3385 998 3460 ita
1036 3386 1162 3484 vertit,
1206 3393 1245 3460 ut
1287 3381 1434 3462 honoris
1476 3406 1583 3460 causa
1628 3380 1755 3458 tributa

381 3513 614 3618 Abollaragio
637 3515 749 3594 luisse
770 3514 970 3614 videretur,
1002 3540 1133 3618 nempe
1162 3514 1260 3620 quod
1282 3515 1408 3595 luisset
1433 3515 1556 3596 tucca
1578 3511 1755 3612 (inieratis,

383 3652 418 3726 in
450 3673 519 3752 qua
550 3673 637 3727 sane
666 3673 736 3727 nec
764 3651 960 3752 interpreS,
993 3673 1063 3727 nec
1092 3650 1205 3728 lector
1235 3649 1414 3753 quidpiam
1445 3648 1540 3726 aliud
1572 3648 1755 3750 intelligat,

383 3807 488 3888 quam
512 3780 626 3860 laudis
650 3781 795 3884 plenum
817 3782 965 3861 titulum.
1026 3782 1076 3862 Αι
1105 3781 1327 3887 significabat
1357 3782 1413 3859 illa
1444 3780 1652 3884 dignitatem
1677 3779 1753 3858 Ca-

381 3916 522 4019 tholici,
563 3941 629 3996 seu
659 3928 698 3994 ut
728 3917 783 3993 alii
820 3915 941 3995 dicunt
971 3915 1091 4019 Papae
1126 3914 1301 4017 OrientiS,
1339 3939 1470 4017 nempe
1505 3913 1596 3992 illius
1628 3918 1755 4019 quiin

383 4048 547 4128 Ecclesia
580 4048 671 4151 Syra
714 4048 910 4128 Jacobltica
949 4021 1148 4130 secundum
1190 4048 1257 4128 sub
1291 4046 1495 4126 Patriarcha
1528 4045 1755 4126 Antiocheno

383 4181 502 4260 locum
529 4182 692 4285 tenebat,
714 4193 752 4262 ut
772 4181 1039 4287 Abullaragius.
1081 4184 1146 4263 Illo
1170 4184 1269 4262 titulo
1293 4184 1405 4264 semel
1427 4185 1617 4262 constituto
1641 4206 1756 4285 appa-

384 4315 495 4418 rebat,
519 4341 625 4420 quarn
648 4316 797 4394 ridicule
816 4341 837 4393 a
859 4317 1014 4420 quodam
1035 4320 1313 4397 contemtissimo
1338 4327 1462 4396 autore
1482 4313 1756 4416 llhdramedano,

384 4473 492 4552 quem
515 4462 633 4528 tamen
653 4448 857 4529 Pocockius
881 4454 1011 4554 citavit,
1034 4454 1204 4554 scriptum
1228 4450 1367 4552 luisset,
1394 4449 1491 4526 illum
1515 4474 1536 4525 a
1560 4446 1757 4527 Christiana

383 4581 574 4685 Religione
596 4581 957 4662 adllluhamedanam
980 4589 1194 4687 impietatem
1216 4582 1406 4662 defecisse.

505 4715 547 4793 ln
589 4714 736 4818 Erpenii
776 4721 946 4796 versione
989 4717 1111 4797 Latina
1155 4718 1321 4797 historiae
1368 4714 1624 4817 Saracenicae,
1675 4739 1756 4794 cum
1770 4719 1932 4854 cthrpniu
1960 4719 1985 4769 n
2003 4717 2082 4816 uiua

1810 4810 1971 4855 matranorum
1984 4803 2082 4873 ubique

385 4847 492 4924 multa
527 4860 629 4926 autor
661 4849 708 4927 de
735 4847 1014 4932 Christianomm
1050 4851 1158 4930 rebus
1191 4854 1448 4952 intermisceat,
1489 4852 1607 4928 omnia
1642 4873 1756 4951 prope
1768 4888 1849 4942 mm,
1867 4890 2002 4956 mmm,

384 4980 532 5086 intelligi
563 5005 636 5060 non
672 4995 845 5087 possunt,
890 4983 937 5062 ob
972 4985 1040 5064 stili
1077 4982 1321 5066 Ecclesiastici
1358 4989 1604 5090 ignorantiam.
1667 4982 1756 5075 Quis
