4760 6038
638 748 688 821 34
1147 745 1516 822 LITURGIA

631 937 898 1020 sanctissimum,
940 931 1125 1024 gloriosum
1157 942 1191 1004 et
1224 930 1454 1022 benedictum,
1493 954 1567 1002 curn
1602 932 1704 1004 Patre
1739 942 1797 1004 tuo
1830 930 1941 1024 bono,
1975 941 2010 1006 et

630 1050 753 1145 Spiritu
781 1057 908 1122 sancto.

732 1165 809 1238 Pax
835 1161 998 1236 omnibus.

733 1281 899 1368 nomine,
926 1279 1087 1352 Salvator
1112 1289 1249 1367 noster,
1283 1287 1412 1348 amator
1437 1275 1605 1350 bominum
1630 1277 1739 1369 bone,
1772 1284 1828 1374 qui
1854 1279 2007 1354 vivificas

631 1399 758 1470 animas
793 1405 946 1486 nostras,
982 1397 1037 1490 qni
1071 1395 1231 1466 tradidisti
1262 1403 1296 1464 te
1327 1397 1434 1488 ipsum
1468 1415 1532 1488 pro
1566 1393 1684 1484 nobis,
1718 1398 1753 1466 in
1778 1397 1918 1468 salntem
1944 1421 2006 1494 pro

628 1517 778 1609 peccatis
804 1513 947 1584 nostris:
975 1514 1030 1605 qui
1056 1512 1087 1580 in
1114 1508 1319 1581 multitudine
1344 1509 1595 1582 misericordiae
1614 1520 1691 1582 tuae
1709 1512 1839 1585 solvisti
1860 1516 2007 1587 inimici-

631 1634 695 1704 tias
721 1627 904 1700 hominurn:
932 1626 1129 1718 Unigenitus
1154 1625 1267 1715 Deus,
1294 1629 1350 1720 qni
1376 1648 1415 1698 es
1441 1629 1475 1698 in
1502 1629 1575 1701 sinn
1600 1628 1721 1700 Patris.

734 1745 841 1839 llyrie
868 1743 1005 1816 eleison.
1059 1741 1216 1814 Benedic.
1268 1742 1389 1813 Amen

736 1859 922 1932 Sacerdos.
976 1858 1041 1944 Qui
1066 1857 1268 1930 benedixisti
1293 1857 1351 1929 illo
1377 1866 1547 1953 tempore,
1573 1855 1715 1932 benedic
1740 1882 1839 1934 nnnc.

734 1976 898 2069 Populus.
947 1975 1068 2048 Amen

735 2091 922 2163 Sacerdos.
977 2089 1042 2175 Qui
1069 2089 1281 2164 sanctificasti
1306 2088 1363 2161 illo
1390 2099 1561 2186 tempore,
1589 2093 1759 2166 sanctifica
1784 2115 1883 2166 nunc.

736 2208 900 2301 Populus.
952 2205 1073 2278 Amen.

737 2323 925 2395 Sacerdos.
982 2323 1046 2407 Qui
1073 2321 1215 2394 divisisti
1240 2321 1298 2394 illo
1325 2331 1502 2418 tempore,
1529 2320 1640 2394 divide
1665 2345 1761 2396 nunc.

735 2437 898 2530 Populus.
951 2438 1071 2510 Amen.

739 2553 927 2626 Sacerdos.
982 2551 1049 2637 Qui
1075 2551 1195 2624 dedisti
1221 2554 1284 2624 tuis
1311 2551 1480 2648 discipulis
1507 2554 1629 2624 sanctis
1656 2563 1690 2624 et
1715 2554 1890 2651 Apostolis
1915 2560 2008 2652 puris

631 2671 689 2744 illo
717 2679 888 2765 tempore,
914 2690 1021 2761 nunc,
1048 2668 1212 2760 Domine,
1239 2668 1281 2739 da
1307 2665 1424 2758 noha,
1452 2675 1485 2739 et
1510 2671 1599 2740 omni
1624 2669 1748 2765 populo
1776 2683 1832 2745 tuo
1849 2678 2008 2769 omnipo-

632 2797 706 2858 tens
733 2784 877 2858 Domine
903 2784 998 2856 Dens
1023 2793 1150 2854 noster.

735 2903 923 2974 Diaconos.
978 2899 1093 2973 Orate.

1040 3159 1160 3229 Oratio
1184 3158 1371 3250 fractionis
1396 3158 1444 3227 ad
1468 3158 1601 3230 Filimn.
1655 3176 1662 3190 ·

735 3365 934 3438 Benedictus
954 3385 1010 3454 es,
1039 3362 1172 3436 Christe
1186 3361 1281 3434 Deus
1295 3365 1523 3458 omnipotens,
1550 3365 1709 3438 Salvator
1721 3365 1900 3440 Ecclesiae
1915 3378 2008 3443 tuae:

634 3481 783 3556 Verbum
815 3482 1021 3575 intelligibile
1054 3489 1088 3552 et
1121 3479 1222 3551 bomo
1254 3478 1414 3570 visibitis,
1448 3484 1503 3576 qui
1535 3503 1598 3576 per
1630 3484 1890 3556 incarnationem
1923 3497 2010 3559 tuam

631 3599 1021 3695 incomprehensibilem,
1047 3597 1256 3693 praeparasti
1283 3593 1380 3668 nobis
1406 3617 1527 3691 panem
1555 3597 1756 3687 coelestem,
1792 3621 1915 3696 corpus
1946 3599 2010 3670 boc

631 3727 723 3789 tuum
750 3727 900 3788 sanctum
926 3717 960 3786 in
986 3715 1167 3809 mysterio,
1194 3709 1345 3783 omnibus
1373 3710 1481 3784 modis
1508 3724 1668 3785 sanctum.
1720 3714 1885 3790 Misenisti
1914 3716 2010 3789 nobis

632 3833 772 3904 calicem
799 3855 845 3903 ex
871 3831 979 3903 lructn
1005 3833 1084 3903 vitis
1110 3849 1235 3916 verae,
1264 3850 1350 3920 quae
1378 3835 1431 3900 cst
1456 3826 1543 3902 latus
1571 3828 1718 3902 divinum
1751 3841 1841 3904 tunm
1876 3843 1910 3904 et
1941 3835 2010 3905 inr-

632 3947 853 4037 meculatum‚
881 3971 927 4018 ex
955 3967 1021 4042 quo
1048 3955 1222 4041 postquam
1249 3941 1411 4015 tradidisti
1437 3947 1605 4039 spiritum,
1633 3949 1781 4018 rnauavit
1806 3946 1904 4022 nobis
1925 3971 2009 4022 sen-

634 4066 708 4156 guis
736 4075 770 4136 et
796 4087 903 4159 aqna,
931 4085 1016 4157 quae
1043 4060 1198 4133 mundum
1223 4061 1417 4130 universnm
1443 4060 1711 4154 purificavenmt.
1764 4063 1914 4157 Aequine
1948 4083 2010 4135 nos

633 4179 713 4270 tibi,
741 4202 761 4251 o
789 4179 898 4269 bone,
925 4198 1047 4250 servos
1074 4186 1169 4249 tuos:
1195 4196 1259 4247 nos
1287 4173 1441 4266 indignos
1468 4173 1524 4246 fao
1551 4175 1609 4248 tibi
1634 4176 1791 4273 populum
1811 4200 2011 4274 congrega-

632 4305 723 4389 tum,
749 4318 915 4389 regnum‚
944 4293 1167 4367 sacerdotium
1195 4300 1229 4362 et
1253 4290 1412 4387 populum
1439 4290 1591 4364 electum.
1643 4292 1786 4366 Purifica
1818 4315 1901 4386 nos,
1932 4295 2011 4366 Do-

632 4415 740 4503 mine,
768 4415 854 4484 sicut
880 4411 1093 4484 sanctificasti
1119 4407 1180 4480 has
1207 4404 1394 4480 oblationes
1422 4410 1633 4504 propositas,
1661 4419 1695 4481 et
1720 4409 1830 4484 fecisti
1855 4411 1928 4484 illas
1953 4414 2011 4482 in·

632 4526 785 4602 visibiles
813 4549 860 4599 ex
887 4524 1092 4617 visibilibus,
1128 4532 1162 4595 et
1188 4525 1349 4618 mysteria
1375 4521 1435 4594 tibi
1461 4521 1526 4598 soli
1553 4526 1705 4618 cognita,
1740 4526 1886 4599 Domine
1920 4526 2012 4598 Deus

634 4653 667 4714 et
694 4641 854 4716 Salvator
880 4653 996 4716 noster
1022 4642 1105 4716 Jesu
1133 4638 1275 4712 Christe.
1329 4639 1380 4710 Tu
1407 4661 1470 4735 per
1496 4639 1703 4714 clementiam
1735 4651 1823 4715 mam
1859 4665 2012 4736 magnam

635 4756 746 4831 fecisti
772 4781 834 4832 nos
862 4758 983 4850 dignos
1010 4757 1168 4830 filiatione
1194 4778 1257 4852 per
1282 4752 1480 4850 baptismum
1508 4766 1678 4848 sanctum,
1712 4767 1745 4830 et
1776 4757 1917 4832 docuisti
1949 4776 2011 4831 nos

633 4872 776 4945 formam
804 4877 966 4946 orationis
994 4875 1178 4969 mysticae,
1208 4879 1257 4943 nt·
1277 4892 1339 4967 per
1363 4891 1440 4941 eam
1473 4873 1710 4946 invocaremus
1745 4875 1880 4947 Patrem
1913 4885 2011 4946 buum.

634 4989 689 5060 Tu
714 5010 822 5081 nunc,
850 4989 1014 5079 Domine,
1040 4989 1096 5061 iac
1121 5010 1184 5061 nos
1211 4987 1351 5078 dignos,
1377 4994 1414 5056 ut
1439 4981 1643 5061 conscientia
1669 4991 1790 5063 munda
1817 5001 1852 5062 et
1877 4992 2012 5083 eogita-

635 5109 727 5178 tione
743 5104 855 5197 bona,
879 5103 1154 5201 quemadmodum
1169 5103 1266 5176 decet
1280 5102 1385 5193 lilios,
1412 5124 1486 5173 cum
1501 5101 1668 5178 desiderio
1683 5115 1717 5178 et
1732 5106 1869 5197 fiducia,
1883 5107 2013 5179 audea-
