4684 6042
599 587 650 662 42
1105 587 1466 664 LITURGIA

701 775 884 846 Sacerdos.
923 772 1108 865 Sacrificio,
1135 775 1388 870 oblationesque
1406 778 1440 846 in
1455 777 1637 868 gratianum
1654 777 1828 870 actionem,
1854 798 1968 852 eorum

598 895 654 988 qui
680 892 820 965 olierunt
845 889 974 963 laudem
1002 901 1036 963 et
1061 892 1203 985 gloriam
1229 894 1354 962 nomini
1381 903 1436 964 tuo
1464 903 1592 964 sancto.

624 1043 630 1050 ·
699 1008 887 1080 Diaconos.
941 1007 1043 1080 Orate
1077 1031 1141 1104 pro
1176 1008 1238 1082 ibis
1274 1012 1330 1103 qui
1361 1008 1404 1081 de
1430 1031 1505 1100 suo,
1532 1008 1695 1080 sacrilicia
1722 1017 1756 1079 et
1782 1006 1966 1082 oblationes

595 1125 755 1198 lecerunt.

698 1239 882 1312 Sacerdos.
935 1239 1078 1337 Suscipe
1114 1263 1155 1312 ea
1190 1263 1292 1336 super
1324 1240 1429 1314 altare
1460 1251 1550 1314 tuum
1584 1241 1772 1338 spirituale,
1806 1243 1967 1334 coeleste,

597 1381 670 1430 cum
698 1357 804 1430 odore
837 1356 956 1449 thuris,
996 1356 1038 1429 ad
1069 1360 1277 1448 majestatem
1310 1368 1398 1430 tuam
1424 1356 1624 1448 coelestem,
1656 1380 1718 1454 per
1751 1361 1965 1430 ministerium

595 1473 815 1566 Angelorum,
841 1483 875 1544 et
890 1471 1178 1566 Archangelorum
1205 1483 1335 1546 tuomm
1351 1484 1554 1562 sanctorum,
1581 1477 1667 1548 sicut
1681 1472 1769 1546 adte
1788 1477 1964 1570 suscepisti

596 1612 734 1661 munera
747 1592 828 1681 justi
842 1587 944 1678 Abel,
968 1599 1003 1660 et
1027 1589 1223 1662 sacrificium
1244 1593 1347 1684 patris
1365 1595 1470 1664 nostri
1489 1589 1685 1678 Abrabam,
1706 1599 1741 1661 et
1759 1593 1883 1662 minuta
1898 1590 1963 1663 duo

596 1705 727 1777 viduae.
779 1706 829 1778 lta
844 1728 976 1801 quoque
998 1715 1079 1778 vota
1097 1727 1274 1778 servorum
1294 1715 1425 1779 morum
1442 1717 1581 1804 accepta
1598 1704 1702 1778 babe:
1730 1709 1805 1780 sive
1820 1705 1967 1798 multum,

597 1825 673 1893 sive
698 1844 815 1917 parum
841 1825 902 1912 sit3
929 1832 1061 1896 secreto
1089 1831 1146 1893 aut
1170 1821 1365 1913 monifeste;
1398 1834 1433 1895 et
1458 1821 1522 1898 illis
1550 1827 1605 1918 qui
1631 1821 1809 1896 voluerunt
1835 1823 1968 1915 offerre,

597 1958 661 2008 neo
687 1937 775 2010 unde
790 1937 941 2010 lacerent
957 1936 1158 2010 babuerunt:
1184 1947 1220 2010 ut
1246 1942 1345 2012 etiam
1368 1937 1432 2012 illis
1461 1943 1516 2034 qui
1535 1938 1635 2012 bodie
1655 1938 1740 2010 baec
1760 1938 1818 2011 tibi
1832 1963 1968 2012 munera

599 2053 797 2145 obtulerunt,
817 2053 859 2126 de
885 2053 1144 2150 incorruptibilia
1169 2077 1232 2150 pro
1253 2055 1538 2152 corruptibilibus:
1561 2055 1720 2128 coelestia
1731 2077 1794 2152 pro
1811 2059 1967 2130 terrenis:

599 2181 736 2244 aeterna
752 2194 815 2268 pro
838 2169 1095 2267 temporalibus:
1124 2170 1241 2244 domos
1255 2194 1370 2244 eorum
1389 2181 1424 2244 et
1445 2171 1548 2247 cellas
1561 2175 1740 2267 penuariae
1757 2171 1851 2267 reple
1871 2171 1968 2245 bonis

599 2287 760 2362 omnibus.
815 2287 992 2361 Circumda
1018 2309 1091 2376 eos,
1116 2288 1273 2378 Domine,
1287 2298 1454 2385 potestate
1468 2289 1678 2381 Angelorum
1704 2298 1738 2361 et
1762 2288 1968 2383 Archange-

598 2405 706 2476 lomm
732 2416 863 2478 tuorum
889 2415 1095 2480 sanctorum:
1123 2413 1157 2475 et
1183 2408 1268 2477 sicut
1293 2415 1460 2478 memores
1486 2403 1619 2477 luerunt
1636 2408 1778 2479 nominis
1794 2407 1838 2476 tui
1864 2410 1970 2480 sancti

599 2544 700 2617 super
727 2531 866 2610 terram,
905 2531 1071 2593 memento
1105 2520 1235 2594 illorum
1261 2525 1295 2592 in
1321 2543 1429 2615 regno
1456 2531 1525 2613 tuo,
1552 2525 1645 2594 etin
1672 2519 1736 2593 hoc
1762 2521 1898 2594 saeculo
1925 2544 1969 2594 ne

598 2637 807 2732 derelinquas
834 2659 905 2709 eos.

700 2755 842 2825 Domine
869 2755 1038 2826 miserere.

699 2869 886 2940 Diocoooo.
940 2869 1041 2941 Orate
1067 2891 1129 2965 pro
1156 2871 1225 2941 vita
1252 2879 1286 2941 et
1311 2871 1532 2942 incolumitate
1558 2868 1770 2942 Patriarcbae
1803 2879 1837 2942 et
1862 2870 1969 2941 Patris

597 2989 703 3058 nostri
729 2983 954 3077 venerabilis,
986 2984 1243 3081 Arcbiepiscopi
1277 2985 1385 3058 Patris
1418 2986 1459 3058 N.
1487 2997 1523 3058 ut
1549 2986 1700 3060 Ciuistus
1733 2987 1828 3058 Deus
1854 2992 1969 3056 noster

599 3112 779 3176 conservet
804 3106 908 3174 vitam
935 3104 1007 3194 ejus
1035 3100 1078 3173 ad
1104 3101 1224 3175 multos
1251 3124 1369 3194 annos,
1396 3125 1437 3174 ac
1464 3100 1668 3198 temporibus
1694 3100 1887 3197 tranquillis.

610 3258 615 3268 ι
699 3217 883 3291 Soccrdoc.
936 3217 1162 3290 Patriarcbam
1195 3229 1347 3292 nostrum
1380 3218 1608 3292 venerabilem
1643 3216 1775 3290 Patrem
1801 3217 1901 3290 Anba
1927 3216 1968 3289 N.

597 3335 814 3408 custodiendo
841 3357 1009 3408 conserva
1034 3335 1133 3408 nobis
1160 3335 1203 3408 ad
1228 3333 1349 3408 multos
1377 3357 1496 3426 annos,
1532 3343 1566 3406 et
1591 3357 1653 3431 per
1679 3333 1852 3430 tranquilla
1879 3345 1969 3406 tem-

597 3474 694 3547 pora,
720 3460 756 3522 ut
782 3451 957 3547 adimpleat
991 3449 1141 3546 perfecte
1181 3451 1322 3524 cilicium
1355 3454 1463 3524 sancti
1495 3448 1708 3524 Pontificatus
1736 3454 1792 3546 qui
1819 3449 1864 3522 illi
1891 3473 1910 3520 a
1936 3458 1970 3521 tc

597 3568 737 3642 collatus
764 3577 832 3659 est,
868 3567 1048 3641 secundum
1073 3567 1279 3640 voluntatem
1314 3576 1403 3639 tuam
1443 3578 1591 3640 sanctam
1624 3577 1658 3639 et
1692 3566 1844 3656 beatam,
1879 3575 1971 3637 recte

599 3685 795 3781 dispensans
822 3685 964 3758 verbum
989 3687 1156 3774 veritatis,
1192 3694 1227 3756 et
1258 3705 1403 3782 pascens
1435 3682 1593 3779 populum
1620 3693 1708 3756 tuum
1736 3686 1768 3754 in
1796 3685 1970 3756 sanctitate

592 3813 634 3874 ct
655 3804 792 3893 justitia.
847 3800 1007 3875 Concede
1032 3800 1078 3873 illi
1104 3812 1138 3872 et
1163 3799 1261 3874 nobis
1293 3821 1412 3896 pacem
1447 3808 1481 3871 et
1513 3799 1653 3872 salntem
1680 3821 1731 3871 ex
1764 3821 1969 3894 quacumque

598 3927 711 4012 parte:
739 3928 773 3989 et
799 3939 922 4014 preces
949 3919 1021 4008 ejus
1049 3939 1131 4012 quas
1158 3916 1238 3988 lacit
1262 3940 1326 4012 pro
1353 3914 1451 4016 nobis
1473 3904 1518 3988 ¹et
1543 3939 1605 4012 pro
1634 3916 1872 4012 omnipopnlo
1899 3923 1968 4005 tuo,

595 4045 632 4106 ut
658 4057 717 4106 eas
739 4057 905 4129 quaepro
921 4032 978 4104 illo
1006 4055 1026 4104 a
1052 4031 1150 4105 nobis
1176 4032 1267 4121 liunt,
1287 4035 1422 4128 suscipe
1435 4055 1494 4105 eas
1508 4032 1550 4105 nd
1564 4043 1596 4104 te
1623 4053 1724 4127 super
1750 4033 1854 4103 altare
1881 4041 1970 4104 tuum

597 4151 806 4241 rationabile,
834 4149 982 4222 coeleste
1009 4172 1083 4220 cnm
1110 4148 1216 4222 odore
1243 4149 1356 4222 thuris.
1409 4150 1564 4223 Inimicos
1586 4171 1719 4245 quoque
1746 4151 1819 4240 ejus
1841 4167 1969 4238 omneS,

597 4268 748 4341 visibiles
776 4276 809 4339 et
834 4264 1039 4355 invisibiles,
1074 4277 1213 4338 contere
1239 4276 1272 4338 et
1300 4265 1407 4357 dejice
1434 4266 1495 4340 sub
1523 4264 1663 4361 pedibus
1691 4267 1763 4358 ejus
1790 4263 1967 4337 velociter:

597 4384 688 4456 illum
715 4406 847 4479 quoque
875 4403 1042 4456 conserva
1069 4385 1103 4453 in
1129 4404 1214 4478 pace
1241 4392 1275 4454 et
1296 4385 1434 4474 justitio,
1460 4385 1494 4453 in
1519 4379 1675 4456 Ecclesia
1700 4393 1755 4453 tua
1782 4390 1907 4453 sancta.

700 4502 845 4572 Domine
870 4502 1040 4571 miserere.

700 4615 888 4687 Diaconos.
941 4614 1044 4687 Orate
1070 4637 1131 4711 pro
1159 4614 1307 4711 patribus
1332 4619 1456 4688 nostris
1472 4613 1648 4711 Episcopis
1674 4611 1871 4707 ubicumque
1894 4615 1968 4704 sint,

599 4741 635 4801 nt
661 4727 810 4802 Christus
837 4732 930 4803 Dens
963 4741 1078 4804 noster
1112 4743 1293 4805 conservet
1326 4735 1428 4804 vitam
1462 4753 1597 4821 eornm,
1632 4729 1676 4801 ad
1700 4728 1820 4801 multos
1848 4748 1967 4818 annos,

599 4869 662 4942 per
687 4854 837 4941 tempora
866 4848 1049 4942 tranquilla,
1076 4859 1110 4919 et
1134 4858 1250 4943 parcat
1275 4848 1383 4921 nobis.

702 4961 885 5034 Sacerdos.
937 4962 1127 5054 Memento,
1159 4965 1322 5056 Domine,
1356 4963 1601 5061 Episcopornm
1635 4961 1905 5035 Ortbodoxorum
1935 4963 1969 5032 in

601 5101 807 5176 quocumque
823 5078 900 5152 loco
917 5084 997 5153 sint:
1020 5077 1251 5173 sacerdotum,
1265 5081 1505 5174 Diaconorum,
1519 5079 1818 5169 smdiaconorum,
1836 5063 1969 5150 Lecto-
