4686 6060
673 533 749 608 334
1180 533 1467 612 ,NOTAE

672 718 832 782 diversitas
855 719 937 782 nulla
959 719 1013 782 sit:
1036 720 1111 782 ritus
1134 737 1210 781 vero
1233 735 1295 782 non
1316 719 1406 783 modo
1429 720 1460 782 in
1482 720 1613 784 diversis
1637 721 1802 784 Provinciis
1824 726 1909 798 (nam
1931 711 2035 784 multis

671 817 879 882 Alexandrina
906 819 1065 882 Dioecesis
1100 817 1402 900 complectebatur),
1435 819 1491 883 sed
1521 822 1552 883 in
1587 837 1648 883 una
1677 819 1753 884 urbe
1784 838 1841 901 per
1874 818 2036 897 Ecclesiae,

670 919 790 1000 possint
812 937 881 982 csse
905 918 1034 982 diversi:
1066 925 1099 981 ut
1131 917 1162 979 in
1184 916 1345 1000 Aegypto,
1368 918 1540 1002 singulares
1564 918 1710 1000 quosdam
1732 918 1883 982 habebant
1903 917 2040 982 blonacbi

671 1019 768 1081 sancti
789 1018 924 1098 Macarii,
948 1017 1029 1100 quod
1051 1016 1229 1081 Abulbircat
1252 1025 1281 1080 et
1304 1017 1353 1080 alii
1372 1024 1528 1081 testantur.
1572 1019 1685 1081 Verum
1704 1018 1731 1080 si
1752 1019 1894 1083 momenti
1916 1017 2039 1098 alicujus

674 1116 834 1180 discrimen
861 1118 941 1181 inter
976 1117 1042 1181 illas
1070 1117 1224 1200 Liturgias
1253 1116 1401 1197 aliquibus
1433 1116 1590 1180 observari
1619 1133 1714 1198 posse
1743 1117 1950 1194 existimetur,
1984 1117 2040 1180 illis

671 1217 851 1298 praesertim
874 1218 925 1300 qui
948 1218 1014 1280 illas
1037 1217 1137 1282 obiter
1159 1224 1272 1280 tantum
1293 1217 1507 1298 inspexerunt,
1536 1233 1573 1278 ea
1597 1215 1677 1278 illius
1704 1235 1795 1280 causa
1820 1215 1940 1279 videtur
1964 1235 2041 1296 esse,

673 1316 755 1396 quod
769 1317 827 1380 ista
841 1317 939 1380 Marci
958 1334 1018 1380 nou
1033 1324 1093 1378 tam
1116 1316 1153 1380 ad
1167 1315 1332 1392 Jacobitas,
1356 1334 1443 1398 quam
1465 1314 1503 1378 ad
1518 1313 1712 1379 Ortbodoxos
1725 1314 1950 1380 Alexandrinos
1974 1316 2042 1379 olim

672 1417 829 1496 pertinuit,
849 1436 916 1479 cum
933 1417 964 1480 in
986 1435 1022 1478 ea
1042 1417 1095 1478 vir
1110 1415 1271 1498 quidquam
1285 1415 1565 1497 Monopbysitarum
1585 1414 1742 1479 doctrinae
1758 1413 1855 1478 simile
1866 1416 2043 1496 reperiatur.

672 1515 739 1579 Nec
762 1513 860 1592 aliam,
883 1524 916 1578 ut
938 1517 1152 1593 existimamus,
1177 1514 1348 1596 designavit
1369 1514 1491 1576 Marcus
1514 1514 1686 1578 Patriarcba
1708 1514 1953 1594 Alexandrinus,
1976 1532 2042 1578 eum

349 1583 455 1722 [ἐπ’
465 1584 615 1740 ,Ὑέδέ
633 1588 659 1637 ⁵·
675 1615 714 1679 de
736 1614 787 1678 illa
809 1615 988 1679 sententiam
1011 1613 1163 1678 Theodori
1184 1611 1370 1676 balsamonis
1393 1613 1579 1694 exquireret.

383 1875 415 1929 P·
434 1877 496 1931 ¹20·
515 1878 532 1930 l
551 1879 596 1933 12.
984 1872 1295 1975 Εὐχαριστοῦμεν,
1323 1880 1386 1945 alc.
1422 1874 1565 1946 Gratias
1591 1877 1730 1968 agimus.

771 2087 868 2166 Herc
892 2106 938 2161 est
960 2097 1058 2161 oratio
1081 2095 1250 2160 Gratianum
1272 2094 1417 2174 actionis,
1445 2102 1480 2157 ut
1500 2103 1627 2158 vocatur
1647 2095 1678 2157 in
1702 2094 1834 2176 Copticis
1857 2095 2042 2177 exemplari-

672 2201 741 2280 bus,
765 2222 843 2285 quae
866 2202 1015 2266 hocloco
1044 2220 1105 2265 non
1135 2200 1271 2264 eamdem
1299 2199 1388 2263 modo
1412 2200 1608 2276 sententiam,
1632 2197 1687 2261 sed
1709 2199 1775 2281 ipsa
1797 2197 1891 2262 verba
1913 2216 2042 2280 reprae-

673 2310 780 2366 sentat.
824 2301 902 2366 Vide
924 2310 1010 2365 notas
1033 2301 1071 2365 ad
1095 2320 1162 2364 eum
1184 2299 1293 2362 locum.

1191 2510 1387 2654 Orate'prc
1414 2559 1521 2654 Rege.

761 2770 952 2850 Vsnrannuu
980 2783 1081 2863 potius
1110 2779 1179 2859 luit,
1206 2800 1265 2860 pro
1292 2781 1497 2862 Imperatore:
1526 2798 1594 2842 nam
1621 2779 1696 2843 baec
1730 2782 1827 2844 oratio
1855 2779 1944 2842 simul
1974 2797 2040 2842 cum

672 2886 737 2949 aliis
765 2885 947 2964 liturgicis,
977 2882 1089 2962 scripta
1122 2888 1170 2944 est
1203 2888 1362 2963 antequam
1389 2882 1597 2946 blubamedani
1629 2882 1804 2968 Aegyptum
1837 2884 2040 2966 subegissent.

672 2987 814 3069 Copticas
836 2983 987 3063 Liturgias
1009 2980 1161 3061 Josepbus
1186 2977 1324 3064 Scaliger
1345 2985 1528 3046 vetustiores
1555 2981 1678 3046 Graecis
1702 3002 1771 3047 esse
1794 2982 1948 3060 censebat,
1972 2983 2040 3065 quia

672 3095 771 3150 stante
801 3083 897 3146 adhue
927 3079 1061 3143 Romano
1095 3079 1223 3160 lmperio
1257 3081 1389 3161 scriptae
1418 3080 1611 3145 videbantur:
1648 3090 1679 3145 at
1708 3083 1855 3146 Graecum
1885 3083 2040 3165 exemplar

672 3184 844 3267 primarium
866 3189 897 3245 et
920 3179 1115 3262 archetypum
1137 3197 1218 3256 esse,
1242 3180 1376 3260 quamvis
1399 3180 1490 3242 multa
1512 3188 1689 3262 argumenta
1711 3198 1770 3243 non
1793 3179 1973 3262 probarent,
2000 3202 2039 3246 ex
2143 3238 2148 3246 .

672 3287 731 3348 ista
754 3293 784 3348 et
807 3280 922 3346 duabus
953 3279 1018 3343 aliis
1040 3279 1186 3363 Liturgiis
1214 3277 1428 3341 Alexandrinis
1457 3277 1582 3342 Graecis
1604 3279 1834 3344 demonstratur.
1878 3281 1961 3345 lllam
1983 3301 2039 3344 au-

671 3392 751 3460 tem,
779 3390 812 3445 ut
842 3379 958 3443 Graece
982 3386 1074 3457 extat,
1097 3379 1274 3455 orationem,
1297 3379 1477 3441 immutatam
1500 3379 1537 3442 ab
1561 3379 1681 3460 antiqua
1703 3378 1834 3443 lectione
1848 3398 1918 3442 esse
1936 3383 2040 3464 suspi-

672 3501 784 3562 camur,
809 3479 929 3564 quando
953 3487 984 3542 ut
1007 3497 1040 3541 se
1063 3477 1164 3556 babet,
1187 3495 1249 3539 non
1271 3477 1361 3540 modo
1385 3477 1562 3541 Christianis
1585 3479 1788 3560 principibus,
1812 3478 1866 3541 sed
1890 3478 1956 3542 aliis
1979 3498 2038 3562 po-

671 3589 731 3644 test
753 3579 934 3654 convenire;
958 3597 1024 3640 cum
1048 3579 1078 3640 in
1100 3576 1242 3660 Liturgiis
1266 3574 1603 3659 Constantinopolitanis
1626 3585 1657 3640 et
1679 3577 1756 3655 aliis,
1780 3579 1869 3641 etiam
1893 3577 2038 3642 Orienta-

669 3681 759 3758 libus,
783 3699 876 3762 saepe
899 3677 1068 3761 adjunctum
1090 3677 1263 3758 reperiatur
1283 3674 1419 3756 πιστῶν,
1442 3677 1597 3741 Fidelium.
1642 3677 1696 3741 Est
1720 3677 1809 3741 etiam
1831 3679 1911 3741 unde
1933 3680 2037 3760 suspi-

670 3799 773 3843 cemur
794 3782 880 3842 istam
903 3779 1068 3840 orationem
1091 3784 1122 3838 et
1143 3775 1275 3857 reliquas
1298 3794 1376 3856 quae
1398 3783 1566 3857 sequuntur
1587 3795 1658 3838 esse
1680 3783 1894 3858 transpositas:
1918 3796 1986 3840 cum
2006 3779 2038 3841 in

671 3878 736 3942 aliis
767 3879 910 3962 Liturgiis
938 3875 1135 3939 Alexandrini
1160 3876 1235 3938 ritus
1274 3883 1440 3955 sequantur
1468 3874 1641 3938 Orationem
1668 3874 1891 3956 Absolutiomb,
1927 3878 1975 3940 cui
2007 3879 2037 3940 in

670 3979 788 4042 Graeco
811 3978 916 4042 codice
939 3975 1149 4058 praemittitur.

917 4237 1156 4309 Beatissimam
1181 4236 1384 4330 Pontificem
1408 4243 1558 4308 nostrum
1583 4235 1718 4330 Papum
1744 4235 1789 4306 N.

763 4449 836 4529 Hoc
859 4458 928 4522 loco
950 4475 1012 4520 non
1034 4457 1135 4540 agitur
1156 4456 1194 4520 de
1216 4457 1350 4520 Romano
1373 4456 1535 4536 Pontilice,
1561 4456 1617 4520 sed
1646 4455 1685 4518 de
1706 4455 1876 4519 Palmarcba
1898 4455 2034 4520 Alexan-

621 4583 625 4590 '
670 4565 768 4643 drino,
792 4565 841 4626 cui
855 4561 962 4642 Papae
983 4579 1093 4624 nomen
1115 4559 1225 4623 dudum
1247 4560 1395 4638 tribuitur,
1419 4577 1480 4622 non
1503 4561 1542 4624 ob
1565 4558 1707 4623 insulsam
1721 4559 1859 4641 Eutycbii
1877 4562 2033 4637 rationem,

364 4645 470 4714 W·
490 4646 552 4698 Ἠ·
568 4664 594 4716 Ρ·
612 4647 656 4698 ⁷⁴·
670 4667 770 4746 quasi,
793 4661 874 4744 quod
896 4668 979 4725 esset
1000 4661 1089 4722 Pater
1110 4659 1337 4742 Episcoporum,
1361 4660 1412 4741 qui
1433 4659 1537 4722 Patres
1559 4660 1664 4723 vocari
1686 4657 1835 4737 solebant,
1857 4661 1923 4742 ipse
1936 4660 2033 4740 Papo,

669 4765 727 4828 boc
750 4771 797 4826 est
820 4780 912 4839 avus,
936 4759 1159 4842 appellaretur,
1182 4760 1238 4823 sed
1261 4779 1300 4823 ex
1321 4759 1525 4822 vetustissima
1548 4757 1778 4839 consuetudine,
1810 4758 1848 4822 de
1877 4779 1935 4842 qua
1965 4758 2034 4823 alibi

668 4865 779 4927 dictum
802 4869 859 4924 est.
904 4859 992 4937 Quod
1014 4861 1040 4922 si
1062 4858 1225 4921 blakrinius
1247 4865 1278 4922 et
1300 4858 1350 4922 alii
1370 4858 1506 4920 nonnulli
1532 4857 1711 4939 Eutycbium
1739 4860 1835 4924 secuti
1862 4867 1949 4938 sunt,
1976 4859 2033 4920 bo-

667 4963 753 5025 minis
776 4961 906 5046 dignitas
930 4977 983 5023 eos
1007 4958 1216 5022 circumvenit:
1239 4977 1339 5041 neque
1352 4957 1586 5022 blubamedanus
1609 4957 1744 5021 divinare
1766 4967 1886 5041 poterat
1900 4959 2033 5024 Patriar-
