4736 6064
650 663 726 741 502
1028 661 1649 741 uusanvnlluntts

649 850 800 931 suspicari
822 849 960 931 proclive
981 848 1077 929 foret,
1106 847 1226 910 turbata
1253 845 1348 908 fuisse
1374 863 1432 926 per
1459 847 1617 927 imperitos
1645 845 1800 908 Librarius
1829 847 2028 928 exemplaria,

650 969 691 1012 ex
713 949 821 1031 quibus
850 948 942 1012 editio
965 947 1100 1012 Romana
1127 946 1205 1010 lacta
1234 944 1303 1008 luit:
1335 943 1426 1027 idque
1455 963 1493 1010 eo
1524 945 1642 1008 facilius
1671 945 1826 1027 conjicere
1854 964 2028 1028 possumus,

650 1048 731 1128 quud
754 1048 846 1113 multa
869 1048 959 1112 hahet
982 1049 1045 1112 suis
1068 1047 1144 1110 lucis
1166 1061 1228 1108 nun
1249 1046 1359 1126 posita,
1382 1045 1551 1126 mendaque
1573 1044 1696 1108 infinita
1743 1043 1819 1108 Nam
1842 1063 2029 1110 commemo-

649 1148 785 1210 rationes
807 1156 994 1212 mortuorum
1018 1147 1091 1210 duas
1115 1152 1256 1208 accurate
1279 1144 1434 1207 distinctas
1458 1144 1720 1207 animadvertimus
1743 1145 1775 1206 in
1798 1144 1946 1208 Orientali
1968 1164 2030 1210 non

649 1247 758 1322 minus,
782 1265 870 1326 quam
892 1247 922 1307 in
946 1243 1134 1309 occidentali
1156 1242 1305 1321 Ecclesia,
1329 1251 1360 1306 et
1381 1245 1412 1305 ιιι
1428 1242 1545 1306 Graeca
1559 1263 1600 1306 ex
1622 1261 1681 1324 qua
1695 1241 1798 1306 Officia
1820 1260 1909 1306 sacra
1931 1246 2030 1307 omnia

651 1342 809 1424 Syrorum,
833 1344 1029 1424 Coptitarum,
1059 1342 1252 1424 Aethiopum,
1276 1343 1472 1424 aberamque,
1495 1350 1620 1424 praeter
1642 1341 1778 1420 Latinos,
1800 1342 1949 1423 originem
1971 1344 2030 1406 ha·

651 1443 793 1509 buerunt.
840 1443 1018 1508 Sanctorum
1041 1443 1161 1505 nomina
1185 1450 1465 1516 commemorantur,
1490 1449 1523 1506 ut
1544 1441 1628 1504 Deus
1651 1459 1708 1522 per
1729 1441 1849 1504 illorum
1871 1443 2030 1504 interven-

652 1543 765 1604 tionem
787 1550 818 1606 et
840 1543 1006 1618 orationes,
1029 1541 1117 1604 nobis
1140 1541 1268 1624 gratiam
1289 1541 1410 1604 illorum
1428 1543 1555 1604 virtutos
1578 1548 1609 1603 et
1633 1540 1773 1621 exempla
1796 1541 1929 1604 imitandi
1952 1560 2031 1605 con-

654 1640 753 1719 cedat,
778 1650 808 1705 et
830 1641 988 1704 nobiscum
1010 1639 1248 1708 misericorditer
1277 1647 1357 1722 agat.
1408 1639 1515 1704 Altera
1546 1641 1790 1704 commemoratio
1820 1639 2031 1704 defunctorum

652 1759 691 1804 eu
716 1741 844 1803 consiliu
868 1739 1052 1818 celebratur,
1074 1747 1107 1801 ut
1128 1738 1211 1802 Deus
1234 1740 1309 1820 ipsis
1330 1746 1458 1820 peccata
1481 1739 1617 1816 dimittet,
1640 1739 1777 1820 requiem
1799 1738 1859 1802 illis
1881 1748 2028 1822 praestet,

656 1846 687 1903 ct
709 1838 976 1924 inlheatitudinem
998 1838 1129 1901 inducat.
1175 1837 1257 1901 llaec
1280 1837 1339 1900 duo
1362 1846 1421 1901 ιιιιι
1452 1838 1584 1917 diversa,
1607 1845 1637 1902 et
1666 1847 1808 1920 separata
1833 1839 1864 1900 ιιι
1891 1841 2030 1904 omnibus

651 1938 806 2021 Liturgiis,
829 1939 859 2000 in
881 1939 939 2002 ista
962 1938 1194 2016 confunduntur,
1219 1955 1326 2000 errore
1349 1937 1449 2017 potius
1479 1937 1670 2002 librariorum
1693 1947 1724 2002 ct
1745 1939 1912 2020 imperitia,
1941 1956 2031 2018 quam

380 2067 455 2139 pm,
483 2069 507 2121 Τ,
532 2071 558 2123 5.
577 2069 593 2122 ι,
612 2068 639 2121 8,
653 2056 693 2100 ex
715 2056 751 2100 ea
775 2037 917 2118 opinione
940 2039 971 2100 in
994 2056 1081 2120 quam
1105 2036 1213 2100 Graeci
1235 2037 1384 2118 sequioris
1407 2035 1476 2100 aev'i
1498 2036 1576 2118 lapsi
1603 2046 1683 2116 sunt,
1707 2055 1774 2101 oum
1798 2040 1944 2103 adversus
1966 2037 2031 2100 La-

345 2171 369 2209 o.
388 2158 413 2208 5.
432 2165 455 2208 et
472 2171 523 2224 aeq.

652 2136 732 2200 tinus
756 2135 933 2218 Theologos
957 2138 1055 2200 acrius
1079 2144 1110 2200 et
1132 2138 1280 2199 incautius
1304 2134 1341 2197 de
1364 2137 1546 2217 Purgaturiu
1572 2135 1770 2216 disputarent.
1795 2139 1840 2202 De
1863 2138 1914 2200 illa
1933 2155 2031 2218 quae-

652 2234 752 2298 stione
775 2235 885 2298 dictum
908 2243 956 2298 est
979 2235 1049 2298 alibi
1071 2243 1101 2298 et
1131 2253 1208 2316 quae
1239 2236 1319 2297 circa
1349 2233 1429 2296 illam
1460 2234 1689 2298 observavimus
1719 2246 1861 2319 repetere
1891 2254 1954 2300 non
1983 2243 2032 2300 est

652 2333 741 2415 hujus
764 2334 834 2396 loci.
878 2335 954 2396 Nam
975 2334 1143 2415 Aethiopes
1167 2334 1257 2396 talem
1281 2332 1534 2416 Theulugicarum
1557 2351 1658 2396 rerum
1682 2333 1855 2401 facultatem
1876 2338 2031 2413 habuisse,

652 2441 686 2496 ut
714 2435 745 2495 iu
774 2434 832 2496 ista
861 2452 896 2496 se
927 2440 1126 2511 exercerent,
1161 2449 1249 2495 nemo
1278 2430 1368 2494 facile
1408 2431 1589 2494 existimabit
1596 2452 1605 2507 3
1641 2433 1699 2495 nisi
1733 2436 1785 2515 qui
1815 2433 1932 2498 Ludolli
1961 2451 2031 2497 cum

652 2531 803 2613 Aethiope
825 2550 881 2596 suu
905 2531 1043 2613 dialogos
1067 2531 1179 2612 aliquid
1207 2531 1318 2594 serium
1349 2530 1506 2592 continere
1524 2529 1680 2610 judicabit.
1725 2532 1928 2598 lntruducitur
1950 2535 2031 2596 enim

653 2630 801 2693 adversus
823 2632 1033 2714 Purgatorium
1057 2629 1230 2712 disputans,
1261 2637 1292 2692 et
1314 2645 1431 2709 negans
1454 2629 1551 2691 simile
1579 2629 1740 2712 quidquam
1762 2651 1779 2694 a
1802 2635 1866 2697 suis
1894 2634 2032 2715 agnosci,

652 2747 728 2791 vere
749 2727 899 2810 fortassis,
924 2749 991 2793 cum
1012 2737 1045 2791 ut
1068 2749 1109 2792 ex
1131 2727 1229 2790 multis
1252 2727 1327 2790 locis
1351 2735 1495 2808 apparet,
1526 2745 1566 2790 ne
1594 2726 1768 2792 Catholicus
1798 2732 1919 2814 quidem
1949 2733 2029 2797 ullus

652 2827 741 2890 iidem
770 2847 855 2892 suam
882 2827 935 2890 tali
962 2829 1128 2908 interprete
1158 2827 1345 2910 agnovisset.
1404 2825 1465 2890 Sed
1503 2826 1573 2908 quid
1603 2827 1678 2891 illud
1704 2829 1825 2893 tandem
1853 2840 1935 2907 orat,
1963 2851 2032 2896 cum

653 2927 820 3007 Aethiopes
844 2943 935 2989 orare
957 2935 988 2988 et
1009 2927 1174 3008 Liturgiam
1196 2926 1309 2989 ollerre
1331 2942 1390 3006 pru
1419 2924 1546 2988 mortuis
1576 2928 1775 2990 certissimum
1805 2931 1858 2992 sit:
1888 2931 1969 3012 quod
1999 2933 2032 2996 iu

652 3026 877 3090 Relomnatione
900 3026 1050 3107 piaculum
1068 3026 1232 3109 judicatur.
1281 3023 1316 3086 ln
1346 3041 1384 3086 ea
1406 3032 1493 3105 parte
1516 3023 1693 3107 disciplinae
1719 3028 1869 3092 servanda
1896 3030 2030 3112 reliquas

652 3126 807 3189 Ecclesias
829 3126 933 3188 imitati
955 3132 1035 3202 sunt,
1058 3133 1088 3189 et
1110 3125 1141 3188 in
1164 3124 1324 3188 traditione
1347 3125 1445 3186 veteri
1467 3131 1708 3204 permanserunt.
1762 3126 1837 3191 Cum
1859 3128 1898 3191 ad
1919 3131 2028 3193 beatos

654 3234 684 3290 et
713 3233 833 3289 sanctos
856 3225 1011 3306 pertinere
1034 3227 1123 3288 etiam
1145 3224 1306 3288 voluerunt
1327 3223 1403 3286 haec
1433 3223 1554 3303 pietatis
1585 3222 1697 3302 officia,
1727 3228 1908 3308 gravissime
1938 3247 2028 3292 erra-

653 3333 773 3402 verunt,
795 3344 854 3388 nec
875 3324 937 3388 ulla
958 3325 1077 3388 ratione
1098 3331 1227 3406 possunt
1250 3323 1407 3402 excusari,
1438 3321 1464 3385 si
1487 3321 1607 3402 quidem
1636 3324 1678 3386 ita
1707 3327 1842 3388 sensisse
1873 3344 1926 3390 eos
1958 3346 2031 3391 oer-

652 3433 714 3488 tum
737 3426 804 3488 crit.

740 3525 854 3587 Verum
884 3532 917 3587 ut
946 3525 987 3587 ita
1018 3522 1056 3586 de
1094 3523 1151 3585 illis
1183 3523 1390 3599 existimetur,
1426 3519 1609 3583 firmioribus
1647 3524 1833 3603 argumentis
1864 3542 1942 3606 opus
1971 3536 2029 3608 est,

654 3641 743 3705 mam
765 3629 835 3686 sunt
857 3640 894 3684 ea
916 3639 994 3702 quae
1017 3641 1057 3684 ex
1078 3623 1136 3685 ista
1159 3621 1303 3685 Oratione
1333 3619 1498 3697 ducuntur,
1531 3621 1563 3681 in
1592 3638 1652 3700 qua
1683 3621 1883 3687 describenda
1913 3625 2030 3690 facilius

654 3729 703 3785 est
731 3739 879 3802 peccasse
906 3721 1058 3800 librarius
1083 3740 1172 3802 quam
1201 3719 1371 3801 Aethiopes
1395 3737 1412 3780 a
1435 3720 1584 3782 communi
1613 3719 1840 3786 Alexandrinae
1872 3723 2030 3790 Ecclesiae

655 3819 813 3902 disciplina
843 3819 1005 3898 deiecisse,
1034 3821 1232 3901 praesertim,
1256 3836 1323 3881 cum
1353 3819 1381 3880 si
1408 3817 1449 3880 ita
1476 3817 1566 3896 foret,
1594 3816 1847 3883 contradixissent
1874 3825 1933 3904 ipsi
1962 3826 2030 3892 sibi.

653 3917 730 3980 Nam
753 3935 806 3982 eos
828 3936 886 3999 pro
910 3935 1037 3998 quorum
1058 3918 1249 3981 absolutione
1272 3935 1361 3979 orare
1383 3915 1542 3994 videntur,
1565 3916 1716 3998 invocant,
1739 3925 1772 3980 ut
1796 3938 1901 3983 eorum
1923 3923 2031 4002 preci·

653 4017 711 4080 bus
734 4016 814 4098 apud
836 4017 933 4080 Detun
954 4017 1150 4100 adjuventur:
1172 4018 1249 4080 haec
1271 4023 1371 4080 autem
1393 4024 1464 4078 sunt
1486 4003 1666 4078 α’σύστατα.

740 4115 843 4198 Reges
873 4117 924 4196 qui
950 4116 1002 4179 illa
1025 4118 1057 4178 in
1086 4118 1222 4180 oratione
1245 4122 1517 4180 commemorantur
1545 4116 1652 4196 partim
1682 4119 1763 4195 nuti,
1796 4121 1905 4200 partim
1933 4121 2032 4204 ignoti

654 4223 735 4294 sunt,
759 4234 825 4278 cum
847 4215 1047 4297 Aethiopicae
1068 4215 1214 4280 historiae
1243 4224 1325 4280 tanta
1356 4216 1396 4278 sit
1427 4215 1615 4294 obscuritas,
1644 4223 1677 4276 ut
1706 4236 1746 4280 nc
1767 4220 1880 4282 seriem
1909 4219 2031 4300 quidem

636 4314 772 4397 ¹Regum
795 4323 909 4380 certam
932 4315 1084 4395 exhibeat,
1108 4324 1139 4378 et
1162 4334 1250 4397 quam
1272 4333 1377 4396 parum
1400 4316 1430 4376 in
1453 4332 1490 4377 ea
1512 4314 1697 4394 praestiterit
1718 4315 1875 4394 hadulfus,
1899 4318 2031 4384 adhibita

654 4421 755 4476 tamen
777 4431 892 4476 summa
914 4433 970 4495 per
993 4431 1090 4479 annos
1111 4414 1221 4478 multus
1244 4414 1409 4496 diligentia,
1433 4413 1532 4476 sciunt
1555 4411 1673 4476 eruditi.
1712 4413 1836 4478 Abraha
1860 4425 1890 4480 et
1911 4417 2031 4482 Atcbea

654 4512 853 4592 antiquissimi
879 4513 1036 4592 videntur,
1065 4515 1215 4596 iidemque
1243 4513 1371 4578 forsitan
1400 4513 1537 4592 luerunt,
1567 4531 1695 4595 quorum
1724 4515 1816 4596 apud
1832 4516 2031 4580 Athanasium

656 4614 768 4674 mentio
792 4620 849 4692 est,
874 4614 986 4695 quique
1015 4613 1224 4678 Axumitarum
1253 4615 1373 4696 tyranni
1403 4615 1603 4698 appellantur.
1656 4613 1783 4677 Nomina
1811 4624 1910 4680 tamen
1939 4617 2030 4698 plane

657 4709 777 4774 diversa
806 4718 894 4788 sunt,
928 4713 1010 4794 quod
1042 4715 1147 4776 mirum
1175 4731 1245 4777 esse
1274 4732 1336 4776 non
1359 4713 1466 4794 dehet,
1498 4731 1565 4774 cum
1591 4711 1722 4775 barbara
1750 4716 1848 4778 omnia
1880 4734 2031 4797 nunquam

656 4826 765 4889 prope,
790 4809 899 4874 Graeci
921 4812 984 4874 suis
1008 4813 1104 4877 literis
1133 4812 1264 4876 fideliter
1292 4814 1516 4893 expresserint,
1547 4820 1579 4876 et
1607 4812 1784 4892 saepissime
1814 4816 1844 4879 id
1873 4824 2030 4897 praestare

656 4925 719 4970 non
741 4915 891 4989 poterant.
938 4910 1138 4976 Consentiunt
1164 4919 1263 4975 autem
1284 4909 1469 4993 Aethiopum
1489 4912 1580 4994 pauci
1600 4910 1689 4986 libri,
1719 4913 1801 4976 cirea
1830 4914 1933 4997 Reges
1962 4914 2030 4978 illus

657 5025 741 5086 suos,
764 5008 846 5089 quod
868 5008 1034 5075 Athanasio
1057 5010 1201 5092 aequales
1223 5009 1335 5073 luerim
1358 5018 1388 5074 et
1409 5011 1600 5089 Frumentio,
1623 5019 1810 5093 quapropter
1838 5013 1930 5076 iidem
1959 5031 2030 5076 esse

656 5105 797 5172 videntur
820 5108 857 5172 ad
880 5126 958 5189 quos
979 5111 1102 5194 scripsit
1125 5109 1329 5176 Constantius.
1376 5108 1535 5174 Axumitas
1558 5110 1670 5193 quippe
1693 5117 1820 5176 vocatos
1841 5111 1938 5176 luisse
1959 5111 2031 5174 olim
