4670 6046
621 477 673 586 ab
690 509 898 588 titututxtt
914 509 1107 588 coruom
1122 511 1154 588 s.
1168 511 1312 587 elsua.
1577 512 1656 588 ιιι

279 713 339 758 non
361 691 451 755 modo
474 711 492 755 a
514 693 639 774 populo,
663 695 714 774 qui
736 692 882 774 quaedam
906 693 1025 774 vulgari
1054 711 1115 760 sua¹
1132 693 1235 777 lingua
1259 694 1452 774 acclamabat,
1476 697 1655 774 sedetiam,

280 800 312 855 ut
334 810 405 856 mox
427 798 516 854 antea
537 791 730 854 observatum
754 798 811 869 cst,
834 791 871 852 ab
894 793 967 873 ipsis
991 791 1206 856 Sacerdotibus
1229 800 1259 854 et
1281 793 1454 875 Episcopis,
1479 812 1547 858 cum
1569 796 1656 858 ordi-

280 898 438 968 narentur,
468 897 501 951 ιιι
529 890 651 971 publico
682 888 762 971 apud
792 889 912 971 plebem
933 891 1019 953 vocis
1043 907 1148 954 eorum
1169 881 1340 955 testimonio
1364 899 1535 971 constaret,
1564 883 1656 974 quam

280 997 364 1052 recte
388 988 426 1050 de
450 990 587 1069 corporis
611 997 641 1052 ct
663 989 819 1072 sanguinis
841 987 990 1052 Dominici
1013 988 1207 1052 Sacramenta
1231 991 1386 1054 sentirent.

367 1086 400 1148 ln
429 1093 493 1149 toto
516 1087 817 1164 lduhamcdanorum,
849 1105 937 1167 quam
967 1087 1108 1150 latissime
1132 1086 1254 1168 patebat
1275 1088 1424 1168 Imperio,
1447 1088 1654 1153 llelcbltarum

280 1203 336 1248 seu
358 1182 615 1260 Ortbodororurn,
638 1185 901 1265 Jacobitarumque
924 1184 1029 1248 iisdem
1052 1188 1083 1248 in
1105 1186 1181 1249 locis
1203 1203 1311 1270 magna
1338 1195 1404 1250 erat
1432 1187 1601 1250 multitudo:
1624 1197 1655 1252 et

281 1285 415 1365 quamvis
444 1285 638 1348 acerbissima
666 1291 770 1348 essent
800 1287 879 1346 inter
907 1292 1011 1364 partes
1034 1286 1120 1364 odia,
1145 1303 1184 1348 ex
1206 1287 1356 1350 communi
1379 1292 1476 1349 lamen
1500 1287 1654 1368 quotidia-

281 1399 382 1463 noque
405 1385 604 1461 commercio,
627 1401 689 1445 non
711 1382 800 1445 modo
822 1381 1005 1447 familiaritas
1028 1385 1107 1446 inter
1129 1383 1267 1446 homines
1290 1391 1394 1446 sectae
1416 1383 1572 1464 diversae,
1596 1385 1654 1450 sed

282 1483 371 1544 etiam
398 1481 558 1563 aliquando
587 1481 742 1546 affinitates
773 1481 1000 1562 coalescebant,
1030 1483 1166 1564 quamvis
1197 1481 1296 1544 multis
1318 1481 1557 1546 Patriarcbarum
1580 1500 1650 1546 san-

282 1578 430 1642 ctionibus
463 1579 493 1641 id
523 1579 590 1642 ficri
618 1580 841 1661 prohiberetur.
884 1578 918 1642 ln
947 1599 1060 1644 summa
1088 1599 1227 1662 quoque,
1257 1580 1353 1660 qualis
1390 1581 1655 1646 afflictissimorurn

281 1677 337 1741 sub
361 1676 501 1740 Barbaris
529 1678 655 1742 dominis
684 1697 755 1742 csse
785 1679 880 1757 solet,
907 1679 1065 1743 doctrinae
1089 1677 1125 1741 ¹et
1147 1678 1276 1757 consilii,
1298 1679 1556 1760 spiritualiumque
1578 1680 1655 1743 sub-

282 1776 425 1840 sidiorum
447 1778 558 1857 inopia,
582 1777 648 1840 lieri
670 1777 758 1840 facile
780 1779 886 1858 potuit,
908 1785 941 1839 ut
964 1775 1124 1840 Christiani
1145 1775 1320 1856 blclcbitae,
1350 1779 1402 1858 qui
1423 1795 1517 1860 saepe
1545 1786 1577 1841 et
1604 1778 1656 1841 diu

281 1891 339 1938 noc
361 1873 551 1938 Patriarchas
573 1875 757 1954 habuerunt,
788 1893 846 1937 nec
874 1875 1060 1956 Episcopus,
1092 1873 1193 1936 furtim
1214 1874 1252 1936 ad
1274 1875 1478 1938 Jacobitarum
1499 1875 1654 1940 Ecclesias

282 1972 473 2051 accederent,
504 1992 543 2036 nc
569 1974 763 2038 Sacramento
785 1975 924 2053 corporis
948 1981 978 2036 et
999 1974 1154 2055 sanguinis
1178 1971 1290 2035 Christi
1311 1974 1430 2053 penitus
1453 1974 1655 2054 privarentur.

280 2072 313 2134 ld
336 2073 415 2134 enim
437 2089 499 2134 non
521 2070 729 2154 infrequenter
757 2071 905 2135 accidisse
927 2079 966 2144 ut,
983 2073 1204 2148 existimemus,
1233 2071 1345 2134 faciunt
1373 2069 1487 2135 diversi
1515 2073 1655 2137 Canaces

279 2171 523 2252 poenitentiales,
547 2172 694 2234 adversus
711 2189 766 2235 eos
789 2172 840 2252 qui
862 2170 942 2252 apud
964 2170 1142 2233 Haereticos
1158 2169 1351 2232 Sacramenta
1373 2171 1559 2251 acciperent,
1575 2189 1656 2252 quo-

284 2287 352 2332 rum
373 2269 508 2333 nonnulli
531 2270 674 2353 leguntur
696 2270 726 2332 iu
750 2269 936 2334 Collectionc
958 2268 1119 2346 Earsalibi,
1143 2269 1193 2330 alii
1208 2268 1238 2328 in
1260 2268 1359 2331 multis
1382 2255 1587 2345 ddcdccdccc.
1617 2268 1657 2332 Ut

282 2369 376 2449 igitur
396 2367 561 2432 Jacobitae
576 2375 720 2431 caverent
751 2387 769 2431 a
799 2369 1066 2431 communicatione
1094 2366 1145 2428 illa
1167 2367 1428 2430 sacramentorum
1451 2387 1518 2431 cum
1541 2367 1657 2432 Ortbo-
1691 2389 1694 2408 ι

283 2466 371 2528 doxis
392 2465 552 2544 lllclchitis,
575 2483 631 2528 seu
654 2474 685 2528 ut
709 2484 764 2529 eos
791 2473 902 2528 vocant
925 2465 1238 2542 Calchedonensibus,
1270 2482 1346 2546 quos
1374 2465 1547 2530 haereticos
1570 2466 1658 2549 judi-

283 2563 401 2640 cabant,
423 2563 564 2626 videntur
587 2565 762 2643 instituisse,
785 2565 870 2626 utin
892 2565 958 2645 ipsa
988 2563 1205 2627 communionis
1234 2561 1324 2638 bora,
1345 2580 1407 2627 non
1429 2564 1520 2627 modo
1544 2565 1657 2646 exige-

282 2668 368 2724 retur
390 2661 428 2724 de
451 2664 589 2743 corporis
613 2664 829 2745 sanguinisque
851 2662 991 2725 dominici
1014 2663 1142 2724 veritate
1163 2659 1335 2738 Confessio,
1357 2661 1414 2725 sed
1438 2663 1527 2726 etiam
1550 2671 1583 2726 ut
1605 2663 1656 2728 illa

283 2779 351 2823 cum
374 2759 567 2841 professione
587 2761 772 2824 Jacobiticae
803 2759 872 2823 ftdei
896 2761 1148 2843 conjungeretur,
1180 2777 1219 2822 ne
1249 2759 1298 2820 eui
1328 2758 1522 2825 Sacramenta
1549 2762 1657 2825 distri·

282 2858 422 2938 buerant,
446 2861 498 2940 qui
520 2877 586 2922 eam
616 2858 696 2940 apud
718 2858 898 2922 Sacerdotes
929 2875 989 2922 non
1020 2858 1205 2940 protulisset.
1250 2856 1297 2920 Eo
1325 2859 1404 2920 enim
1431 2861 1556 2940 proprie
1579 2878 1657 2941 per-

282 2960 379 3021 tinent
401 2957 497 3020 verba
518 2958 568 3020 illa
592 2974 670 3038 quac
692 2959 844 3037 posterius
867 2956 968 3020 addita
991 2957 1085 3020 fuisse
1109 2955 1347 3034 observavimus,
1369 2956 1445 3035 fecit
1472 2958 1547 3020 illud
1567 2978 1658 3022 onom

283 3074 351 3118 cum
372 3057 531 3118 divinitate
552 3074 619 3134 mro,
644 3057 673 3117 in
696 3057 804 3136 quibus
828 3057 885 3117 sita
908 3063 955 3118 est
978 3055 1139 3119 Confessio
1162 3055 1282 3116 unitatis
1305 3061 1489 3134 naturarum,
1512 3056 1658 3138 quaeda-

284 3153 452 3216 cobitarum
475 3155 639 3235 praecipua
662 3153 799 3218 doctrina
821 3162 884 3216 est:
908 3173 986 3235 quae
1009 3154 1102 3216 verba
1123 3170 1184 3216 non
1207 3153 1264 3214 nisi
1286 3161 1354 3232 post
1373 3153 1561 3217 undecimum
1584 3174 1658 3218 sae-

286 3250 385 3313 culum
413 3254 552 3333 antiquae
582 3251 729 3315 formulae
757 3253 925 3316 accessisse
955 3251 1114 3314 admodum
1136 3251 1300 3313 verisimile
1323 3257 1379 3316 est.
1424 3251 1499 3314 Nam
1521 3255 1548 3316 si
1570 3260 1658 3317 antea

284 3349 315 3410 in
337 3368 393 3412 usu
415 3351 495 3432 apud
517 3349 671 3414 Ecclesiae
694 3349 833 3428 fuissent,
856 3352 991 3431 ignorari
1014 3368 1074 3413 non
1096 3356 1238 3430 poterant
1260 3369 1277 3411 a
1299 3349 1454 3412 blonacbis
1477 3352 1574 3414 sancti
1588 3352 1658 3414 bla-

284 3449 368 3526 carii,
390 3448 421 3510 in
444 3465 571 3529 quorum
593 3449 741 3526 Ecclesia,
764 3467 848 3512 more
867 3450 931 3530 jam
953 3468 971 3510 a
994 3447 1093 3510 multis
1115 3447 1245 3510 saeculis
1269 3446 1447 3526 observato,
1478 3466 1575 3512 novus
1597 3450 1657 3512 Pa-

284 3546 413 3608 triarcba
435 3546 629 3627 proclamari,
653 3556 683 3610 et
704 3547 870 3629 Litargiam
893 3546 1051 3610 celebrare
1074 3545 1249 3624 tenebatur,
1278 3547 1309 3606 in
1332 3563 1390 3625 qua
1413 3545 1573 3610 Confessio
1598 3548 1658 3612 alta

283 3662 361 3706 voce
383 3644 578 3723 recitabatur,
602 3644 823 3726 audiebantque
846 3664 912 3707 earn
934 3643 1087 3708 adstantes
1111 3661 1224 3706 omnes.
1254 3635 1328 3706 Cum
1351 3645 1443 3725 igitur
1465 3645 1577 3708 additio
1607 3645 1657 3709 illa

282 3743 446 3808 llcnacbos
468 3744 534 3806 sola
556 3745 690 3806 novitate
705 3744 880 3825 perculerit,
903 3743 982 3806 forte
1005 3761 1066 3806 non
1088 3742 1187 3805 fuerat
1201 3740 1405 3805 Alexandriae
1427 3749 1571 3824 usurpata
1587 3750 1657 3806 ante

285 3839 454 3904 Gabrielem
477 3840 568 3904 flium
591 3842 711 3919 Taricb,
735 3842 791 3905 sed
812 3851 845 3905 ut
867 3843 934 3923 ipse
958 3839 1122 3904 excusandi
1145 3841 1191 3903 sui
1205 3858 1297 3903 causa
1317 3841 1445 3920 dicebat,
1468 3841 1658 3922 praescripta

283 3939 382 4004 fuerat
412 3940 449 4002 ab
479 3940 640 4021 Episcopis
671 3941 722 4022 qui
745 3959 812 4004 eum
835 3940 1067 4018 ordinaverant,
1092 3957 1109 4000 a
1132 3938 1257 4020 quibus,
1280 3958 1317 4003 ea
1345 3959 1434 4020 qnam
1462 3942 1658 4020 exposuimus

284 4040 411 4118 ratione,
435 4040 610 4103 neccssaria
628 4038 761 4120 judicata
785 4038 893 4117 fuerat,
916 4046 949 4102 ut
970 4057 989 4101 a
1010 4037 1156 4101 Jacobitis
1178 4037 1337 4102 llelehitae
1360 4037 1499 4121 dignosci
1522 4047 1657 4120 possent.

284 4135 317 4198 ld
348 4155 422 4200 vero
450 4153 513 4198 non
542 4135 701 4201 videbatur
729 4145 789 4200 mm
816 4137 1023 4200 necessarium
1053 4138 1084 4199 in
1112 4137 1296 4200 blonasterio
1326 4138 1423 4200 sancti
1444 4137 1584 4216 blacarii,
1608 4138 1659 4201 ubi

284 4234 352 4298 talis
376 4252 544 4298 concursus
567 4253 637 4298 esse
659 4253 721 4299 non
743 4243 882 4317 poteret,
912 4238 982 4317 quin
1006 4235 1070 4299 noti
1100 4241 1204 4298 essent
1226 4235 1486 4298 Archimandritae
1521 4243 1551 4298 ct
1573 4233 1659 4298 lleli-

285 4333 392 4414 giosis,
415 4350 520 4395 omnes
544 4334 594 4412 qui
618 4350 655 4396 eo
678 4332 747 4397 loco
771 4333 810 4396 ad
832 4336 1069 4397 communionem
1092 4332 1284 4396 accederent.
1315 4333 1466 4415 Quidquid
1488 4335 1660 4416 sit,·ncque

285 4433 364 4494 enim
386 4439 566 4515 argumenta
587 4439 671 4494 certa
694 4441 868 4514 suppetunt,
891 4433 1000 4514 quibus
1022 4432 1098 4494 baec
1121 4440 1226 4494 nostra
1255 4433 1430 4512 conjectura
1458 4431 1660 4495 demonstrari

286 4537 386 4610 queat,
416 4547 483 4593 eam
514 4531 707 4594 verisimilem
738 4531 935 4609 arbitramur,
958 4541 989 4594 et
1017 4530 1244 4594 Alexandrinae
1272 4531 1475 4595 Jacobitarum
1503 4529 1661 4593 Ecclesiae

286 4630 419 4692 moribus
442 4628 532 4712 plane
554 4637 800 4694 consentaneam.
846 4631 953 4712 Neque
976 4631 1055 4694 onim
1078 4630 1169 4713 objici
1192 4629 1339 4693 adversus
1369 4647 1436 4691 cam
1458 4634 1576 4709 potest,
1604 4626 1658 4689 Ja-

287 4725 402 4790 cobitas
431 4743 553 4820 quoque
582 4727 762 4791 Antiochiae
791 4739 823 4794 et
855 4731 953 4794 multis
988 4730 1054 4792 aliis
1084 4731 1113 4792 in
1142 4728 1266 4791 urbibus
1298 4736 1329 4790 et
1359 4727 1524 4808 provinciis
1555 4725 1662 4789 eadem

287 4824 377 4904 plane
399 4825 518 4888 ratione
541 4843 608 4888 cum
630 4825 778 4890 llclcbitis
802 4831 991 4907 commistos,
1022 4847 1122 4910 neque
1151 4835 1251 4890 tamen
1273 4825 1369 4889 simile
1399 4825 1559 4906 quidquam
1582 4820 1662 4906 apud

287 4922 355 4986 illos
379 4930 467 4986 extra
491 4921 666 5006 Aegyptum
689 4925 860 4992 observari.
906 4929 1019 4990 Verum
1049 4926 1080 4989 id
1095 4943 1192 5014 necne,
1219 4943 1277 4989 nec
1308 4933 1407 4990 tamen
1440 4925 1554 4988 idcirco
1585 4939 1663 4985 con-

1720 1106 1801 1177 Origo
1823 1108 1981 1167 additionum

1702 1208 1769 1261 quae
1816 1191 1980 1252 confusioni

1702 1275 1785 1330 factae
1808 1289 1875 1334 sunt.
