4680 6044
377 767 418 822 lte
437 769 604 837 Sprinnornnt
623 771 673 822 ritu

361 856 487 924 singulari
510 856 570 908 dnm
588 857 673 910 oleam

363 949 390 993 et
407 943 445 994 sal
464 942 613 996 adrnimem

361 1767 672 1838 ttbt.l’nrr.1tteae.p.425.

379 2746 589 2802 lienterianornm
608 2753 672 2804 ritus

361 2838 491 2904 proprius.

691 583 765 658 174
1165 581 1573 659 COMMENTARIUS

774 767 834 834 Sed
856 769 952 852 magis
974 767 1071 831 adbuc
1093 769 1198 830 mimm
1221 774 1353 830 estesse
1372 768 1609 828 communionem
1625 767 1871 830 Ecclesiasticam
1891 769 1970 831 inter
1990 767 2057 831 Co-

686 869 794 948 ptitas,
817 867 1042 930 Alexandrinos
1065 867 1261 930 etJacobitas
1274 865 1481 927 Antiochenos
1503 883 1522 926 a
1543 866 1642 929 mullis
1664 867 1812 944 saeculis,
1834 870 2057 948 pracsertima

687 967 795 1031 Severi
817 974 968 1047 tempore,
990 967 1076 1048 cnjus
1098 965 1290 1046 sepulchrum
1312 966 1343 1026 in
1364 963 1508 1045 Aegypto
1532 983 1639 1048 magna
1661 967 1858 1029 veneratione
1881 967 2001 1046 colitur,
2025 975 2057 1030 et

686 1072 784 1127 tamen
807 1066 881 1128 istos
904 1068 993 1128 ritum
1021 1065 1135 1128 babere
1163 1063 1348 1148 singularem
1375 1066 1456 1125 eirca
1485 1066 1571 1145 panis
1599 1065 1798 1128 Eucbaristici
1827 1063 2057 1146 conlectionem,

686 1183 776 1246 quem
805 1165 855 1227 alii
883 1167 1027 1248 maj0rem
1056 1170 1087 1226 in
1115 1164 1233 1228 modum
1262 1163 1471 1226 condemnant.
1522 1163 1597 1226 Nam
1629 1165 1698 1245 Syri
1726 1172 1849 1246 praeter
1878 1163 2057 1226 fermentum

686 1261 768 1343 quod
790 1281 895 1326 omnes
923 1264 1107 1344 admiscent,
1135 1265 1207 1327 salis
1237 1271 1268 1326 et
1296 1262 1357 1326 olei
1386 1281 1492 1344 parum
1518 1263 1685 1344 adjiciunt,
1715 1265 1801 1344 eujus
1831 1264 2056 1327 consuetudinis

685 1360 867 1446 Apologiam
891 1363 1046 1444 allegoriis
1074 1363 1253 1425 inanissimis
1281 1360 1424 1424 refertam
1452 1361 1576 1426 exhibet
1605 1363 1683 1426 idem
1714 1361 1821 1426 Codex
1852 1363 2055 1428 Colbertinns.

685 1460 730 1522 Ea
752 1479 828 1525 vero
851 1461 998 1525 adversus
1020 1462 1144 1525 Latinos
1166 1463 1301 1524 instituta
1323 1477 1385 1523 uon
1407 1469 1475 1539 est,
1498 1462 1554 1525 sed
1577 1462 1724 1526 adversm
1745 1462 1899 1526 Jacobitas
1921 1472 1952 1526 et
1967 1464 2056 1543 alios,

686 1561 737 1640 qui
760 1559 836 1624 banc
858 1563 1021 1625 novitatem
1043 1579 1229 1644 magnopere
1253 1561 1488 1640 aversabamur,
1511 1569 1652 1644 tanquam
1673 1562 1789 1644 absque
1810 1563 1986 1640 Ecclesiae,
2005 1571 2056 1626 aut

685 1667 856 1748 sanctornm
874 1661 994 1724 Petrum
1009 1663 1169 1724 autoritate
1184 1658 1311 1738 iactam,
1333 1659 1474 1740 nullaque
1494 1661 1602 1724 idonea
1616 1664 1734 1726 ratione
1750 1662 1919 1724 stabilitam.
1940 1663 2056 1726 Exem-

686 1760 768 1840 plum
801 1769 886 1822 extat
916 1769 946 1823 et
977 1760 1098 1842 quidem
1126 1761 1247 1841 insigne
1276 1761 1306 1821 in
1336 1760 1397 1820 vita
1425 1758 1610 1824 Cbristoduli
1638 1761 1829 1824 Patriarchae
1858 1761 2057 1824 Alexandrini

686 1857 792 1922 vat.
815 1861 867 1940 qni
887 1860 1042 1923 ordinatus
1065 1867 1112 1922 est
1135 1877 1213 1922 anno
1235 1858 1264 1921 J.
1287 1856 1320 1921 C.
1349 1858 1496 1922 ttxtvtt.
1526 1859 1682 1922 ilabebant
1710 1860 1847 1941 Syriaci,
1875 1863 1917 1922 ita
1946 1869 2057 1924 vocant

686 1957 782 2039 Syros
804 1957 975 2037 Jacobitas,
996 1959 1164 2022 Ecclesiam
1186 1958 1314 2034 llisrae3
1338 1975 1465 2040 cumque
1488 1959 1551 2022 illic
1567 1958 1777 2022 Christodulus
1800 1961 1838 2024 ad
1861 1961 2057 2024 sanctibier-

686 2059 777 2136 curii,
807 2059 915 2122 Missas
945 2059 1130 2135 celebraret,
1166 2058 1312 2139 Laicique
1339 2077 1380 2120 ex
1408 2077 1494 2122 more
1523 2057 1639 2120 oblatas
1668 2058 1830 2137 oberrent,
1860 2057 2056 2124 Abulbecber

685 2158 820 2237 quidam,
843 2160 892 2220 vir
913 2159 992 2220 iuter
1014 2175 1069 2221 eos
1099 2159 1258 2240 prunarius
1286 2163 1318 2220 et
1346 2156 1492 2240 Principis
1518 2157 1698 2236 Archiater,
1729 2176 1818 2220 unam
1848 2159 1972 2236 obtulit,
2001 2160 2057 2222 sed

685 2257 830 2337 Syrorum
853 2276 938 2321 more
961 2277 1028 2321 cum
1050 2259 1119 2322 oleo
1143 2267 1174 2322 et
1196 2257 1260 2320 sale
1283 2256 1468 2337 conlectam,
1492 2275 1582 2338 quam
1603 2256 1775 2321 Patriarcba
1796 2257 1920 2338 rejecit,
1943 2266 1975 2322 et
1997 2260 2057 2322 bo-

685 2357 793 2419 minem
816 2357 894 2420 male
916 2366 1074 2420 tractatum
1095 2357 1235 2421 Ecclesia
1256 2357 1328 2438 pelli
1347 2357 1446 2439 jussit.
1475 2355 1529 2418 llle
1558 2375 1670 2439 mares
1703 2356 1741 2419 ad
1768 2357 1914 2420 loannem
1944 2356 2058 2418 Antio-

686 2455 814 2520 chennm
827 2457 1029 2520 Patriarcbam
1045 2465 1153 2520 contra
1166 2456 1403 2520 Alexandrinum
1419 2457 1522 2519 literas
1537 2457 1674 2538 scripsit;
1697 2474 1756 2538 qua
1772 2457 1935 2520 occasione
1957 2457 2055 2519 editus

686 2555 806 2618 videtur
828 2557 986 2618 Tractatus
1009 2557 1060 2619 ille
1082 2556 1326 2638 Apologeticus‚
1349 2574 1417 2618 nam
1439 2555 1548 2619 ioanni
1569 2554 1761 2619 Patriarchae
1785 2555 1971 2619 attribuitur:
1997 2575 2056 2619 ne-

687 2673 746 2736 que
770 2654 962 2718 dubitandum
985 2657 1057 2736 quin
1080 2655 1226 2718 adversus
1247 2655 1419 2738 Aegyptios
1441 2658 1573 2738 scriptus
1596 2655 1697 2718 inerit.

773 2755 867 2835 liujus
890 2756 1112 2836 superstitionis
1134 2755 1318 2834 imitatores,
1341 2763 1392 2818 aut
1414 2753 1546 2820 sortasse
1569 2755 1656 2837 primi
1672 2761 1794 2818 autores
1807 2753 1929 2818 fuerunt
1943 2755 2057 2818 liesto-

685 2855 762 2916 riani
785 2855 947 2934 quiritum
971 2873 1039 2917 eum
1061 2863 1199 2933 servant,
1222 2861 1359 2936 utpatet
1381 2856 1559 2919 exitiorum
1582 2853 1728 2938 singulari
1751 2853 1868 2932 cilicio,
1893 2853 1975 2934 qnod
1996 2874 2057 2918 vo-

686 2960 755 3017 cant
776 2953 1003 3016 innovationem
1022 2953 1164 3034 innomi
1183 2956 1292 3017 sancti
1336 2955 1396 3020 Sed
1418 2955 1490 3018 illud
1518 2956 1593 3036 ipsis
1622 2954 1794 3035 proprium,
1824 2951 1907 3034 quod
1936 2954 2061 3034 quando

686 3053 803 3117 oblatas
825 3061 949 3136 parant,
972 3053 1018 3128 (id
1042 3061 1140 3116 antem
1162 3054 1195 3116 lit
1216 3054 1296 3116 inter
1318 3072 1373 3117 eos
1396 3055 1484 3118 simili
1507 3055 1597 3136 plane
1619 3055 1738 3116 ratione
1769 3070 1806 3115 ac
1827 3053 1857 3114 in
1881 3053 1979 3118 Sectis
2001 3071 2057 3116 re-

685 3153 812 3234 liquis,)
833 3171 895 3216 non
917 3171 1006 3216 omne
1036 3152 1212 3216 fermentum
1243 3151 1423 3229 admiscent,
1452 3153 1507 3218 sed
1535 3171 1654 3218 sacrum
1682 3159 1715 3216 ut
1743 3151 1929 3230 existimant,
1957 3160 1989 3216 et
2016 3154 2056 3217 de

687 3271 747 3334 quc
777 3253 869 3316 niulta
898 3259 1065 3336 nugantur,
1095 3259 1235 3333 tanquam
1266 3251 1302 3314 ad
1330 3252 1512 3317 decessores
1542 3271 1648 3316 comm
1674 3251 1893 3332 Hierosolymis
1925 3251 2056 3315 delatum

685 3353 797 3431 luerit,
820 3371 860 3415 ex
882 3351 1029 3433 particula
1051 3349 1131 3414 illius
1154 3351 1235 3432 quod
1257 3351 1295 3414 ad
1317 3352 1481 3434 parandum
1503 3371 1611 3434 panem
1642 3371 1703 3432 qno
1726 3349 1863 3415 Christus
1891 3352 1921 3413 in
1951 3351 2056 3416 uldma

686 3471 783 3516 coena
805 3470 879 3516 usus
901 3458 984 3528 erat,
1006 3458 1182 3531 usurpatum
1205 3449 1268 3515 luit.
1304 3453 1400 3516 Porro
1422 3453 1611 3516 Abrabamus
1632 3451 1823 3517 Echellensis
1851 3453 1883 3514 io
1910 3453 1990 3515 notis
2017 3450 2057 3513 ad

685 3551 790 3616 liebed
812 3551 903 3628 Jesu,
926 3557 957 3613 et
974 3551 1008 3612 in
1029 3549 1179 3632 Eutychio
1202 3549 1370 3630 vindicato,
1392 3549 1538 3616 Jacobitis
1561 3559 1652 3633 atquc
1673 3551 1791 3614 illorum
1813 3553 1977 3632 praecipuo
1999 3550 2056 3613 Ja-

686 3653 764 3717 cobo
786 3650 958 3730 Earadaeo,
982 3668 1070 3731 quem
1093 3649 1285 3731 Nicephorus
1306 3649 1465 3714 Zanzalum
1488 3653 1670 3733 appellatum
1692 3651 1781 3729 dicit,
1808 3651 1896 3713 istam
1918 3650 1980 3712 olei
2001 3669 2056 3713 sa-

685 3753 783 3833 lisque
805 3753 836 3814 in
858 3768 937 3831 pane
959 3747 1168 3812 Eucharistico
1191 3751 1360 3814 mistionem
1383 3751 1530 3814 attribuit:
1564 3752 1614 3814 uel
1642 3749 1750 3813 loanni
1770 3750 1939 3814 Barsussan
1966 3769 2054 3832 quam

686 3851 856 3932 opinionem
887 3851 990 3913 ultimo
1023 3851 1156 3913 asseruit
1183 3851 1312 3914 Faustus
1339 3851 1489 3915 Naironus
1518 3852 1665 3915 Maronita
1694 3850 1808 3914 Romae
1836 3850 1995 3932 professor
2023 3853 2059 3914 in

686 3967 780 4032 opere
803 3951 885 4032 quod
906 3950 1083 4031 inscriptum
1104 3949 1235 4030 Eooptin
1253 3952 1329 4031 fidei
1354 3949 1529 4014 Ombobcae
1557 3950 1669 4014 editum
1702 3949 1812 4013 ibidem
1845 3967 1924 4014 anno
1958 3949 2054 4014 1691.

684 4049 857 4128 docebitoc,
878 4051 985 4130 inquit,
1008 4057 1129 4112 ceruoct
1150 4050 1246 4116 oleum
1267 4059 1298 4111 ct
1317 4051 1411 4114 subm
1432 4053 1549 4114 triticeo
1571 4071 1625 4114 seo
1643 4051 1825 4130 fmrncnioto
1847 4052 1925 4130 poni
1945 4070 2056 4114 conse-

685 4151 801 4213 crondo
823 4169 889 4213 esse
912 4151 1145 4212 admiscendum.
1187 4149 1284 4229 liujus
1305 4153 1456 4230 opinionis
1477 4159 1569 4214 00101·
1590 4160 1619 4213 ct
1644 4153 1806 4213 imoootor
1832 4149 1893 4230 [nit
1913 4144 2056 4212 ‘loannes

684 4248 861 4312 Bormanon
881 4248 1091 4331 Monopbysitn
1112 4247 1436 4312 Pseudo-Potrinmbo
1456 4249 1667 4313 Antiocbmas.
1707 4247 1813 4312 llelert
1834 4250 1865 4311 in
1888 4266 1953 4312 eam
1979 4269 2055 4314 sen-

685 4351 808 4412 tentiam
836 4348 933 4411 uerba
963 4343 1138 4411 catechesis
1165 4349 1376 4412 Jacobitarum.
1421 4348 1499 4412 Orto
1525 4359 1587 4427 est,
1616 4349 1728 4430 inquit,
1750 4351 1829 4412 inter
1858 4348 1994 4430 Coptitnr
2026 4355 2056 4411 et

684 4451 781 4534 Syros
802 4449 967 4525 ducendo,
989 4449 1061 4529 puio
1081 4449 1155 4532 Syri
1172 4458 1286 4529 ponunt
1306 4451 1339 4511 in
1360 4467 1418 4511 ruo
1438 4449 1589 4512 oblatione
1610 4449 1705 4512 solem
1726 4457 1756 4510 et
1777 4450 1887 4526 obrem,
1916 4457 1946 4512 et
1970 4449 2055 4510 rcri-

682 4550 746 4630 prit
767 4549 861 4612 Pater
882 4558 985 4612 noster
1004 4549 1141 4611 ioannes
1160 4547 1338 4610 Bornnson
1360 4548 1488 4612 libellum
1509 4551 1542 4611 in
1563 4568 1621 4630 puo
1634 4551 1853 4612 dmmutrooit
1865 4549 2054 4628 verificotio-

684 4670 752 4711 nem
769 4651 931 4729 positionis
946 4649 1022 4710 sois
1038 4657 1068 4710 et
1088 4649 1149 4710 olei
1160 4650 1192 4710 in
1209 4647 1425 4710 Encborntio:
1447 4646 1497 4709 vel
1515 4655 1547 4711 ut
1566 4647 1672 4711 melius
1693 4648 1774 4711 verti
1787 4656 1908 4729 potest,
1931 4650 2055 4728 scripsit

684 4748 853 4827 Epictetum
880 4749 912 4810 in
939 4767 999 4829 qno
1027 4748 1158 4809 ostendii
1184 4754 1265 4810 recte
1292 4745 1433 4808 adbiberi
1458 4747 1509 4809 col
1535 4755 1566 4809 ct
1589 4749 1687 4810 olom
1714 4748 1747 4810 in
1769 4749 1923 4829 pornrrdir
1944 4747 2054 4810 obiotir

684 4847 916 4912 Eucharisticis.
961 4846 1127 4927 Numquam
1149 4853 1249 4910 tamen
1272 4846 1426 4927 abruptam
1454 4845 1568 4910 idcirco
1596 4847 1675 4910 iuter
1695 4845 1868 4929 Aegyptios
1895 4855 1925 4910 et
1946 4846 2053 4928 Syrin-

685 4963 742 5009 nos
775 4948 1013 5010 communionem
1047 4946 1140 5011 luisse
1170 4947 1317 5030 legimus,
1347 4948 1481 5028 quamvis
1508 4941 1614 5011 Petrus
1643 4946 1791 5010 bielicbae
1818 4945 1989 5030 Episcopus
2021 4945 2052 5009 id

685 5064 806 5128 quoqne
829 5049 858 5110 in
881 5047 940 5110 illis
970 5046 1167 5136 condemnet,
1194 5047 1280 5130 cujus
1310 5048 1478 5112 sententiae
1506 5048 1624 5111 accedit
1653 5045 1846 5130 Abnlbircat,
1876 5049 1928 5130 qni
1956 5046 2052 5111 verba
