4736 6064
601 451 676 528 516
977 451 1595 530 obsunvntlolus

597 637 677 700 vatio
702 656 757 700 seu
780 628 858 720 ἁγία
880 623 1023 721 iiddom,
1046 635 1078 698 lit
1100 636 1190 715 paulo
1206 642 1275 699 ante
1295 636 1544 718 communionem,
1567 655 1634 700 cum
1658 637 1768 701 dictum
1791 647 1839 701 est
1860 649 1969 703 sancta

596 738 733 810 senctis;
763 737 800 798 de
824 754 883 816 qua
906 735 1096 797 caeremonia
1118 734 1186 797 fuse
1208 735 1318 797 dictum
1347 742 1394 796 est
1422 735 1454 796 in
1485 735 1705 800 Commentario
1737 737 1775 798 ad
1804 737 1969 820 liturgiam

596 834 696 897 Basilii
726 834 890 917 Copticam.
949 833 1091 907 Quamvis
1124 833 1217 916 igitur
1254 833 1329 895 haec
1363 836 1553 897 caeremonia
1582 853 1642 897 non
1670 843 1791 898 notetur
1821 837 1853 898 in
1882 845 1969 900 textu

596 933 788 1014 Aethiopico,
810 941 896 995 recte
917 932 949 994 in
971 934 1114 995 versione
1137 949 1286 1013 expressa
1313 938 1370 1009 est,
1393 940 1534 995 monente
1566 932 1657 996 Tesfa
1685 933 1775 1012 Sion,
1806 936 1857 1015 qui
1884 935 1969 999 Ritus

595 1031 754 1096 Ecclesiae
776 1051 850 1096 suae
873 1049 935 1094 nen
957 1031 1127 1114 ignorabat.
1173 1031 1279 1110 Neque
1309 1033 1415 1093 mirum
1437 1031 1598 1094 Rubricam
1624 1032 1750 1096 similem
1772 1050 1834 1095 non
1856 1052 1969 1098 occur·

594 1148 666 1192 rere
687 1132 717 1192 in
742 1129 855 1194 Codice
877 1129 1068 1212 Aethiopico,
1092 1148 1159 1192 cnm
1189 1131 1218 1190 in
1241 1129 1395 1210 plerisque
1417 1130 1577 1213 liturgiis,
1611 1139 1644 1194 ut
1674 1132 1744 1194 alibi
1775 1132 1968 1196 observatum

595 1238 653 1309 cst,
677 1249 755 1314 quae
780 1231 986 1294 caeremonias
1010 1237 1149 1310 spectant
1172 1229 1303 1292 adscribi
1326 1246 1386 1292 non
1408 1228 1536 1292 soleant.

1021 1522 1082 1592 20.
1127 1521 1260 1616 Corpus
1285 1528 1448 1610 sonetum,
1476 1528 1539 1592 etc.

693 1731 768 1809 Uno
791 1749 899 1804 tenore
922 1739 1078 1835 subjicitur
1091 1741 1252 1806 Confessio
1265 1741 1335 1805 ndei
1357 1741 1396 1804 de
1407 1741 1605 1821 Eucharistia,
1628 1757 1776 1821 expressa
1798 1758 1839 1802 ex
1861 1740 1967 1804 eadem

594 1845 725 1909 formula
748 1861 836 1925 quam
858 1843 1082 1908 Alexandrinae
1103 1845 1258 1928 Liturgiae
1275 1845 1393 1907 Graeca
1415 1853 1446 1906 et
1462 1843 1589 1925 Coptica
1610 1849 1851 1924 repraesentant,
1874 1851 1905 1906 et
1928 1843 1966 1908 de

596 1964 657 2026 qua
678 1944 789 2007 dictum
812 1949 859 2005 est
880 1943 910 2004 in
938 1941 1159 2006 Commentario
1188 1945 1227 2006 ad
1254 1943 1385 2008 easdem.
1430 1941 1517 2004 Nulla
1545 1943 1576 2003 in
1603 1942 1699 2003 sacris
1729 1939 1840 2003 Olhciis
1869 1943 1965 2005 oratio

595 2052 653 2124 est,
678 2062 756 2124 quae
778 2042 883 2122 majori
905 2051 1052 2123 apparatu
1075 2043 1237 2104 recitetur:
1267 2049 1349 2104 tenet
1372 2041 1450 2104 enim
1473 2040 1623 2104 Sacerdos
1652 2042 1683 2103 in
1705 2039 1791 2102 disco
1812 2039 1968 2102 Euchari-

595 2143 672 2205 stico
695 2141 873 2223 particulam
896 2158 984 2220 quam
1014 2139 1144 2202 elevavit
1172 2148 1204 2204 et
1231 2141 1344 2222 populo
1372 2140 1605 2202 demonstravit:
1634 2147 1766 2218 tuncque
1795 2140 1967 2218 pronuntiat

594 2241 645 2303 illa
668 2240 771 2315 verba,
788 2239 906 2318 Corpus
927 2246 1065 2300 sanetum
1079 2248 1109 2300 et
1130 2242 1255 2319 sanquis
1273 2241 1437 2320 pretiosas,
1460 2246 1518 2299 etc.
1539 2256 1598 2318 qua
1622 2239 1751 2315 actione,
1774 2244 1806 2298 et
1828 2237 1968 2320 adjuncta

550 2336 555 2355 “
595 2340 734 2403 oratione
758 2356 862 2401 omnes
878 2337 1111 2399 Protestantium
1134 2339 1269 2401 rationes
1293 2345 1480 2404 evertuntur.
1509 2340 1540 2403 Si
1554 2338 1634 2400 enim
1656 2344 1825 2420 agnoscunt
1837 2335 1967 2400 Aethio-

594 2458 661 2520 pes,
684 2438 743 2500 hoc
767 2436 847 2517 quod
869 2433 1018 2499 Sacerdos
1040 2454 1129 2498 manu
1152 2444 1246 2515 tenet,
1280 2456 1351 2500 esse
1373 2454 1485 2519 corpus
1516 2437 1627 2501 Christi
1656 2437 1790 2514 Domini,
1817 2443 1967 2498 testantur

594 2537 681 2600 simul
705 2536 814 2598 factum
837 2533 867 2595 id
889 2535 948 2616 jam
971 2551 1041 2596 esse
1064 2535 1175 2597 virtute
1197 2537 1445 2612 consecrationis,
1467 2555 1528 2600 nen
1549 2554 1621 2599 mox
1643 2535 1753 2598 facturn
1774 2535 1823 2612 iri,
1845 2535 1964 2616 qnando

594 2636 818 2698 Sacramentum
841 2633 1022 2712 suscipietur
1050 2651 1066 2695 a
1094 2635 1390 2698 communicantibus.
1439 2635 1546 2715 Neque
1576 2651 1729 2715 reponere
1757 2634 1965 2698 Protestantes

593 2742 732 2813 possunt,
754 2732 914 2812 quidquam
937 2730 1018 2810 quod
1040 2733 1253 2813 praejudicatis
1276 2733 1394 2797 illerum
1417 2733 1607 2816 opinionibus
1630 2733 1799 2796 conveniat.
1834 2731 1965 2794 Aledium

593 2850 651 2911 quo
674 2833 824 2910 accipitur
846 2847 958 2908 corpus
981 2826 1104 2904 Christi,
1125 2832 1314 2894 vescentibus
1334 2836 1367 2894 in
1390 2832 1492 2896 Coeno
1501 2833 1633 2908 Domini,
1654 2833 1743 2911 fidem
1765 2849 1832 2893 csse
1853 2833 1965 2893 dieunt.

593 2929 635 2992 At
657 2948 724 2991 cum
747 2928 898 2992 Sacerdos
921 2927 1039 3008 Coptita
1062 2929 1111 2991 vel
1134 2929 1281 3010 Aethiops
1293 2933 1466 3012 pronuntiat
1480 2930 1688 2995 Confessionis
1711 2929 1822 2992 verba:
1846 2927 1966 3009 Corpus

594 3036 731 3091 sanctam
753 3038 783 3090 ct
804 3029 930 3107 sanquis
947 3029 1112 3106 pretiosas,
1137 3028 1310 3094 Sacerdotis
1334 3038 1385 3092 ant
1407 3031 1660 3093 circumstantium
1682 3027 1773 3106 fides,
1805 3027 1876 3090 nihil
1899 3028 1966 3091 effl-

594 3145 667 3190 cere
689 3135 801 3208 potest,
823 3133 856 3187 ut
879 3128 917 3187 sit
940 3126 1059 3207 Corpus
1083 3134 1113 3188 et
1135 3128 1259 3209 sanguis
1290 3128 1417 3204 Christi,
1446 3131 1515 3210 quia
1544 3128 1675 3191 nondum
1703 3134 1875 3205 eesmadw,
1906 3127 1964 3188 hoc

593 3233 651 3305 est,
674 3228 840 3290 comedant.
888 3225 1029 3306 Sequitur
1051 3226 1152 3306 itaque
1174 3225 1279 3288 falsam
1309 3247 1379 3290 esse
1403 3227 1648 3302 Confessionem,
1676 3227 1703 3288 si
1725 3224 1804 3287 idem
1824 3224 1964 3304 credunt,

593 3326 674 3406 quod
696 3326 913 3402 Protestantes,
938 3341 1004 3386 cmo
1027 3324 1106 3386 istud
1128 3323 1209 3406 quod
1229 3326 1307 3388 inter
1321 3343 1425 3388 manus
1442 3325 1617 3391 Sacerdotis
1639 3332 1761 3388 tenetur
1782 3331 1813 3386 et
1835 3324 1963 3387 demon-

593 3432 717 3502 stratur,
739 3423 826 3505 panis
850 3423 899 3500 sit,
922 3440 984 3484 non
1007 3437 1120 3503 corpus
1143 3422 1265 3488 Christi.
1301 3423 1408 3506 Neque
1431 3425 1488 3487 soli
1509 3424 1705 3502 Sacerdotes,
1729 3430 1781 3484 aut
1803 3425 1854 3502 qui
1876 3440 1963 3486 cenr-

592 3524 764 3584 munienem
786 3540 857 3584 mox
879 3521 1051 3600 suscepturi
1072 3529 1156 3599 sunt,
1190 3522 1230 3584 ita
1260 3523 1440 3604 loquuntur,
1468 3523 1522 3586 sed
1555 3541 1659 3586 omnes
1688 3521 1739 3602 qui
1766 3522 1797 3583 in
1825 3521 1964 3586 Ecclesia

592 3628 672 3682 sunt.
716 3620 891 3683 obscuritas
913 3637 1007 3699 perro
1031 3636 1092 3681 non
1114 3619 1144 3680 in
1166 3622 1269 3683 verbis
1291 3630 1349 3700 est,
1371 3623 1468 3704 magis
1491 3622 1570 3684 enim
1591 3621 1754 3702 perspicua
1783 3637 1854 3682 esse
1882 3619 1964 3683 nulla

590 3727 730 3799 pessunt,
753 3719 860 3784 sedin
883 3719 949 3799 ipso
972 3717 1126 3799 mysterio,
1150 3725 1181 3780 et
1203 3719 1283 3782 illam
1305 3728 1474 3802 agnoscunt
1498 3720 1686 3793 Orientales3
1716 3717 1789 3780 illud
1810 3718 1964 3779 nihilomi-

590 3835 647 3880 nus
670 3817 854 3882 credendum
877 3835 947 3880 esse
969 3816 1097 3893 docent,
1120 3835 1218 3897 aeque
1240 3836 1277 3880 ac
1298 3818 1389 3882 multa
1412 3819 1487 3896 alia,
1520 3837 1597 3900 quae
1619 3817 1759 3880 sensibus
1781 3824 1814 3880 et
1835 3817 1963 3880 humana

590 3919 708 3979 ratione
730 3916 888 3997 superiora
911 3923 990 3979 sunt.
1036 3914 1168 3978 Tandem
1191 3935 1229 3978 ne
1259 3918 1291 3980 in
1320 3918 1447 3982 alienam
1468 3919 1648 3981 sententiam
1670 3915 1846 3996 detorqueri
1867 3915 1963 3994 possit

589 4015 641 4077 illa
664 4013 835 4090 Confessio,
858 4014 979 4076 obstant
1001 4016 1226 4093 caeremoniae,
1255 4033 1334 4097 quae
1356 4017 1516 4097 adjunctae
1538 4024 1625 4097 sunt,
1649 4023 1680 4079 et
1702 4032 1777 4096 quas
1799 4012 1963 4094 explicarit

590 4119 732 4176 accurate
754 4111 876 4175 Gabriel
898 4112 1080 4177 Patriarcha.
1103 4111 1173 4175 lllas
1196 4131 1270 4176 vero
1293 4131 1466 4180 communes
1491 4135 1560 4178 esse
1573 4114 1771 4194 Aethiopicae
1792 4111 1961 4190 Ecclesiae,

590 4230 669 4292 quae
691 4213 728 4274 ah
751 4211 958 4274 Alexandrina
980 4211 1119 4274 Ecclesia
1143 4214 1241 4275 omnia
1268 4232 1346 4296 quae
1374 4214 1412 4277 ad
1435 4214 1546 4278 cultum
1569 4215 1700 4276 divinum
1723 4212 1878 4293 pertinent
1905 4227 1963 4271 ac-

590 4313 681 4392 cepit,
705 4329 764 4374 non
788 4320 835 4374 est
858 4309 1058 4374 dubitandum.

679 4410 754 4474 Cum
776 4429 851 4474 vero
874 4419 933 4473 tam
956 4410 1083 4491 simplex
1107 4419 1136 4472 et
1159 4410 1320 4492 perspicua
1340 4411 1389 4474 illa
1403 4409 1561 4475 Confessio
1585 4412 1631 4486 sit,
1652 4417 1685 4474 ut
1707 4408 1822 4489 siquis
1845 4406 1875 4468 in
1896 4405 1963 4468 lle-

591 4527 678 4574 mana
700 4509 841 4572 Ecclesia
863 4515 951 4572 natus
971 4515 1002 4570 et
1014 4509 1170 4588 educatus,
1194 4507 1282 4571 fidem
1298 4510 1336 4572 de
1351 4509 1538 4574 Eucharistia
1556 4528 1640 4573 suam
1656 4505 1835 4589 explicaret,
1859 4505 1962 4568 verbis

591 4611 688 4672 minus
712 4607 859 4690 ambiguis
882 4608 913 4670 id
935 4615 1093 4688 praestare
1116 4607 1168 4669 vix
1195 4615 1319 4688 posset,
1347 4617 1378 4671 et
1408 4609 1466 4689 ipsi
1495 4607 1634 4672 Canones
1663 4605 1844 4684 Tridentini,
1873 4602 1962 4684 plura

590 4725 651 4770 non
675 4708 859 4784 contineant,
882 4723 970 4769 neme
993 4725 1011 4768 a
1033 4705 1162 4769 Ludolfo
1186 4724 1247 4769 non
1265 4714 1460 4787 expectasset
1482 4707 1591 4771 doceri
1608 4723 1664 4769 nes
1686 4703 1857 4768 Pontificios
1880 4721 1962 4785 quo-

590 4805 681 4866 modo
701 4805 881 4886 Aethiopes,
906 4821 982 4884 quos
1000 4803 1360 4868 Transubstantiationem
1384 4806 1527 4888 ignorare
1551 4812 1609 4889 tam
1624 4803 1811 4867 confidenter
1826 4801 1960 4875 afirmat,

590 4902 716 4966 similem
741 4903 970 4967 Confessionem
994 4902 1171 4986 intelligant.
1208 4902 1291 4966 lllanr
1313 4921 1388 4966 vero
1411 4923 1450 4967 ne
1472 4905 1634 4968 nominavit
1657 4901 1792 4984 quidem;
1816 4901 1871 4965 sed
1894 4917 1962 4970 oum
