4686 6060
585 608 590 616 .
707 527 1241 610 ALEXANDRINO.
1571 526 1645 600 401

378 718 550 794 LXXXV.
577 718 633 790 Ex
660 717 804 792 diversis
830 739 916 791 vero
947 717 1107 791 historiae
1139 714 1223 787 locis
1258 711 1490 807 intelligimus,
1523 736 1649 788 novum

274 835 523 925 Patriarclram,
563 845 739 930 antequam
774 837 847 927 ejus
888 833 1008 906 electio
1053 829 1346 905 acclamationibus
1385 829 1649 919 confirmaretur,

275 977 381 1051 saepe
407 961 559 1026 coactum
585 949 689 1024 luisse
715 949 881 1047 publicam
908 948 1023 1023 facere
1049 947 1126 1021 fidei
1153 971 1237 1022 suae
1262 946 1518 1044 professionem.
1573 947 1650 1019 Ta-

274 1069 340 1142 lem
366 1067 621 1167 postulavemnt
653 1065 875 1140 Alexandrini
911 1088 930 1137 a
965 1063 1123 1138 Gabriele
1156 1065 1257 1137 LVII.
1290 1067 1345 1161 qui
1379 1085 1502 1138 novam
1535 1063 1650 1136 iacere

276 1185 462 1270 recusavit,
488 1193 625 1256 veteres
651 1182 809 1256 formulas
838 1181 990 1254 sufficere
1016 1191 1163 1253 testatus.
1216 1179 1359 1253 Michael
1385 1181 1536 1254 LXVIII.
1562 1200 1650 1253 anno

276 1301 306 1373 J.
335 1299 374 1374 O.
401 1299 555 1372 lllXCIII.
584 1321 656 1370 cum
682 1289 925 1372 Alexandriam
951 1295 1207 1393 proclamandus
1229 1297 1433 1388 advenIsset,
1455 1301 1572 1392 jussus
1586 1307 1650 1386 est,

278 1419 433 1516 scriptam
462 1417 543 1489 dare
568 1415 644 1488 fidei
671 1437 753 1487 suae
780 1411 1040 1486 confessionem.
1098 1411 1274 1508 Expressa
1310 1434 1443 1508 quoque
1476 1423 1548 1503 est,
1589 1412 1650 1486 sub

278 1533 497 1628 depositionis
523 1533 801 1618 interminatione,
826 1531 924 1601 etiam
945 1537 1023 1624 post
1037 1527 1285 1601 Ordinationcm
1304 1540 1338 1601 et
1349 1529 1652 1604 Proclamationem

279 1646 457 1744 acyrillo
483 1648 551 1721 filio
577 1645 729 1719 Laklaki.
781 1645 902 1732 Mirum
934 1644 967 1715 id
1003 1653 1131 1735 tamen,
1163 1644 1285 1716 iactum
1318 1644 1424 1719 fuisse
1459 1668 1543 1738 erga
1577 1646 1653 1718 Pa-

279 1766 443 1837 triarchas
466 1769 535 1858 jam
563 1764 751 1850 ordinatos,
784 1782 858 1833 cum
888 1762 959 1851 jam
990 1781 1048 1832 res
1079 1763 1211 1852 integra
1236 1782 1305 1832 nou
1337 1759 1439 1834 foret:
1472 1763 1533 1835 sed
1566 1761 1653 1836 aliud

279 1879 376 1976 hujus
404 1880 595 1972 diligentiae
622 1883 654 1951 in
680 1875 912 1974 perspicienda
941 1897 1056 1947 eorum
1074 1874 1284 1950 Orthodoxia
1311 1887 1538 1970 argumentum
1567 1901 1653 1973 sup-

281 1998 431 2095 peditant
456 1996 612 2091 exempla
640 1995 722 2083 duo,
756 1993 799 2064 de
827 1989 945 2086 quibus
971 2013 1054 2064 mox
1080 1990 1245 2090 dicemus,
1276 2017 1351 2066 eum
1379 1994 1420 2065 dc
1446 1992 1654 2090 profectione

281 2114 324 2185 ad
350 2112 386 2186 S.
413 2111 596 2184 Macarium
624 2108 789 2204 agendum
816 2110 888 2180 erit.

385 2227 572 2303 LXXXVI.
599 2224 761 2300 Solebaut
794 2246 927 2321 quoque
957 2223 1179 2300 Alexandrini
1210 2236 1287 2297 ante
1315 2223 1566 2300 Ordinationem
1600 2235 1657 2297 aut

281 2346 599 2432 Proclamationem,
635 2342 841 2415 conditiones
868 2339 1046 2436 quasdam,
1079 2362 1139 2414 seu
1165 2351 1265 2438 pacta
1291 2351 1457 2415 conventa
1485 2345 1554 2417 suis
1580 2342 1655 2415 Pa-

281 2459 432 2534 triarchis
459 2481 662 2556 proponere,
687 2460 898 2552 engereque
924 2465 959 2528 ut
985 2456 1027 2528 ad
1054 2479 1170 2530 eorum
1197 2457 1472 2532 observationem
1500 2457 1655 2532 subscri·

283 2582 400 2675 ptione
426 2574 548 2670 publici
574 2577 781 2648 instrumenti
808 2595 846 2646 se
873 2571 1131 2666 obstringerent.
1191 2572 1362 2660 Quaedam
1398 2578 1548 2672 privatas
1579 2574 1656 2646 Eo·

283 2692 409 2766 clesiae
440 2690 692 2768 Alexandrinae
729 2712 786 2762 res
826 2677 984 2785 spectare
1016 2689 1240 2782 videbantur,
1276 2689 1341 2763 alia
1375 2691 1417 2763 ad
1449 2713 1658 2764 communem

283 2810 455 2882 utilitatem
481 2805 699 2904 pertinebant.
751 2807 853 2878 Primi
878 2809 1015 2899 generis
1043 2816 1134 2897 erat,
1169 2829 1277 2878 annua
1303 2806 1409 2896 mille,
1441 2831 1524 2881 mox
1555 2811 1658 2904 quin-

284 2938 460 3018 gentorum
494 2946 669 2997 aureorum
702 2925 841 3020 pensio,
885 2945 984 3016 quarn
1018 2921 1250 3013 Patriarchae,
1283 2921 1515 2996 Alexandrino
1555 2921 1658 2997 Olero

284 3050 459 3140 praestare
486 3039 694 3127 tenebantur,
722 3039 764 3111 ad
792 3037 1012 3111 aedificiorum
1039 3040 1323 3126 instaurationem,
1349 3039 1535 3129 lumInaria,
1566 3064 1658 3135 quo-

285 3158 494 3252 tidianasque
519 3155 697 3229 Ecclesiae
723 3157 901 3250 impensas.
939 3152 1045 3246 Origo
1072 3157 1243 3250 pensionis
1270 3154 1356 3227 Illius
1384 3154 1547 3230 achailis
1574 3154 1660 3227 LVI.

285 3271 492 3369 temporibus
526 3270 707 3368 repetenda
750 3282 821 3358 est,
861 3271 916 3363 qui
957 3269 1126 3344 ordinatus
1165 3269 1227 3342 luit
1261 3274 1351 3344 circa
1392 3294 1512 3344 annum
1549 3272 1580 3343 J.
1622 3269 1660 3343 C.

286 3386 564 3463 DCCCLXXXI.
616 3387 650 3459 Is
678 3390 764 3459 enim
790 3387 916 3478 ingenti
941 3387 1083 3480 pecunia
1109 3386 1282 3476 multatus,
1318 3385 1360 3458 ab
1386 3385 1561 3460 Achmede
1593 3384 1662 3462 lilio

287 3505 430 3579 Tolouni
455 3505 607 3601 Aegypti
632 3499 823 3592 Praefecto,
851 3523 924 3574 cum
952 3499 1117 3575 solvendo
1143 3524 1210 3576 non
1231 3511 1333 3591 esset,
1361 3501 1402 3574 ab
1421 3501 1662 3576 Alexandrinis

287 3617 446 3712 obtinuit,
480 3631 516 3693 ut
543 3619 661 3693 domos
688 3616 867 3714 quasdam,
901 3617 1121 3712 diversasque
1152 3617 1281 3691 illormn
1307 3617 1484 3691 Ecclesiae
1515 3640 1661 3715 posses-

288 3738 402 3808 siones
428 3733 608 3824 venderet,
638 3757 679 3806 ea
707 3734 913 3823 conditione,
939 3743 975 3808 ut
1001 3735 1176 3827 quotannis
1202 3731 1291 3805 mille
1319 3755 1440 3808 aureos
1467 3737 1549 3830 ipsis
1575 3757 1662 3831 per-

288 3850 456 3940 solveret,
483 3850 526 3923 de
554 3874 619 3946 qua
645 3853 802 3946 pactione
828 3851 1078 3922 instrumentum
1105 3847 1292 3924 confectum
1319 3860 1381 3922 est.
1427 3848 1497 3924 Sub
1524 3850 1663 3924 Zacha-

287 3967 337 4037 ria
354 3965 475 4038 LXIV.
502 3966 610 4038 media
635 3986 715 4060 pars
743 3965 884 4037 deducta
911 3975 978 4037 est:
1006 3973 1039 4037 et
1065 3977 1184 4061 postea
1211 3966 1347 4040 redacta
1375 3967 1416 4038 ad
1444 3989 1567 4041 aureos
1595 3967 1662 4039 du-

290 4093 428 4172 centos,
456 4081 517 4156 sub
544 4081 695 4156 Macario
722 4081 843 4154 LXIX.
895 4078 947 4152 Ea
979 4103 1064 4155 vero
1099 4104 1201 4154 causa
1234 4105 1375 4174 magnas
1411 4093 1445 4155 et
1479 4083 1663 4158 sceleratas

289 4203 419 4293 peperit
445 4202 660 4293 pecuniarum
687 4199 904 4286 exactiones,
941 4219 981 4268 ac
1016 4199 1207 4270 simoniacis
1236 4196 1521 4289 Ordinationibus,
1555 4224 1663 4297 prae-

289 4312 436 4386 texendo
464 4317 711 4403 necessitatem,
733 4315 870 4406 januam
898 4316 1035 4409 aperuit.
1073 4315 1129 4387 An
1154 4312 1231 4385 buio
1259 4318 1353 4387 oneri
1379 4311 1550 4412 bucusque
1577 4315 1664 4390 sub-

285 4433 424 4523 jaceant
450 4428 656 4526 Coptitarum
681 4428 903 4502 Alexandrini
927 4429 1162 4520 Patriarcbae,
1195 4429 1292 4503 nobis
1327 4432 1566 4527 Incompertum
1602 4441 1664 4506 est.

290 4544 434 4641 Reliqua
467 4555 641 4642 pactorum
673 4548 782 4641 capita
826 4555 882 4618 aut
908 4545 1049 4640 adjura
1083 4544 1260 4618 Ecclesiae
1293 4544 1543 4621 Alexandrinae
1579 4571 1664 4643 spe·

264 4643 443 4752 stabant,
471 4672 527 4734 aut
553 4671 649 4734 erant
675 4659 716 4732 de
743 4659 925 4756 disciplina.
970 4660 1038 4734 Sed
1066 4684 1153 4757 quae
1179 4683 1388 4736 communem
1415 4663 1565 4738 omnibus
1587 4666 1664 4739 Ec-

292 4775 405 4848 clesiIs
433 4775 656 4874 disciplinam,
691 4774 1029 4874 reformationemque
1062 4780 1156 4872 ejus,
1189 4788 1259 4850 tam
1290 4782 1325 4851 In
1360 4783 1467 4876 capite
1499 4804 1595 4875 mam
1632 4785 1666 4856 iu

292 4891 450 4964 membris
485 4905 640 4990 spectare
667 4889 924 4988 judicabantur,
960 4916 1000 4965 ea
1029 4905 1066 4967 ut
1097 4893 1271 4991 plmimum
1305 4906 1382 4969 ante
1418 4896 1667 4972 ordinationem

294 5010 421 5104 scripto
449 5008 712 5112 comprehensa,
743 5027 835 5079 novo
867 5007 1082 5083 Patriarcbae
1108 5007 1348 5084 subscribenda
1382 5013 1668 5110 proponebantur,

1696 724 1771 779 Fidei
1789 725 1925 794 professio·

1702 2347 1782 2402 Pacta
1799 2321 1935 2402 conventa·
1975 2381 1989 2404 .
