<?xml version="1.0" encoding="UTF-8"?>
<!DOCTYPE html PUBLIC "-//W3C//DTD XHTML 1.0 Transitional//EN"
    "http://www.w3.org/TR/xhtml1/DTD/xhtml1-transitional.dtd">
<html xmlns="http://www.w3.org/1999/xhtml" xml:lang="en" lang="en">
 <head>
  <title>
</title>
<meta http-equiv="Content-Type" content="text/html;charset=utf-8" />
  <meta name='ocr-system' content='tesseract 3.04.00' />
  <meta name='ocr-capabilities' content='ocr_page ocr_carea ocr_par ocr_line ocrx_word'/>
</head>
<body>
  <div class='ocr_page' id='page_1' title='image "./liturgiarumorie03renagoog_0514.png"; bbox 0 0 4686 6060; ppageno 0'>
   <div class='ocr_carea' id='block_1_1' title="bbox 671 571 1606 655">
    <p class='ocr_par' dir='ltr' id='par_1_1' title="bbox 671 571 1606 655">
     <span class='ocr_line' id='line_1_1' title="bbox 671 571 1606 655; baseline -0.009 0"><span class='ocrx_word' id='word_1_1' title='bbox 671 574 1204 655; x_wconf 86' lang='lat' dir='ltr'><strong>ALEXANDRINO.</strong></span> <span class='ocrx_word' id='word_1_2' title='bbox 1533 571 1606 648; x_wconf 87' lang='grc'><strong>351</strong></span> 
     </span>
    </p>
   </div>
   <div class='ocr_carea' id='block_1_2' title="bbox 130 759 1936 5152">
    <p class='ocr_par' dir='ltr' id='par_1_2' title="bbox 236 759 1611 1904">
     <span class='ocr_line' id='line_1_2' title="bbox 237 759 1610 860; baseline -0.005 -21"><span class='ocrx_word' id='word_1_3' title='bbox 237 767 379 860; x_wconf 81' lang='lat' dir='ltr'><strong>dylonie,</strong></span> <span class='ocrx_word' id='word_1_4' title='bbox 408 765 450 838; x_wconf 87' lang='lat' dir='ltr'><strong>ad</strong></span> <span class='ocrx_word' id='word_1_5' title='bbox 476 763 724 858; x_wconf 84' lang='lat' dir='ltr'><strong>significandam</strong></span> <span class='ocrx_word' id='word_1_6' title='bbox 751 772 902 837; x_wconf 87' lang='lat' dir='ltr'><strong>veterem</strong></span> <span class='ocrx_word' id='word_1_7' title='bbox 928 761 1044 845; x_wconf 91' lang='lat' dir='ltr'><strong>urbem</strong></span> <span class='ocrx_word' id='word_1_8' title='bbox 1078 785 1174 858; x_wconf 82' lang='lat' dir='ltr'><strong>quam</strong></span> <span class='ocrx_word' id='word_1_9' title='bbox 1201 760 1334 836; x_wconf 87' lang='lat' dir='ltr'><strong>Arabes</strong></span> <span class='ocrx_word' id='word_1_10' title='bbox 1366 761 1460 834; x_wconf 82' lang='lat' dir='ltr'><strong>Meer</strong></span> <span class='ocrx_word' id='word_1_11' title='bbox 1486 759 1610 857; x_wconf 87' lang='lat' dir='ltr'><strong>appel-</strong></span> 
     </span>
     <span class='ocr_line' id='line_1_3' title="bbox 236 877 1610 976; baseline -0.004 -21"><span class='ocrx_word' id='word_1_12' title='bbox 236 882 322 955; x_wconf 88' lang='lat' dir='ltr'><strong>lant:</strong></span> <span class='ocrx_word' id='word_1_13' title='bbox 348 903 424 972; x_wconf 78' lang='lat' dir='ltr'><strong>noS,</strong></span> <span class='ocrx_word' id='word_1_14' title='bbox 451 889 488 954; x_wconf 91' lang='lat' dir='ltr'><strong>ut</strong></span> <span class='ocrx_word' id='word_1_15' title='bbox 513 883 611 954; x_wconf 85' lang='lat' dir='ltr'><strong>etiam</strong></span> <span class='ocrx_word' id='word_1_16' title='bbox 640 879 827 954; x_wconf 89' lang='lat' dir='ltr'><strong>Orientales</strong></span> <span class='ocrx_word' id='word_1_17' title='bbox 854 903 921 953; x_wconf 92' lang='lat' dir='ltr'><strong>non</strong></span> <span class='ocrx_word' id='word_1_18' title='bbox 947 883 1057 976; x_wconf 91' lang='lat' dir='ltr'><strong>pauci,</strong></span> <span class='ocrx_word' id='word_1_19' title='bbox 1085 879 1240 954; x_wconf 85' lang='lat' dir='ltr'><strong>Oahiram</strong></span> <span class='ocrx_word' id='word_1_20' title='bbox 1265 881 1429 952; x_wconf 85' lang='lat' dir='ltr'><strong>veterem.</strong></span> <span class='ocrx_word' id='word_1_21' title='bbox 1478 877 1610 973; x_wconf 82' lang='lat' dir='ltr'>Nempe</span> 
     </span>
     <span class='ocr_line' id='line_1_4' title="bbox 242 995 1609 1094; baseline -0.005 -23"><span class='ocrx_word' id='word_1_22' title='bbox 242 1001 471 1094; x_wconf 89' lang='lat' dir='ltr'><strong>antiquissima</strong></span> <span class='ocrx_word' id='word_1_23' title='bbox 507 1006 561 1072; x_wconf 89' lang='lat' dir='ltr'><strong>est</strong></span> <span class='ocrx_word' id='word_1_24' title='bbox 590 997 716 1070; x_wconf 91' lang='lat' dir='ltr'><strong>illarum</strong></span> <span class='ocrx_word' id='word_1_25' title='bbox 750 995 898 1088; x_wconf 89' lang='lat' dir='ltr'><strong>urbimn,</strong></span> <span class='ocrx_word' id='word_1_26' title='bbox 931 996 989 1068; x_wconf 88' lang='lat' dir='ltr'><strong>vel</strong></span> <span class='ocrx_word' id='word_1_27' title='bbox 1019 1000 1129 1092; x_wconf 87' lang='lat' dir='ltr'><strong>potius</strong></span> <span class='ocrx_word' id='word_1_28' title='bbox 1163 997 1325 1092; x_wconf 85' lang='lat' dir='ltr'><strong>partium,</strong></span> <span class='ocrx_word' id='word_1_29' title='bbox 1358 1016 1444 1089; x_wconf 88' lang='lat' dir='ltr'><strong>quae</strong></span> <span class='ocrx_word' id='word_1_30' title='bbox 1476 1003 1609 1065; x_wconf 88' lang='lat' dir='ltr'><strong>vastam</strong></span> 
     </span>
     <span class='ocr_line' id='line_1_5' title="bbox 236 1107 1610 1208; baseline -0.006 -21"><span class='ocrx_word' id='word_1_31' title='bbox 236 1117 339 1206; x_wconf 90' lang='lat' dir='ltr'><strong>illam,</strong></span> <span class='ocrx_word' id='word_1_32' title='bbox 368 1112 511 1186; x_wconf 77' lang='lat' dir='ltr'><strong>calnae</strong></span> <span class='ocrx_word' id='word_1_33' title='bbox 536 1115 702 1185; x_wconf 87' lang='lat' dir='ltr'><strong>communi</strong></span> <span class='ocrx_word' id='word_1_34' title='bbox 734 1116 869 1185; x_wconf 89' lang='lat' dir='ltr'><strong>nomino</strong></span> <span class='ocrx_word' id='word_1_35' title='bbox 901 1112 1118 1204; x_wconf 86' lang='lat' dir='ltr'><strong>significatam</strong></span> <span class='ocrx_word' id='word_1_36' title='bbox 1149 1119 1358 1208; x_wconf 87' lang='lat' dir='ltr'><strong>componunt.</strong></span> <span class='ocrx_word' id='word_1_37' title='bbox 1411 1107 1462 1181; x_wconf 90' lang='lat' dir='ltr'><strong>Ea</strong></span> <span class='ocrx_word' id='word_1_38' title='bbox 1489 1112 1610 1204; x_wconf 87' lang='lat' dir='ltr'><strong>partim</strong></span> 
     </span>
     <span class='ocr_line' id='line_1_6' title="bbox 239 1225 1610 1322; baseline -0.005 -19"><span class='ocrx_word' id='word_1_39' title='bbox 239 1230 421 1317; x_wconf 87' lang='lat' dir='ltr'><strong>destmeta,</strong></span> <span class='ocrx_word' id='word_1_40' title='bbox 447 1229 509 1302; x_wconf 90' lang='lat' dir='ltr'><strong>sed</strong></span> <span class='ocrx_word' id='word_1_41' title='bbox 535 1238 646 1300; x_wconf 89' lang='lat' dir='ltr'><strong>tamen</strong></span> <span class='ocrx_word' id='word_1_42' title='bbox 661 1231 812 1302; x_wconf 88' lang='lat' dir='ltr'><strong>restitute</strong></span> <span class='ocrx_word' id='word_1_43' title='bbox 839 1236 908 1301; x_wconf 88' lang='lat' dir='ltr'><strong>cst:</strong></span> <span class='ocrx_word' id='word_1_44' title='bbox 936 1237 970 1299; x_wconf 92' lang='lat' dir='ltr'><strong>et</strong></span> <span class='ocrx_word' id='word_1_45' title='bbox 996 1251 1042 1300; x_wconf 86' lang='lat' dir='ltr'><strong>ex</strong></span> <span class='ocrx_word' id='word_1_46' title='bbox 1068 1228 1173 1300; x_wconf 89' lang='lat' dir='ltr'><strong>altero</strong></span> <span class='ocrx_word' id='word_1_47' title='bbox 1195 1226 1262 1299; x_wconf 93' lang='lat' dir='ltr'><strong>Nili</strong></span> <span class='ocrx_word' id='word_1_48' title='bbox 1287 1237 1394 1322; x_wconf 88' lang='lat' dir='ltr'><strong>parte,</strong></span> <span class='ocrx_word' id='word_1_49' title='bbox 1422 1248 1486 1320; x_wconf 89' lang='lat' dir='ltr'><strong>qua</strong></span> <span class='ocrx_word' id='word_1_50' title='bbox 1512 1225 1610 1297; x_wconf 89' lang='lat' dir='ltr'><strong>Ara-</strong></span> 
     </span>
     <span class='ocr_line' id='line_1_7' title="bbox 238 1341 1611 1437; baseline -0.006 -18"><span class='ocrx_word' id='word_1_51' title='bbox 238 1347 315 1420; x_wconf 89' lang='lat' dir='ltr'><strong>biae</strong></span> <span class='ocrx_word' id='word_1_52' title='bbox 341 1348 497 1435; x_wconf 87' lang='lat' dir='ltr'><strong>vicinior,</strong></span> <span class='ocrx_word' id='word_1_53' title='bbox 523 1346 669 1416; x_wconf 85' lang='lat' dir='ltr'><strong>Foetotc</strong></span> <span class='ocrx_word' id='word_1_54' title='bbox 687 1341 729 1416; x_wconf 90' lang='lat' dir='ltr'><strong>ab</strong></span> <span class='ocrx_word' id='word_1_55' title='bbox 745 1344 851 1415; x_wconf 90' lang='lat' dir='ltr'><strong>Amro</strong></span> <span class='ocrx_word' id='word_1_56' title='bbox 864 1341 1049 1434; x_wconf 88' lang='lat' dir='ltr'><strong>aedificata,</strong></span> <span class='ocrx_word' id='word_1_57' title='bbox 1076 1366 1161 1437; x_wconf 82' lang='lat' dir='ltr'><strong>quae</strong></span> <span class='ocrx_word' id='word_1_58' title='bbox 1174 1341 1299 1416; x_wconf 89' lang='lat' dir='ltr'><strong>idcirco</strong></span> <span class='ocrx_word' id='word_1_59' title='bbox 1313 1341 1611 1414; x_wconf 81' lang='lat' dir='ltr'><strong>Fostotclllcarue</strong></span> 
     </span>
     <span class='ocr_line' id='line_1_8' title="bbox 238 1457 1610 1556; baseline -0.004 -22"><span class='ocrx_word' id='word_1_60' title='bbox 238 1463 326 1534; x_wconf 90' lang='lat' dir='ltr'><strong>dicta</strong></span> <span class='ocrx_word' id='word_1_61' title='bbox 354 1469 418 1552; x_wconf 85' lang='lat' dir='ltr'><strong>est,</strong></span> <span class='ocrx_word' id='word_1_62' title='bbox 445 1464 521 1556; x_wconf 89' lang='lat' dir='ltr'><strong>quia</strong></span> <span class='ocrx_word' id='word_1_63' title='bbox 547 1480 654 1556; x_wconf 89' lang='lat' dir='ltr'><strong>prope</strong></span> <span class='ocrx_word' id='word_1_64' title='bbox 680 1470 831 1532; x_wconf 88' lang='lat' dir='ltr'><strong>veterem</strong></span> <span class='ocrx_word' id='word_1_65' title='bbox 858 1457 974 1532; x_wconf 86' lang='lat' dir='ltr'><strong>urbem</strong></span> <span class='ocrx_word' id='word_1_66' title='bbox 1001 1470 1035 1531; x_wconf 90' lang='lat' dir='ltr'><strong>et</strong></span> <span class='ocrx_word' id='word_1_67' title='bbox 1060 1461 1094 1530; x_wconf 92' lang='lat' dir='ltr'><strong>in</strong></span> <span class='ocrx_word' id='word_1_68' title='bbox 1121 1462 1193 1552; x_wconf 91' lang='lat' dir='ltr'><strong>ejus</strong></span> <span class='ocrx_word' id='word_1_69' title='bbox 1220 1460 1390 1530; x_wconf 88' lang='lat' dir='ltr'><strong>territorio</strong></span> <span class='ocrx_word' id='word_1_70' title='bbox 1424 1468 1505 1529; x_wconf 90' lang='lat' dir='ltr'><strong>erat.</strong></span> <span class='ocrx_word' id='word_1_71' title='bbox 1557 1457 1610 1529; x_wconf 88' lang='lat' dir='ltr'><strong>Ea</strong></span> 
     </span>
     <span class='ocr_line' id='line_1_9' title="bbox 239 1571 1609 1673; baseline -0.003 -23"><span class='ocrx_word' id='word_1_72' title='bbox 239 1599 323 1650; x_wconf 90' lang='lat' dir='ltr'><strong>vero</strong></span> <span class='ocrx_word' id='word_1_73' title='bbox 352 1600 437 1673; x_wconf 81' lang='lat' dir='ltr'><strong>quae</strong></span> <span class='ocrx_word' id='word_1_74' title='bbox 465 1575 586 1649; x_wconf 86' lang='lat' dir='ltr'><strong>Cahira</strong></span> <span class='ocrx_word' id='word_1_75' title='bbox 613 1576 824 1669; x_wconf 78' lang='lat' dir='ltr'><strong>singulariter</strong></span> <span class='ocrx_word' id='word_1_76' title='bbox 850 1573 1016 1671; x_wconf 86' lang='lat' dir='ltr'><strong>appellata</strong></span> <span class='ocrx_word' id='word_1_77' title='bbox 1042 1573 1113 1664; x_wconf 83' lang='lat' dir='ltr'><strong>iirit,</strong></span> <span class='ocrx_word' id='word_1_78' title='bbox 1141 1597 1161 1645; x_wconf 89' lang='lat' dir='ltr'><strong>a</strong></span> <span class='ocrx_word' id='word_1_79' title='bbox 1188 1573 1355 1647; x_wconf 87' lang='lat' dir='ltr'><strong>Gieuharo</strong></span> <span class='ocrx_word' id='word_1_80' title='bbox 1373 1571 1609 1646; x_wconf 84' lang='lat' dir='ltr'><strong>Fatimidarum</strong></span> 
     </span>
     <span class='ocr_line' id='line_1_10' title="bbox 239 1687 1611 1783; baseline -0.005 -18"><span class='ocrx_word' id='word_1_81' title='bbox 239 1697 409 1766; x_wconf 84' lang='lat' dir='ltr'><strong>exercitus</strong></span> <span class='ocrx_word' id='word_1_82' title='bbox 437 1692 522 1765; x_wconf 92' lang='lat' dir='ltr'><strong>duce</strong></span> <span class='ocrx_word' id='word_1_83' title='bbox 549 1703 719 1765; x_wconf 91' lang='lat' dir='ltr'><strong>exstructa</strong></span> <span class='ocrx_word' id='word_1_84' title='bbox 746 1702 798 1765; x_wconf 90' lang='lat' dir='ltr'><strong>est</strong></span> <span class='ocrx_word' id='word_1_85' title='bbox 821 1714 907 1765; x_wconf 89' lang='lat' dir='ltr'><strong>anno</strong></span> <span class='ocrx_word' id='word_1_86' title='bbox 938 1691 1086 1783; x_wconf 90' lang='lat' dir='ltr'><strong>Hegirae</strong></span> <span class='ocrx_word' id='word_1_87' title='bbox 1114 1688 1268 1764; x_wconf 83' lang='lat' dir='ltr'><strong>COClX:</strong></span> <span class='ocrx_word' id='word_1_88' title='bbox 1295 1687 1439 1778; x_wconf 90' lang='lat' dir='ltr'><strong>Boulac,</strong></span> <span class='ocrx_word' id='word_1_89' title='bbox 1468 1689 1550 1762; x_wconf 88' lang='lat' dir='ltr'><strong>Giza</strong></span> <span class='ocrx_word' id='word_1_90' title='bbox 1576 1695 1611 1759; x_wconf 90' lang='lat' dir='ltr'><strong>et</strong></span> 
     </span>
     <span class='ocr_line' id='line_1_11' title="bbox 239 1805 1462 1904; baseline -0.006 -22"><span class='ocrx_word' id='word_1_91' title='bbox 239 1810 303 1883; x_wconf 89' lang='lat' dir='ltr'><strong>alia</strong></span> <span class='ocrx_word' id='word_1_92' title='bbox 330 1811 418 1899; x_wconf 92' lang='lat' dir='ltr'><strong>loca,</strong></span> <span class='ocrx_word' id='word_1_93' title='bbox 445 1831 487 1880; x_wconf 88' lang='lat' dir='ltr'><strong>ea</strong></span> <span class='ocrx_word' id='word_1_94' title='bbox 514 1831 646 1904; x_wconf 84' lang='lat' dir='ltr'><strong>quoquo</strong></span> <span class='ocrx_word' id='word_1_95' title='bbox 671 1807 766 1896; x_wconf 89' lang='lat' dir='ltr'><strong>urbe,</strong></span> <span class='ocrx_word' id='word_1_96' title='bbox 793 1819 948 1902; x_wconf 83' lang='lat' dir='ltr'><strong>tanquam</strong></span> <span class='ocrx_word' id='word_1_97' title='bbox 974 1818 1087 1902; x_wconf 86' lang='lat' dir='ltr'><strong>partes</strong></span> <span class='ocrx_word' id='word_1_98' title='bbox 1115 1811 1188 1901; x_wconf 90' lang='lat' dir='ltr'><strong>ejus</strong></span> <span class='ocrx_word' id='word_1_99' title='bbox 1214 1805 1462 1879; x_wconf 87' lang='lat' dir='ltr'><strong>concluduntur.</strong></span> 
     </span>
    </p>

    <p class='ocr_par' dir='ltr' id='par_1_3' title="bbox 239 1920 1936 2947">
     <span class='ocr_line' id='line_1_12' title="bbox 342 1920 1934 2010; baseline -0.001 -14"><span class='ocrx_word' id='word_1_100' title='bbox 342 1924 415 1996; x_wconf 90' lang='lat' dir='ltr'><strong>Xll.</strong></span> <span class='ocrx_word' id='word_1_101' title='bbox 441 1923 487 1996; x_wconf 90' lang='lat' dir='ltr'><strong>Ut</strong></span> <span class='ocrx_word' id='word_1_102' title='bbox 513 1923 555 1994; x_wconf 90' lang='lat' dir='ltr'><strong>ad</strong></span> <span class='ocrx_word' id='word_1_103' title='bbox 581 1946 638 1996; x_wconf 91' lang='lat' dir='ltr'><strong>res</strong></span> <span class='ocrx_word' id='word_1_104' title='bbox 665 1923 922 1996; x_wconf 61' lang='lat' dir='ltr'><strong>Ecclesiasticus</strong></span> <span class='ocrx_word' id='word_1_105' title='bbox 948 1923 1140 2010; x_wconf 78' lang='lat' dir='ltr'><strong>redeamus,</strong></span> <span class='ocrx_word' id='word_1_106' title='bbox 1172 1921 1348 1995; x_wconf 88' lang='lat' dir='ltr'><strong>notandum</strong></span> <span class='ocrx_word' id='word_1_107' title='bbox 1376 1931 1429 1992; x_wconf 90' lang='lat' dir='ltr'><strong>est</strong></span> <span class='ocrx_word' id='word_1_108' title='bbox 1454 1920 1609 1992; x_wconf 86' lang='lat' dir='ltr'><strong>Patriar-</strong></span> <span class='ocrx_word' id='word_1_109' title='bbox 1674 1938 1870 2008; x_wconf 75' lang='lat' dir='ltr'><strong>nrcmapncopr</strong></span> <span class='ocrx_word' id='word_1_110' title='bbox 1890 1949 1934 1995; x_wconf 82' lang='grc' dir='ltr'><strong>ιο-</strong></span> 
     </span>
     <span class='ocr_line' id='line_1_13' title="bbox 240 2025 1936 2134; baseline -0.002 -20"><span class='ocrx_word' id='word_1_111' title='bbox 240 2040 320 2114; x_wconf 89' lang='lat' dir='ltr'><strong>chas</strong></span> <span class='ocrx_word' id='word_1_112' title='bbox 352 2038 602 2114; x_wconf 85' lang='lat' dir='ltr'><strong>Alexandrinos</strong></span> <span class='ocrx_word' id='word_1_113' title='bbox 636 2041 690 2112; x_wconf 92' lang='lat' dir='ltr'><strong>diu</strong></span> <span class='ocrx_word' id='word_1_114' title='bbox 731 2038 803 2113; x_wconf 93' lang='lat' dir='ltr'><strong>solo</strong></span> <span class='ocrx_word' id='word_1_115' title='bbox 839 2040 1188 2134; x_wconf 79' lang='lat' dir='ltr'><strong>Arctiepiccoporcm</strong></span> <span class='ocrx_word' id='word_1_116' title='bbox 1230 2037 1470 2110; x_wconf 73' lang='lat' dir='ltr'><strong>Alexandriae</strong></span> <span class='ocrx_word' id='word_1_117' title='bbox 1513 2037 1608 2111; x_wconf 90' lang='lat' dir='ltr'><strong>titulo</strong></span> <span class='ocrx_word' id='word_1_118' title='bbox 1621 2025 1936 2097; x_wconf 64' lang='lat' dir='ltr'><strong>amnemamnem.</strong></span> 
     </span>
     <span class='ocr_line' id='line_1_14' title="bbox 240 2151 1610 2252; baseline -0.003 -24"><span class='ocrx_word' id='word_1_119' title='bbox 240 2166 415 2228; x_wconf 89' lang='lat' dir='ltr'><strong>contentos</strong></span> <span class='ocrx_word' id='word_1_120' title='bbox 441 2154 559 2245; x_wconf 84' lang='lat' dir='ltr'><strong>luisse,</strong></span> <span class='ocrx_word' id='word_1_121' title='bbox 586 2159 640 2251; x_wconf 87' lang='lat' dir='ltr'><strong>qui</strong></span> <span class='ocrx_word' id='word_1_122' title='bbox 668 2177 785 2230; x_wconf 91' lang='lat' dir='ltr'><strong>omnes</strong></span> <span class='ocrx_word' id='word_1_123' title='bbox 811 2155 958 2252; x_wconf 84' lang='lat' dir='ltr'><strong>reliquos</strong></span> <span class='ocrx_word' id='word_1_124' title='bbox 985 2155 1185 2228; x_wconf 85' lang='lat' dir='ltr'><strong>continebat</strong></span> <span class='ocrx_word' id='word_1_125' title='bbox 1211 2152 1287 2226; x_wconf 86' lang='lat' dir='ltr'><strong>lam</strong></span> <span class='ocrx_word' id='word_1_126' title='bbox 1313 2153 1433 2227; x_wconf 91' lang='lat' dir='ltr'><strong>dudum</strong></span> <span class='ocrx_word' id='word_1_127' title='bbox 1460 2155 1548 2226; x_wconf 91' lang='lat' dir='ltr'><strong>enim</strong></span> <span class='ocrx_word' id='word_1_128' title='bbox 1574 2151 1610 2225; x_wconf 88' lang='lat' dir='ltr'><strong>iu</strong></span> 
     </span>
     <span class='ocr_line' id='line_1_15' title="bbox 241 2267 1609 2363; baseline -0.002 -17"><span class='ocrx_word' id='word_1_129' title='bbox 241 2271 393 2346; x_wconf 80' lang='lat' dir='ltr'><strong>Concilio</strong></span> <span class='ocrx_word' id='word_1_130' title='bbox 419 2271 571 2345; x_wconf 93' lang='lat' dir='ltr'><strong>Nicaeno</strong></span> <span class='ocrx_word' id='word_1_131' title='bbox 598 2282 753 2345; x_wconf 89' lang='lat' dir='ltr'><strong>statutum</strong></span> <span class='ocrx_word' id='word_1_132' title='bbox 778 2271 907 2363; x_wconf 82' lang='lat' dir='ltr'><strong>iuerat,</strong></span> <span class='ocrx_word' id='word_1_133' title='bbox 942 2281 978 2343; x_wconf 93' lang='lat' dir='ltr'><strong>ut</strong></span> <span class='ocrx_word' id='word_1_134' title='bbox 1012 2271 1155 2343; x_wconf 91' lang='lat' dir='ltr'><strong>omnium</strong></span> <span class='ocrx_word' id='word_1_135' title='bbox 1188 2267 1416 2344; x_wconf 87' lang='lat' dir='ltr'><strong>Ecclesiamm</strong></span> <span class='ocrx_word' id='word_1_136' title='bbox 1448 2269 1609 2343; x_wconf 87' lang='lat' dir='ltr'><strong>Alexan-</strong></span> 
     </span>
     <span class='ocr_line' id='line_1_16' title="bbox 239 2387 1610 2484; baseline -0.002 -23"><span class='ocrx_word' id='word_1_137' title='bbox 239 2391 357 2462; x_wconf 89' lang='lat' dir='ltr'><strong>drinae</strong></span> <span class='ocrx_word' id='word_1_138' title='bbox 384 2388 456 2460; x_wconf 91' lang='lat' dir='ltr'><strong>sedi</strong></span> <span class='ocrx_word' id='word_1_139' title='bbox 482 2387 705 2482; x_wconf 86' lang='lat' dir='ltr'><strong>subjectarum</strong></span> <span class='ocrx_word' id='word_1_140' title='bbox 731 2387 1110 2484; x_wconf 88' lang='lat' dir='ltr'><strong>haberentpotestatem.</strong></span> <span class='ocrx_word' id='word_1_141' title='bbox 1137 2387 1264 2459; x_wconf 88' lang='lat' dir='ltr'><strong>Verum</strong></span> <span class='ocrx_word' id='word_1_142' title='bbox 1291 2408 1337 2457; x_wconf 86' lang='lat' dir='ltr'><strong>ex</strong></span> <span class='ocrx_word' id='word_1_143' title='bbox 1364 2408 1429 2481; x_wconf 91' lang='lat' dir='ltr'><strong>quo</strong></span> <span class='ocrx_word' id='word_1_144' title='bbox 1447 2387 1610 2459; x_wconf 89' lang='lat' dir='ltr'><strong>Alexan-</strong></span> 
     </span>
     <span class='ocr_line' id='line_1_17' title="bbox 241 2501 1610 2599; baseline 0 -23"><span class='ocrx_word' id='word_1_145' title='bbox 241 2505 314 2577; x_wconf 91' lang='lat' dir='ltr'><strong>dria</strong></span> <span class='ocrx_word' id='word_1_146' title='bbox 345 2514 441 2599; x_wconf 88' lang='lat' dir='ltr'><strong>capta</strong></span> <span class='ocrx_word' id='word_1_147' title='bbox 475 2529 495 2576; x_wconf 92' lang='lat' dir='ltr'><strong>a</strong></span> <span class='ocrx_word' id='word_1_148' title='bbox 531 2504 798 2592; x_wconf 87' lang='lat' dir='ltr'><strong>llluhamedanis,</strong></span> <span class='ocrx_word' id='word_1_149' title='bbox 834 2513 934 2599; x_wconf 89' lang='lat' dir='ltr'><strong>caput</strong></span> <span class='ocrx_word' id='word_1_150' title='bbox 964 2506 1112 2595; x_wconf 85' lang='lat' dir='ltr'><strong>regionis</strong></span> <span class='ocrx_word' id='word_1_151' title='bbox 1150 2502 1302 2598; x_wconf 89' lang='lat' dir='ltr'><strong>Aegypti</strong></span> <span class='ocrx_word' id='word_1_152' title='bbox 1340 2513 1375 2575; x_wconf 91' lang='lat' dir='ltr'><strong>et</strong></span> <span class='ocrx_word' id='word_1_153' title='bbox 1414 2501 1610 2599; x_wconf 82' lang='lat' dir='ltr'><strong>Metropolis</strong></span> 
     </span>
     <span class='ocr_line' id='line_1_18' title="bbox 241 2617 1610 2717; baseline -0.001 -23"><span class='ocrx_word' id='word_1_154' title='bbox 241 2619 423 2694; x_wconf 88' lang='lat' dir='ltr'><strong>saecularis</strong></span> <span class='ocrx_word' id='word_1_155' title='bbox 456 2641 534 2692; x_wconf 91' lang='lat' dir='ltr'><strong>esse</strong></span> <span class='ocrx_word' id='word_1_156' title='bbox 566 2620 680 2710; x_wconf 88' lang='lat' dir='ltr'><strong>desiit,</strong></span> <span class='ocrx_word' id='word_1_157' title='bbox 715 2620 909 2712; x_wconf 87' lang='lat' dir='ltr'><strong>adjecerunt</strong></span> <span class='ocrx_word' id='word_1_158' title='bbox 943 2617 1160 2696; x_wconf 89' lang='lat' dir='ltr'><strong>Patriarchae</strong></span> <span class='ocrx_word' id='word_1_159' title='bbox 1199 2617 1426 2692; x_wconf 85' lang='lat' dir='ltr'><strong>Jacobiterum</strong></span> <span class='ocrx_word' id='word_1_160' title='bbox 1463 2622 1610 2717; x_wconf 85' lang='lat' dir='ltr'><strong>pristinis</strong></span> 
     </span>
     <span class='ocr_line' id='line_1_19' title="bbox 241 2732 1610 2831; baseline -0.001 -23"><span class='ocrx_word' id='word_1_161' title='bbox 241 2735 342 2808; x_wconf 88' lang='lat' dir='ltr'><strong>titulis</strong></span> <span class='ocrx_word' id='word_1_162' title='bbox 369 2737 438 2808; x_wconf 89' lang='lat' dir='ltr'><strong>suis</strong></span> <span class='ocrx_word' id='word_1_163' title='bbox 464 2734 551 2808; x_wconf 89' lang='lat' dir='ltr'><strong>hanc</strong></span> <span class='ocrx_word' id='word_1_164' title='bbox 576 2739 823 2831; x_wconf 85' lang='lat' dir='ltr'><strong>provinciarum</strong></span> <span class='ocrx_word' id='word_1_165' title='bbox 849 2734 913 2808; x_wconf 86' lang='lat' dir='ltr'><strong>sihi</strong></span> <span class='ocrx_word' id='word_1_166' title='bbox 948 2732 1152 2806; x_wconf 85' lang='lat' dir='ltr'><strong>subditarum</strong></span> <span class='ocrx_word' id='word_1_167' title='bbox 1186 2737 1489 2826; x_wconf 81' lang='lat' dir='ltr'><strong>enumerationem,</strong></span> <span class='ocrx_word' id='word_1_168' title='bbox 1516 2739 1610 2829; x_wconf 88' lang='lat' dir='ltr'><strong>cujus</strong></span> 
     </span>
     <span class='ocr_line' id='line_1_20' title="bbox 244 2841 1610 2947; baseline 0 -24"><span class='ocrx_word' id='word_1_169' title='bbox 244 2851 332 2945; x_wconf 90' lang='lat' dir='ltr'><strong>apud</strong></span> <span class='ocrx_word' id='word_1_170' title='bbox 359 2851 510 2924; x_wconf 87' lang='lat' dir='ltr'><strong>Graecos</strong></span> <span class='ocrx_word' id='word_1_171' title='bbox 536 2859 673 2924; x_wconf 89' lang='lat' dir='ltr'><strong>veteres</strong></span> <span class='ocrx_word' id='word_1_172' title='bbox 707 2851 848 2940; x_wconf 89' lang='lat' dir='ltr'><strong>nullum,</strong></span> <span class='ocrx_word' id='word_1_173' title='bbox 880 2859 916 2922; x_wconf 88' lang='lat' dir='ltr'><strong>ut</strong></span> <span class='ocrx_word' id='word_1_174' title='bbox 948 2853 1194 2938; x_wconf 89' lang='lat' dir='ltr'><strong>existimamus,</strong></span> <span class='ocrx_word' id='word_1_175' title='bbox 1236 2853 1380 2922; x_wconf 89' lang='lat' dir='ltr'><strong>occurrit</strong></span> <span class='ocrx_word' id='word_1_176' title='bbox 1411 2841 1610 2947; x_wconf 84' lang='lat' dir='ltr'><strong>exemplum.¹</strong></span> 
     </span>
    </p>

    <p class='ocr_par' dir='ltr' id='par_1_4' title="bbox 130 2964 1656 3620">
     <span class='ocr_line' id='line_1_21' title="bbox 130 2964 1610 3064; baseline 0.001 -25"><span class='ocrx_word' id='word_1_177' title='bbox 130 3003 132 3008; x_wconf 96' lang='lat'>·</span> <span class='ocrx_word' id='word_1_178' title='bbox 242 2967 424 3040; x_wconf 86' lang='lat' dir='ltr'><strong>Dicebatur</strong></span> <span class='ocrx_word' id='word_1_179' title='bbox 456 2976 566 3040; x_wconf 88' lang='lat' dir='ltr'><strong>autem</strong></span> <span class='ocrx_word' id='word_1_180' title='bbox 596 2967 899 3064; x_wconf 83' lang='lat' dir='ltr'><strong>Archiepiscopus,</strong></span> <span class='ocrx_word' id='word_1_181' title='bbox 932 2988 998 3037; x_wconf 94' lang='lat' dir='ltr'><strong>non</strong></span> <span class='ocrx_word' id='word_1_182' title='bbox 1024 2964 1251 3039; x_wconf 87' lang='lat' dir='ltr'><strong>Alexandriae</strong></span> <span class='ocrx_word' id='word_1_183' title='bbox 1277 2965 1391 3055; x_wconf 94' lang='lat' dir='ltr'><strong>modo,</strong></span> <span class='ocrx_word' id='word_1_184' title='bbox 1424 2965 1485 3039; x_wconf 90' lang='lat' dir='ltr'><strong>sed</strong></span> <span class='ocrx_word' id='word_1_185' title='bbox 1510 2972 1610 3042; x_wconf 90' lang='lat' dir='ltr'><strong>totius</strong></span> 
     </span>
     <span class='ocr_line' id='line_1_22' title="bbox 241 3081 1611 3180; baseline -0.001 -22"><span class='ocrx_word' id='word_1_186' title='bbox 241 3086 405 3180; x_wconf 88' lang='lat' dir='ltr'><strong>Aegypti,</strong></span> <span class='ocrx_word' id='word_1_187' title='bbox 432 3087 508 3178; x_wconf 88' lang='lat' dir='ltr'><strong>quia</strong></span> <span class='ocrx_word' id='word_1_188' title='bbox 534 3106 640 3180; x_wconf 87' lang='lat' dir='ltr'><strong>usque</strong></span> <span class='ocrx_word' id='word_1_189' title='bbox 674 3084 717 3156; x_wconf 89' lang='lat' dir='ltr'><strong>ad</strong></span> <span class='ocrx_word' id='word_1_190' title='bbox 748 3083 955 3155; x_wconf 91' lang='lat' dir='ltr'><strong>undecimum</strong></span> <span class='ocrx_word' id='word_1_191' title='bbox 988 3093 1044 3154; x_wconf 90' lang='lat' dir='ltr'><strong>aut</strong></span> <span class='ocrx_word' id='word_1_192' title='bbox 1077 3081 1307 3155; x_wconf 91' lang='lat' dir='ltr'><strong>duodecimum</strong></span> <span class='ocrx_word' id='word_1_193' title='bbox 1339 3084 1492 3156; x_wconf 87' lang='lat' dir='ltr'><strong>fortassis</strong></span> <span class='ocrx_word' id='word_1_194' title='bbox 1526 3106 1611 3156; x_wconf 91' lang='lat' dir='ltr'><strong>sae-</strong></span> 
     </span>
     <span class='ocr_line' id='line_1_23' title="bbox 241 3197 1648 3296; baseline 0.001 -24"><span class='ocrx_word' id='word_1_195' title='bbox 241 3200 362 3289; x_wconf 92' lang='lat' dir='ltr'><strong>culum,</strong></span> <span class='ocrx_word' id='word_1_196' title='bbox 389 3199 520 3294; x_wconf 91' lang='lat' dir='ltr'><strong>quando</strong></span> <span class='ocrx_word' id='word_1_197' title='bbox 546 3201 768 3274; x_wconf 87' lang='lat' dir='ltr'><strong>Damiatensis</strong></span> <span class='ocrx_word' id='word_1_198' title='bbox 800 3197 1022 3296; x_wconf 87' lang='lat' dir='ltr'><strong>Episcopatus</strong></span> <span class='ocrx_word' id='word_1_199' title='bbox 1047 3197 1294 3293; x_wconf 78' lang='lat' dir='ltr'><strong>Metropolitum</strong></span> <span class='ocrx_word' id='word_1_200' title='bbox 1324 3200 1515 3293; x_wconf 88' lang='lat' dir='ltr'><strong>dignitatem</strong></span> <span class='ocrx_word' id='word_1_201' title='bbox 1540 3202 1611 3275; x_wconf 92' lang='lat' dir='ltr'><strong>oh·</strong></span> <span class='ocrx_word' id='word_1_202' title='bbox 1645 3197 1648 3210; x_wconf 85' lang='lat'>&#39;</span> 
     </span>
     <span class='ocr_line' id='line_1_24' title="bbox 241 3298 1656 3414; baseline 0.001 -26"><span class='ocrx_word' id='word_1_203' title='bbox 241 3318 347 3404; x_wconf 87' lang='lat' dir='ltr'><strong>tinuit,</strong></span> <span class='ocrx_word' id='word_1_204' title='bbox 378 3315 485 3388; x_wconf 89' lang='lat' dir='ltr'><strong>nullus</strong></span> <span class='ocrx_word' id='word_1_205' title='bbox 518 3315 605 3411; x_wconf 89' lang='lat' dir='ltr'><strong>apud</strong></span> <span class='ocrx_word' id='word_1_206' title='bbox 636 3314 824 3404; x_wconf 86' lang='lat' dir='ltr'><strong>Jacohitas,</strong></span> <span class='ocrx_word' id='word_1_207' title='bbox 857 3327 993 3411; x_wconf 89' lang='lat' dir='ltr'><strong>praeter</strong></span> <span class='ocrx_word' id='word_1_208' title='bbox 1024 3313 1248 3386; x_wconf 89' lang='lat' dir='ltr'><strong>Patriarcham</strong></span> <span class='ocrx_word' id='word_1_209' title='bbox 1282 3318 1315 3386; x_wconf 90' lang='lat' dir='ltr'><strong>in</strong></span> <span class='ocrx_word' id='word_1_210' title='bbox 1345 3318 1507 3414; x_wconf 92' lang='lat' dir='ltr'><strong>Aegypto</strong></span> <span class='ocrx_word' id='word_1_211' title='bbox 1541 3329 1613 3392; x_wconf 88' lang='lat' dir='ltr'><strong>erat</strong></span> <span class='ocrx_word' id='word_1_212' title='bbox 1653 3298 1656 3306; x_wconf 39' lang='lat'>¹</span> 
     </span>
     <span class='ocr_line' id='line_1_25' title="bbox 241 3427 1613 3528; baseline 0.001 -24"><span class='ocrx_word' id='word_1_213' title='bbox 241 3431 542 3528; x_wconf 88' lang='lat' dir='ltr'><strong>Archiepiscopus,</strong></span> <span class='ocrx_word' id='word_1_214' title='bbox 579 3435 641 3504; x_wconf 91' lang='lat' dir='ltr'><strong>etsi</strong></span> <span class='ocrx_word' id='word_1_215' title='bbox 668 3453 808 3524; x_wconf 89' lang='lat' dir='ltr'><strong>magnus</strong></span> <span class='ocrx_word' id='word_1_216' title='bbox 836 3441 927 3504; x_wconf 91' lang='lat' dir='ltr'><strong>esset</strong></span> <span class='ocrx_word' id='word_1_217' title='bbox 953 3455 994 3504; x_wconf 92' lang='lat' dir='ltr'><strong>ea</strong></span> <span class='ocrx_word' id='word_1_218' title='bbox 1021 3433 1054 3501; x_wconf 91' lang='lat' dir='ltr'><strong>in</strong></span> <span class='ocrx_word' id='word_1_219' title='bbox 1080 3432 1252 3525; x_wconf 88' lang='lat' dir='ltr'><strong>provincia</strong></span> <span class='ocrx_word' id='word_1_220' title='bbox 1273 3427 1516 3527; x_wconf 90' lang='lat' dir='ltr'><strong>Episcoporum</strong></span> <span class='ocrx_word' id='word_1_221' title='bbox 1545 3456 1613 3506; x_wconf 92' lang='lat' dir='ltr'><strong>nu-</strong></span> 
     </span>
     <span class='ocr_line' id='line_1_26' title="bbox 242 3537 472 3620; baseline 0.004 -1"><span class='ocrx_word' id='word_1_222' title='bbox 242 3569 365 3620; x_wconf 84' lang='lat' dir='ltr'><strong>merus.</strong></span> <span class='ocrx_word' id='word_1_223' title='bbox 468 3537 472 3548; x_wconf 72' lang='grc'><em>’</em></span> 
     </span>
    </p>

    <p class='ocr_par' dir='ltr' id='par_1_5' title="bbox 241 3661 1936 5152">
     <span class='ocr_line' id='line_1_27' title="bbox 346 3661 1936 3762; baseline -0.001 -26"><span class='ocrx_word' id='word_1_224' title='bbox 346 3663 433 3736; x_wconf 87' lang='grc' dir='ltr'><strong>ΧΙΠ.</strong></span> <span class='ocrx_word' id='word_1_225' title='bbox 468 3661 519 3734; x_wconf 90' lang='lat' dir='ltr'><strong>Ea</strong></span> <span class='ocrx_word' id='word_1_226' title='bbox 550 3662 706 3737; x_wconf 88' lang='lat' dir='ltr'><strong>fortassis</strong></span> <span class='ocrx_word' id='word_1_227' title='bbox 732 3665 818 3735; x_wconf 88' lang='lat' dir='ltr'><strong>ratio</strong></span> <span class='ocrx_word' id='word_1_228' title='bbox 851 3661 912 3734; x_wconf 85' lang='lat' dir='ltr'><strong>luit</strong></span> <span class='ocrx_word' id='word_1_229' title='bbox 946 3685 1006 3735; x_wconf 92' lang='lat' dir='ltr'><strong>cur</strong></span> <span class='ocrx_word' id='word_1_230' title='bbox 1044 3661 1220 3736; x_wconf 90' lang='lat' dir='ltr'><strong>Jacobitae</strong></span> <span class='ocrx_word' id='word_1_231' title='bbox 1247 3667 1419 3759; x_wconf 89' lang='lat' dir='ltr'><strong>coeperint</strong></span> <span class='ocrx_word' id='word_1_232' title='bbox 1451 3667 1611 3762; x_wconf 90' lang='lat' dir='ltr'><strong>appellari</strong></span> <span class='ocrx_word' id='word_1_233' title='bbox 1643 3679 1696 3733; x_wconf 76' lang='lat' dir='ltr'><strong>our</strong></span> <span class='ocrx_word' id='word_1_234' title='bbox 1711 3677 1936 3749; x_wconf 66' lang='lat' dir='ltr'><strong>coarchiepisco-</strong></span> 
     </span>
     <span class='ocr_line' id='line_1_28' title="bbox 242 3767 1935 3879; baseline 0.002 -26"><span class='ocrx_word' id='word_1_235' title='bbox 242 3777 511 3876; x_wconf 89' lang='lat' dir='ltr'><strong>Archiepisoopi,</strong></span> <span class='ocrx_word' id='word_1_236' title='bbox 538 3801 605 3851; x_wconf 93' lang='lat' dir='ltr'><strong>non</strong></span> <span class='ocrx_word' id='word_1_237' title='bbox 633 3778 724 3851; x_wconf 88' lang='lat' dir='ltr'><strong>urbis</strong></span> <span class='ocrx_word' id='word_1_238' title='bbox 752 3780 859 3852; x_wconf 93' lang='lat' dir='ltr'><strong>solum</strong></span> <span class='ocrx_word' id='word_1_239' title='bbox 891 3779 1161 3870; x_wconf 77' lang='lat' dir='ltr'><strong>Alexandrinae,</strong></span> <span class='ocrx_word' id='word_1_240' title='bbox 1196 3779 1257 3852; x_wconf 92' lang='lat' dir='ltr'><strong>sed</strong></span> <span class='ocrx_word' id='word_1_241' title='bbox 1287 3780 1413 3854; x_wconf 74' lang='lat' dir='ltr'><strong>Missae</strong></span> <span class='ocrx_word' id='word_1_242' title='bbox 1447 3787 1611 3879; x_wconf 89' lang='lat' dir='ltr'><strong>totiusque</strong></span> <span class='ocrx_word' id='word_1_243' title='bbox 1623 3781 1672 3866; x_wconf 79' lang='lat'>¹&#39;.⁰⁵</span> <span class='ocrx_word' id='word_1_244' title='bbox 1682 3767 1775 3820; x_wconf 56' lang='lat'><strong>“³³³⁰</strong></span> <span class='ocrx_word' id='word_1_245' title='bbox 1784 3767 1935 3837; x_wconf 65' lang='lat' dir='ltr'><strong>³⁹⁹⁰¹¹⁸l⁰·</strong></span> 
     </span>
     <span class='ocr_line' id='line_1_29' title="bbox 243 3860 1683 3991; baseline 0.001 -22"><span class='ocrx_word' id='word_1_246' title='bbox 243 3897 403 3990; x_wconf 77' lang='lat' dir='ltr'><strong>Aegypti.</strong></span> <span class='ocrx_word' id='word_1_247' title='bbox 458 3893 527 3966; x_wconf 86' lang='lat' dir='ltr'><strong>Cur</strong></span> <span class='ocrx_word' id='word_1_248' title='bbox 564 3916 650 3967; x_wconf 86' lang='lat' dir='ltr'><strong>vero</strong></span> <span class='ocrx_word' id='word_1_249' title='bbox 689 3893 898 3991; x_wconf 75' lang='lat' dir='ltr'><strong>Babyloniae</strong></span> <span class='ocrx_word' id='word_1_250' title='bbox 936 3917 997 3968; x_wconf 90' lang='lat' dir='ltr'><strong>seu</strong></span> <span class='ocrx_word' id='word_1_251' title='bbox 1030 3893 1172 3967; x_wconf 72' lang='lat' dir='ltr'><strong>Calliroe</strong></span> <span class='ocrx_word' id='word_1_252' title='bbox 1212 3900 1411 3971; x_wconf 89' lang='lat' dir='ltr'><strong>mentionem</strong></span> <span class='ocrx_word' id='word_1_253' title='bbox 1451 3899 1610 3989; x_wconf 82' lang='lat' dir='ltr'><strong>lacerent,</strong></span> <span class='ocrx_word' id='word_1_254' title='bbox 1624 3860 1683 3906; x_wconf 48' lang='lat' dir='ltr'><strong>&#39;ml</strong></span> 
     </span>
     <span class='ocr_line' id='line_1_30' title="bbox 243 4010 1609 4106; baseline 0.006 -24"><span class='ocrx_word' id='word_1_255' title='bbox 243 4021 360 4083; x_wconf 88' lang='lat' dir='ltr'><strong>contra</strong></span> <span class='ocrx_word' id='word_1_256' title='bbox 388 4015 553 4106; x_wconf 82' lang='lat' dir='ltr'><strong>antiquam</strong></span> <span class='ocrx_word' id='word_1_257' title='bbox 585 4010 810 4105; x_wconf 86' lang='lat' dir='ltr'><strong>disciplinam,</strong></span> <span class='ocrx_word' id='word_1_258' title='bbox 846 4034 932 4105; x_wconf 86' lang='lat' dir='ltr'><strong>quae</strong></span> <span class='ocrx_word' id='word_1_259' title='bbox 964 4033 1033 4082; x_wconf 92' lang='lat' dir='ltr'><strong>non</strong></span> <span class='ocrx_word' id='word_1_260' title='bbox 1064 4013 1185 4106; x_wconf 88' lang='lat' dir='ltr'><strong>patitur</strong></span> <span class='ocrx_word' id='word_1_261' title='bbox 1217 4021 1252 4082; x_wconf 93' lang='lat' dir='ltr'><strong>ut</strong></span> <span class='ocrx_word' id='word_1_262' title='bbox 1283 4033 1367 4084; x_wconf 90' lang='lat' dir='ltr'><strong>unus</strong></span> <span class='ocrx_word' id='word_1_263' title='bbox 1401 4013 1609 4090; x_wconf 87' lang='lat' dir='ltr'><strong>diversarum</strong></span> 
     </span>
     <span class='ocr_line' id='line_1_31' title="bbox 241 4113 1610 4223; baseline 0.005 -25"><span class='ocrx_word' id='word_1_264' title='bbox 241 4125 373 4199; x_wconf 88' lang='lat' dir='ltr'><strong>urbium</strong></span> <span class='ocrx_word' id='word_1_265' title='bbox 400 4127 586 4223; x_wconf 88' lang='lat' dir='ltr'><strong>appelletur</strong></span> <span class='ocrx_word' id='word_1_266' title='bbox 601 4126 802 4222; x_wconf 85' lang='lat' dir='ltr'><strong>Episcopus,</strong></span> <span class='ocrx_word' id='word_1_267' title='bbox 830 4127 906 4217; x_wconf 90' lang='lat' dir='ltr'><strong>alia,</strong></span> <span class='ocrx_word' id='word_1_268' title='bbox 935 4137 1089 4223; x_wconf 88' lang='lat' dir='ltr'><strong>quantum</strong></span> <span class='ocrx_word' id='word_1_269' title='bbox 1108 4130 1276 4220; x_wconf 92' lang='lat' dir='ltr'><strong>conjicere</strong></span> <span class='ocrx_word' id='word_1_270' title='bbox 1289 4150 1480 4223; x_wconf 91' lang='lat' dir='ltr'><strong>possumus,</strong></span> <span class='ocrx_word' id='word_1_271' title='bbox 1507 4113 1610 4205; x_wconf 82' lang='lat' dir='ltr'><strong>causa</strong></span> 
     </span>
     <span class='ocr_line' id='line_1_32' title="bbox 243 4240 1611 4339; baseline 0.006 -25"><span class='ocrx_word' id='word_1_272' title='bbox 243 4241 320 4328; x_wconf 75' lang='lat' dir='ltr'><strong>luit,</strong></span> <span class='ocrx_word' id='word_1_273' title='bbox 352 4264 473 4339; x_wconf 91' lang='lat' dir='ltr'><strong>nempe</strong></span> <span class='ocrx_word' id='word_1_274' title='bbox 515 4264 588 4314; x_wconf 93' lang='lat' dir='ltr'><strong>cum</strong></span> <span class='ocrx_word' id='word_1_275' title='bbox 630 4265 697 4315; x_wconf 92' lang='lat' dir='ltr'><strong>non</strong></span> <span class='ocrx_word' id='word_1_276' title='bbox 728 4241 973 4332; x_wconf 86' lang='lat' dir='ltr'><strong>Alexandriae,</strong></span> <span class='ocrx_word' id='word_1_277' title='bbox 1012 4240 1071 4316; x_wconf 90' lang='lat' dir='ltr'><strong>scd</strong></span> <span class='ocrx_word' id='word_1_278' title='bbox 1099 4241 1258 4324; x_wconf 82' lang='lat' dir='ltr'><strong>Oahirae,</strong></span> <span class='ocrx_word' id='word_1_279' title='bbox 1294 4241 1611 4322; x_wconf 88' lang='lat' dir='ltr'><strong>Muhamedanorum</strong></span> 
     </span>
     <span class='ocr_line' id='line_1_33' title="bbox 245 4355 1611 4454; baseline 0.004 -24"><span class='ocrx_word' id='word_1_280' title='bbox 245 4355 408 4454; x_wconf 85' lang='lat' dir='ltr'><strong>Satrapae</strong></span> <span class='ocrx_word' id='word_1_281' title='bbox 435 4357 549 4431; x_wconf 89' lang='lat' dir='ltr'><strong>sedem</strong></span> <span class='ocrx_word' id='word_1_282' title='bbox 575 4357 823 4430; x_wconf 86' lang='lat' dir='ltr'><strong>Praefectorum</strong></span> <span class='ocrx_word' id='word_1_283' title='bbox 849 4359 999 4454; x_wconf 75' lang='lat' dir='ltr'><strong>Aegypti</strong></span> <span class='ocrx_word' id='word_1_284' title='bbox 1026 4360 1284 4450; x_wconf 79' lang='lat' dir='ltr'><strong>constituissent,</strong></span> <span class='ocrx_word' id='word_1_285' title='bbox 1310 4361 1408 4432; x_wconf 85' lang='lat' dir='ltr'><strong>veriti</strong></span> <span class='ocrx_word' id='word_1_286' title='bbox 1435 4373 1510 4436; x_wconf 93' lang='lat' dir='ltr'><strong>sunt</strong></span> <span class='ocrx_word' id='word_1_287' title='bbox 1537 4364 1611 4436; x_wconf 90' lang='lat' dir='ltr'><strong>Pa-</strong></span> 
     </span>
     <span class='ocr_line' id='line_1_34' title="bbox 244 4471 1612 4573; baseline 0.007 -30"><span class='ocrx_word' id='word_1_288' title='bbox 244 4471 409 4558; x_wconf 76' lang='lat' dir='ltr'><strong>triarchae</strong></span> <span class='ocrx_word' id='word_1_289' title='bbox 435 4496 478 4546; x_wconf 93' lang='lat' dir='ltr'><strong>ne</strong></span> <span class='ocrx_word' id='word_1_290' title='bbox 504 4473 664 4570; x_wconf 90' lang='lat' dir='ltr'><strong>Episcopi</strong></span> <span class='ocrx_word' id='word_1_291' title='bbox 691 4473 776 4546; x_wconf 90' lang='lat' dir='ltr'><strong>illius</strong></span> <span class='ocrx_word' id='word_1_292' title='bbox 802 4474 893 4548; x_wconf 91' lang='lat' dir='ltr'><strong>urhis</strong></span> <span class='ocrx_word' id='word_1_293' title='bbox 919 4473 1039 4547; x_wconf 88' lang='lat' dir='ltr'><strong>lavore</strong></span> <span class='ocrx_word' id='word_1_294' title='bbox 1071 4477 1274 4571; x_wconf 87' lang='lat' dir='ltr'><strong>principum,</strong></span> <span class='ocrx_word' id='word_1_295' title='bbox 1307 4477 1394 4572; x_wconf 88' lang='lat' dir='ltr'><strong>apud</strong></span> <span class='ocrx_word' id='word_1_296' title='bbox 1421 4501 1505 4573; x_wconf 88' lang='lat' dir='ltr'><strong>quos</strong></span> <span class='ocrx_word' id='word_1_297' title='bbox 1533 4503 1612 4552; x_wconf 88' lang='lat' dir='ltr'><strong>am-</strong></span> 
     </span>
     <span class='ocr_line' id='line_1_35' title="bbox 244 4588 1610 4686; baseline 0.007 -25"><span class='ocrx_word' id='word_1_298' title='bbox 244 4588 370 4662; x_wconf 87' lang='lat' dir='ltr'><strong>bitione</strong></span> <span class='ocrx_word' id='word_1_299' title='bbox 397 4601 430 4662; x_wconf 88' lang='lat' dir='ltr'><strong>ct</strong></span> <span class='ocrx_word' id='word_1_300' title='bbox 455 4589 632 4682; x_wconf 89' lang='lat' dir='ltr'><strong>largitione</strong></span> <span class='ocrx_word' id='word_1_301' title='bbox 659 4590 764 4663; x_wconf 91' lang='lat' dir='ltr'><strong>aditus</strong></span> <span class='ocrx_word' id='word_1_302' title='bbox 790 4591 832 4662; x_wconf 88' lang='lat' dir='ltr'><strong>ud</strong></span> <span class='ocrx_word' id='word_1_303' title='bbox 859 4592 968 4664; x_wconf 86' lang='lat' dir='ltr'><strong>omnio</strong></span> <span class='ocrx_word' id='word_1_304' title='bbox 994 4589 1161 4664; x_wconf 88' lang='lat' dir='ltr'><strong>molimina</strong></span> <span class='ocrx_word' id='word_1_305' title='bbox 1180 4591 1401 4686; x_wconf 89' lang='lat' dir='ltr'><strong>aperiebatur,</strong></span> <span class='ocrx_word' id='word_1_306' title='bbox 1429 4616 1497 4667; x_wconf 90' lang='lat' dir='ltr'><strong>non</strong></span> <span class='ocrx_word' id='word_1_307' title='bbox 1510 4596 1610 4673; x_wconf 93' lang='lat' dir='ltr'><strong>modo</strong></span> 
     </span>
     <span class='ocr_line' id='line_1_36' title="bbox 245 4705 1611 4805; baseline 0.007 -27"><span class='ocrx_word' id='word_1_308' title='bbox 245 4705 288 4778; x_wconf 91' lang='lat' dir='ltr'><strong>ab</strong></span> <span class='ocrx_word' id='word_1_309' title='bbox 323 4705 513 4778; x_wconf 85' lang='lat' dir='ltr'><strong>ohedientia</strong></span> <span class='ocrx_word' id='word_1_310' title='bbox 544 4729 605 4780; x_wconf 88' lang='lat' dir='ltr'><strong>sua</strong></span> <span class='ocrx_word' id='word_1_311' title='bbox 638 4705 854 4795; x_wconf 89' lang='lat' dir='ltr'><strong>recederent,</strong></span> <span class='ocrx_word' id='word_1_312' title='bbox 889 4705 948 4779; x_wconf 90' lang='lat' dir='ltr'><strong>sed</strong></span> <span class='ocrx_word' id='word_1_313' title='bbox 980 4709 1079 4779; x_wconf 89' lang='lat' dir='ltr'><strong>ctiam</strong></span> <span class='ocrx_word' id='word_1_314' title='bbox 1114 4707 1282 4780; x_wconf 87' lang='lat' dir='ltr'><strong>traherent</strong></span> <span class='ocrx_word' id='word_1_315' title='bbox 1312 4707 1354 4779; x_wconf 90' lang='lat' dir='ltr'><strong>ad</strong></span> <span class='ocrx_word' id='word_1_316' title='bbox 1386 4731 1425 4782; x_wconf 93' lang='lat' dir='ltr'><strong>se</strong></span> <span class='ocrx_word' id='word_1_317' title='bbox 1454 4734 1611 4805; x_wconf 89' lang='lat' dir='ltr'><strong>magnam</strong></span> 
     </span>
     <span class='ocr_line' id='line_1_37' title="bbox 245 4821 1611 4920; baseline 0.007 -27"><span class='ocrx_word' id='word_1_318' title='bbox 245 4824 430 4896; x_wconf 86' lang='lat' dir='ltr'><strong>autoritatis</strong></span> <span class='ocrx_word' id='word_1_319' title='bbox 459 4831 492 4894; x_wconf 94' lang='lat' dir='ltr'><strong>et</strong></span> <span class='ocrx_word' id='word_1_320' title='bbox 513 4821 752 4915; x_wconf 90' lang='lat' dir='ltr'><strong>jurisdictionis</strong></span> <span class='ocrx_word' id='word_1_321' title='bbox 777 4821 1036 4897; x_wconf 87' lang='lat' dir='ltr'><strong>Ecclesiasticae</strong></span> <span class='ocrx_word' id='word_1_322' title='bbox 1061 4833 1198 4919; x_wconf 90' lang='lat' dir='ltr'><strong>partem.</strong></span> <span class='ocrx_word' id='word_1_323' title='bbox 1225 4825 1339 4920; x_wconf 84' lang='lat' dir='ltr'><strong>ltaque</strong></span> <span class='ocrx_word' id='word_1_324' title='bbox 1358 4848 1437 4899; x_wconf 90' lang='lat' dir='ltr'><strong>raro</strong></span> <span class='ocrx_word' id='word_1_325' title='bbox 1452 4827 1611 4903; x_wconf 90' lang='lat' dir='ltr'><strong>Alexan-</strong></span> 
     </span>
     <span class='ocr_line' id='line_1_38' title="bbox 246 4937 1613 5039; baseline 0.009 -33"><span class='ocrx_word' id='word_1_326' title='bbox 246 4937 338 5009; x_wconf 88' lang='lat' dir='ltr'><strong>driae</strong></span> <span class='ocrx_word' id='word_1_327' title='bbox 365 4938 552 5028; x_wconf 89' lang='lat' dir='ltr'><strong>manebant,</strong></span> <span class='ocrx_word' id='word_1_328' title='bbox 580 4938 640 5012; x_wconf 90' lang='lat' dir='ltr'><strong>sed</strong></span> <span class='ocrx_word' id='word_1_329' title='bbox 656 4938 799 5012; x_wconf 84' lang='lat' dir='ltr'><strong>Cohirae</strong></span> <span class='ocrx_word' id='word_1_330' title='bbox 827 4948 883 5011; x_wconf 90' lang='lat' dir='ltr'><strong>aut</strong></span> <span class='ocrx_word' id='word_1_331' title='bbox 906 4943 940 5012; x_wconf 91' lang='lat' dir='ltr'><strong>iu</strong></span> <span class='ocrx_word' id='word_1_332' title='bbox 954 4941 1074 5012; x_wconf 92' lang='lat' dir='ltr'><strong>vicinis</strong></span> <span class='ocrx_word' id='word_1_333' title='bbox 1099 4938 1325 5032; x_wconf 84' lang='lat' dir='ltr'><strong>Monosteriis,</strong></span> <span class='ocrx_word' id='word_1_334' title='bbox 1340 4989 1343 4994; x_wconf 94' lang='lat'>-</span> <span class='ocrx_word' id='word_1_335' title='bbox 1358 4953 1393 5014; x_wconf 95' lang='lat' dir='ltr'><strong>ut</strong></span> <span class='ocrx_word' id='word_1_336' title='bbox 1422 4948 1547 5039; x_wconf 84' lang='lat' dir='ltr'><strong>passim</strong></span> <span class='ocrx_word' id='word_1_337' title='bbox 1579 4949 1613 5018; x_wconf 87' lang='lat' dir='ltr'><strong>in</strong></span> 
     </span>
     <span class='ocr_line' id='line_1_39' title="bbox 246 5053 1612 5152; baseline 0.009 -28"><span class='ocrx_word' id='word_1_338' title='bbox 246 5063 362 5127; x_wconf 88' lang='lat' dir='ltr'><strong>nostra</strong></span> <span class='ocrx_word' id='word_1_339' title='bbox 388 5053 526 5128; x_wconf 90' lang='lat' dir='ltr'><strong>historia</strong></span> <span class='ocrx_word' id='word_1_340' title='bbox 554 5053 728 5129; x_wconf 82' lang='lat' dir='ltr'><strong>observari</strong></span> <span class='ocrx_word' id='word_1_341' title='bbox 754 5063 883 5151; x_wconf 88' lang='lat' dir='ltr'><strong>potest:</strong></span> <span class='ocrx_word' id='word_1_342' title='bbox 911 5065 944 5127; x_wconf 88' lang='lat' dir='ltr'><strong>et</strong></span> <span class='ocrx_word' id='word_1_343' title='bbox 969 5057 1003 5126; x_wconf 91' lang='lat' dir='ltr'><strong>in</strong></span> <span class='ocrx_word' id='word_1_344' title='bbox 1029 5053 1111 5128; x_wconf 85' lang='lat' dir='ltr'><strong>urhe</strong></span> <span class='ocrx_word' id='word_1_345' title='bbox 1136 5055 1358 5152; x_wconf 81' lang='lat' dir='ltr'><strong>Ecclesiaquo</strong></span> <span class='ocrx_word' id='word_1_346' title='bbox 1390 5082 1452 5134; x_wconf 92' lang='lat' dir='ltr'><strong>sua</strong></span> <span class='ocrx_word' id='word_1_347' title='bbox 1477 5059 1612 5136; x_wconf 88' lang='lat' dir='ltr'><strong>Metro-</strong></span> 
     </span>
    </p>
   </div>
   <div class='ocr_carea' id='block_1_3' title="bbox 0 0 2359 6052">
    <p class='ocr_par' dir='ltr' id='par_1_6' title="bbox 0 0 2359 6052">
     <span class='ocr_line' id='line_1_40' title="bbox 0 0 2359 6052; baseline 0 0"><span class='ocrx_word' id='word_1_348' title='bbox 0 0 2359 6052; x_wconf 95' lang='lat' dir='ltr'><strong> </strong></span> 
     </span>
    </p>
   </div>
  </div>
 </body>
</html>
