4670 6046
534 532 611 607 308
1105 533 1336 614 NOTAE

532 717 570 780 Et
597 725 725 798 postea,
754 720 855 798 sipnat
881 717 934 780 illo
965 737 1073 794 menn,
1108 719 1222 786 dicens.
1278 720 1360 783 Eece
1392 723 1615 802 sanctificatus,
1650 733 1680 787 et
1712 735 1910 792 consecratus

533 824 580 877 est
601 817 686 878 calis
708 817 826 894 solutis,
850 823 880 878 et
900 817 1005 879 σιἰοιιι
1025 818 1109 880 uitae
1130 821 1204 880 ncoi
1225 819 1406 882 Testamenti
1426 823 1458 882 in
1479 824 1599 885 noniine
1620 823 1741 902 Patris,
1774 833 1829 891 etc.
1874 826 1908 888 ln

533 916 592 977 isto
626 915 722 978 cilicio
744 916 892 978 unctionis
914 918 1025 979 mentio
1048 915 1129 978 nulla
1153 925 1215 996 est,
1238 918 1293 982 sed
1323 919 1492 1001 supplenda
1520 920 1628 1001 procul
1658 921 1749 986 dubio
1771 926 1907 990 videtur:

532 1021 565 1078 ut
594 1015 624 1077 in
653 1014 767 1077 Latinis
801 1013 956 1098 codicibus
983 1035 1024 1080 ex
1051 1016 1108 1129 alia
1139 1020 1377 1084 consecrationis
1410 1018 1555 1100 iormuln,
1583 1039 1671 1102 quarn
1705 1021 1801 1086 reteri
1829 1026 1907 1090 iden

534 1101 1034 1226 (ἱοοιίυσ.1(αιαπιμψονκυριε
1056 1106 1074 1178 6
1096 1103 1221 1190 ceie‘
1201 1115 1300 1200 ημῶν,
1322 1111 1380 1180 ἐπὶ
1401 1106 1457 1182 τὸι
1479 1067 1590 1183 dic6on
1611 1116 1727 1183 τοῦτον
1747 1119 1790 1208 τῇ
1812 1116 1908 1222 ‹lpse-

531 1210 626 1298 στικῇ
654 1230 716 1328 opo
746 1199 884 1294 δυνάμει
912 1233 972 1277 του
959 1210 1159 1297 ”novnylov
1180 1204 1383 1294 πνεύματος,
1402 1209 1502 1280 ῗυα’
1484 1239 1519 1282 ιο
1540 1206 1631 1300 αὐτῷ
1641 1210 1909 1340 ‘oppcyccioorpm

530 1301 587 1376 τὸν
608 1299 641 1391 ip
643 1302 716 1388 ιυόυ,
738 1307 795 1375 καὶ
768 1303 1099 1426 πρυςφέροιμευ
1061 1334 1100 1378 το
1123 1312 1221 1394 σῶμα
1241 1311 1303 1380 τοῦ
1323 1314 1475 1402 Χριστοῦ
1496 1333 1572 1428 cop,
1594 1315 1656 1382 τοῦ
1679 1307 1825 1405 asponon·
1849 1313 1907 1410 τὴν

531 1402 695 1498 ἁμαρτίαν
720 1410 783 1476 τοῦ
812 1428 943 1491 κοσμου,
972 1433 1011 1476 το
1039 1400 1236 1492 διαδόμευοι
1264 1413 1336 1489 τοῖς
1356 1416 1504 1492 πιστοῖς,
1535 1406 1624 1494 ὅπως
1652 1416 1887 1500 μεταθῶσιν’
1870 1441 1907 1485 ιιι

529 1510 593 1575 τοῦ
615 1499 769 1576 θανᾶτου
791 1506 839 1585 εἰς
859 1501 919 1598 τήν
940 1497 1042 1596 ζωήν,
1072 1521 1129 1576 etc.
1172 1514 1298 1591 Emitte,
1325 1515 1456 1578 Domine
1481 1514 1566 1578 Dens
1586 1525 1704 1596 noster,
1732 1538 1825 1602 snper
1843 1540 1906 1602 po-

529 1621 629 1676 lenum
650 1613 741 1676 istam
763 1612 828 1674 sies
849 1613 976 1690 discum,
999 1615 1186 1675 sanctissimi
1207 1616 1251 1675 tui
1271 1614 1403 1694 Spiritsrs
1430 1617 1569 1678 cirtrrtem
1597 1633 1693 1684 secra
1721 1628 1906 1700 operaretem,

527 1713 675 1776 utinen
696 1731 806 1793 οριιιιιο
827 1712 1023 1788 immolemus,
1058 1721 1088 1774 et
1110 1709 1225 1774 Onnes·
1245 1715 1291 1776 tui
1307 1720 1467 1794 peccatum
1489 1713 1594 1776 missili
1620 1715 1764 1794 tollentis,
1796 1737 1907 1798 corpus

526 1812 665 1892 fidelibus
700 1831 741 1888 ec
774 1819 871 1874 morte
904 1812 948 1873 ad
980 1813 1075 1873 citam
1103 1814 1279 1874 transituris
1316 1812 1479 1887 traditum,
1516 1810 1690 1893 offeramus.
1735 1814 1779 1878 lin
1817 1817 1905 1880 Goa-

527 1913 605 1975 rius:
637 1911 807 1976 accuratius
836 1918 952 1974 vertas:
984 1929 1094 1992 corpus
1116 1911 1259 1974 nuditum
1278 1911 1428 1990 fidelibus,
1449 1918 1484 1973 ut
1504 1919 1664 1974 transeant
1683 1915 1722 1975 de
1744 1923 1840 1980 morte
1862 1917 1905 1980 et

525 2017 630 2078 citam

613 2111 663 2176 Ad
685 2113 819 2190 caueam,
837 2095 1033 2173 Ἐκιιὲτασου
1053 2096 1155 2192 n6pee,
1178 2101 1235 2172 ἐπὶ
1256 2097 1294 2171 τό
1317 2095 1471 2193 norr'prov
1499 2107 1606 2186 τοῦτο,
1627 2101 1665 2171 εἰι
1692 2110 1757 2171 τῶν
1777 2101 1901 2200 ἀπερι-

525 2201 679 2300 γραπται
700 2229 760 2278 σου
782 2200 926 2285 κόλπων,
949 2195 986 2271 τό
1008 2195 1140 2285 πνεῦμα
1161 2225 1222 2271 σου
1243 2196 1283 2270 τὸ
1304 2199 1410 2290 ἅγιοι,
1431 2196 1470 2270 τό
1492 2205 1625 2287 πνεῦμα
1650 2207 1710 2292 τῆς
1732 2197 1905 2294 ἆλρθείας,

525 2303 565 2377 τό
585 2301 731 2424 κύριον
721 2304 778 2374 καὶ
799 2295 1006 2386 ζωοποιόν·’
998 2299 1052 2369 ino
1073 2302 1306 2392 προςφέρυιμεν
1328 2299 1364 2368 ἐν
1384 2327 1499 2388 τουτῳ,
1532 2294 1571 2368 τὸ
1597 2293 1681 2386 αἷμά
1704 2324 1765 2370 σου
1787 2329 1826 2373 το
1816 2299 1904 2375 ’τί-

526 2431 602 2490 μιον
623 2399 666 2474 δι’
690 2393 731 2472 o6
753 2402 885 2486 ἐξέχεας
906 2399 1005 2482 ἕλεος,
1028 2398 1085 2468 ἐπὶ
1106 2401 1153 2486 τῷ
1175 2400 1222 2485 σῷ
1243 2395 1472 2486 accersiendo
1495 2393 1615 2489 ἄφεσιν
1638 2395 1808 2492 ἁμαρτιῶν
1834 2408 1903 2484 τοῖς

527 2497 742 2584 πιστεύουσι,
764 2502 820 2568 καὶ
841 2497 1042 2586 ὁμολογοῦσι
1063 2492 1107 2567 ei
1129 2489 1321 2588 παθήματα
1340 2519 1414 2580 σου,
1437 2511 1496 2566 etc.
1524 2503 1677 2584 Ezpme
1698 2504 1826 2568 Domine
1846 2526 1903 2570 su·

524 2630 581 2690 per
603 2607 729 2671 calicem
750 2608 840 2667 istum
861 2605 1134 2682 incircumscriptis
1152 2603 1264 2683 tinibus
1285 2605 1354 2678 mn,
1376 2603 1521 2684 Spiritum
1548 2611 1630 2665 tunm
1659 2612 1807 2684 sanonum,
1829 2605 1904 2686 spu·-

528 2710 619 2770 ritnm
641 2707 790 2779 veritatis,
810 2703 1009 2783 principalem
1031 2711 1061 2764 et
1081 2702 1248 2781 vivificum,
1269 2705 1336 2763 nt
1324 2723 1356 2765 m
1377 2722 1413 2765 eo
1441 2703 1616 2784 sanprrinem
1641 2706 1824 2784 pretiosum,
1846 2724 1903 2784 per

405 2785 408 2798 ¹
526 2825 612 2888 quem
635 2821 726 2882 super
746 2801 824 2864 ocile
846 2807 928 2861 nrum
950 2792 1191 2862 misericordium
1215 2798 1356 2881 effudisti,
1379 2799 1578 2882 offeramus
1565 2804 1818 2866 inremissionem
1826 2822 1903 2884 pec-

529 2911 677 2979 catorum,
700 2899 907 2976 credentibus,
940 2906 971 2962 et
989 2902 1164 3012 passipnem
1186 2908 1268 2962 nram
1291 2897 1512 2980 confitentibus,
1535 2908 1591 2964 etc.
1637 2889 1722 2964 Eleo
1750 2895 1834 2987 χρίει
1862 2919 1896 2962 τι

530 2993 623 3086 ἅγιοι
644 3021 746 3086 pepon
767 2992 876 3080 λέγων.
920 2991 978 3073 Εἰς
1004 2987 1045 3064 eo*
1071 2986 1177 3077 ὄνομα
1203 2995 1265 3061 τοῦ
1291 2985 1425 3084 πατρός,
1460 3007 1517 3062 oto.
1563 2999 1680 3062 Deinde
1709 3008 1815 3063 sancto
1841 3015 1902 3061 nn-

527 3111 637 3184 pnento
659 3102 735 3176 linit,
758 3101 873 3174 dicen,
903 3100 934 3159 in
956 3100 1076 3160 nomine
1097 3098 1218 3177 Petris,
1243 3106 1298 3160 etc.
1345 3096 1426 3159 Talis
1455 3106 1502 3162 est
1532 3098 1717 3162 Graecorum
1746 3097 1902 3182 discipline

440 3199 443 3204 “
529 3199 676 3264 Orientali
698 3199 824 3262 maxine
848 3196 1024 3275 conformis,
1047 3204 1226 3278 enprorsus
1249 3196 1364 3263 endem.

615 3299 661 3361 De
683 3299 825 3360 versione
849 3296 929 3359 edita
951 3295 1022 3358 nibil
1045 3294 1268 3358 observandum
1291 3297 1433 3376 occurrit,
1457 3314 1525 3360 cun
1547 3293 1627 3360 'sotis
1660 3303 1814 3360 accurate
1832 3295 1903 3358 ori-

529 3397 622 3480 ginali
644 3395 839 3478 respondeat.
884 3395 916 3457 ln
941 3394 1053 3457 Codice
1076 3393 1165 3475 quern
1193 3395 1289 3456 secuti
1311 3413 1425 3473 sumus,
1454 3403 1485 3458 et
1513 3397 1544 3459 in
1575 3396 1686 3461 Rituali
1713 3393 1902 3461 Potriarclrso

529 3495 688 3576 (teneretis,
710 3513 772 3559 non
795 3495 943 3578 legitur
930 3515 962 3554 m
983 3512 1045 3556 nnn
1062 3512 1205 3573 persono.
1251 3492 1285 3556 lu
1308 3492 1416 3557 eodem
1438 3493 1547 3560 Rituali
1568 3496 1672 3560 titulus
1695 3496 1783 3578 hujus
1805 3495 1898 3557 bene-

529 3595 669 3658 dictionis
692 3603 738 3657 est
760 3594 1015 3669 renitentem
1033 3595 1224 3656 consecratio
1238 3594 1345 3656 calicis
1367 3601 1398 3656 et
1417 3595 1578 3698 ncnppnloe
1600 3598 1676 3676 rp'ns,
1704 3597 1734 3660 iu
1756 3592 1903 3678 singulari

528 3694 581 3757 ubi
604 3693 748 3775 Coptious
773 3692 880 3756 Codex
902 3707 1010 3756 vocem
1033 3689 1180 3754 criseam
1202 3693 1322 3756 retinet.
1355 3677 1499 3776 obviem
1521 3694 1606 3774 εθβε
1628 3711 1824 3777 ιιιποτηριον
1844 3711 1903 3770 ren

530 3813 724 3882 repperisse.
764 3793 852 3868 Quod
875 3793 1038 3857 discrimen
1061 3793 1165 3876 exigui
1187 3792 1328 3854 momenti
1351 3801 1408 3856 est.
1454 3793 1558 3856 Mirari
1588 3792 1687 3857 autin
1716 3793 1790 3858 sutis
1813 3808 1901 3854 nemo

427 3931 434 3940 ·
530 3896 645 3977 possit,
683 3895 713 3957 iu
743 3893 938 3975 praecedenti
965 3891 1177 3954 benedictione
1211 3908 1317 3955 vocem
1344 3891 1478 3956 eamdem
1513 3892 1688 3974 interpreti,
1721 3893 1901 3974 quicumque

520 3994 632 4074 ¹tuerit,
655 3994 761 4058 oculos
785 4013 844 4058 uon
867 3992 1037 4074 aperuisse,
1059 4007 1099 4054 ne
1122 4010 1163 4053 ex
1184 3991 1278 4054 iliaco
1300 3999 1331 4054 et
1352 3991 1467 4074 ldoppo
1489 3991 1613 4058 Graecis
1642 3992 1769 4058 vocibus
1798 3992 1903 4058 notis-

529 4095 622 4173 simis,
646 4094 813 4158 ἱσσιιαισοι
839 4099 951 4156 uestem
973 4089 1209 4156 consarcinaret.
1251 4179 1254 4186 Ι

1008 4439 1129 4512 Oratio
1151 4461 1220 4534 pro
1248 4437 1434 4511 cochleari.

623 4647 676 4726 De
699 4660 854 4724 cochleari
877 4661 940 4743 jam
968 4659 1111 4723 nonnulla
1134 4656 1214 4722 dicta
1244 4668 1333 4738 sunt,
1364 4658 1394 4720 in
1423 4659 1504 4722 uotis
1532 4657 1569 4720 od
1596 4655 1698 4720 Basilii
1727 4655 1902 4739 liturgiam.

528 4760 708 4824 Numcrntur
738 4769 837 4826 autern
875 4761 1057 4825 inter.vasa
1093 4775 1201 4837 sacra,
1238 4759 1307 4840 quia
1343 4757 1508 4821 communis
1537 4759 1585 4822 esi
1615 4754 1694 4837 apud
1730 4753 1902 4818 orientales

528 4879 633 4924 omnes
657 4861 862 4936 consuetudo,
885 4877 973 4941 quam
996 4856 1131 4920 Graecos
1152 4857 1255 4920 imitati
1278 4857 1441 4939 antiquitus
1465 4857 1643 4933 observant,
1665 4863 1698 4917 ut
1720 4874 1759 4919 eo
1783 4861 1904 4918 utantur

528 4958 566 5022 ad
589 4961 826 5024 communionem
849 4955 1101 5021 distribuendam:
1123 4955 1347 5020 Ecclesiasticis
1370 4956 1489 5038 quidem
1505 4953 1631 5018 secundi
1652 4952 1784 5034 Ordinis,
1808 4967 1903 5034 prae-
