4760 6038
635 591 812 666 LXXXIV
1146 587 1523 670 DISSERTATIO

636 791 671 853 et
705 784 848 855 amnium
882 779 1111 854 Ecclesinmm
1144 778 1382 852 consuetudine
1415 779 1496 850 satis
1527 775 1698 850 refellitur.
1750 776 1871 874 Neque
1896 783 2031 872 minus¹

634 897 772 971 ridicula
800 919 886 992 quac
913 906 1108 992 sequuntur:
1135 917 1245 991 neque
1271 916 1403 968 sacram
1428 892 1633 990 Scripturam
1658 901 1714 966 aut
1740 915 1856 967 sacros
1882 892 2003 968 Cano-

634 1037 696 1087 nes
729 1014 771 1085 da
807 1012 958 1104 Liturgia
993 1037 1013 1085 a
1045 1011 1162 1085 Marco
1196 1013 1319 1106 scripta
1362 1008 1538 1105 quidquam
1570 1009 1757 1083 tradidisse.
1810 1009 2003 1084 Tmllarurm

635 1130 768 1225 qudem
803 1129 973 1205 canonem
1009 1127 1049 1204 lt
1079 1133 1125 1200 ait
1156 1129 1271 1201 testari
1306 1124 1481 1199 alacobo
1517 1129 1673 1222 scriptam
1705 1123 1908 1218 Liturgiam‚
1942 1125 2004 1198 sed

634 1269 710 1318 cum
735 1269 847 1341 neque
871 1245 1090 1342 Apostolicus
1118 1243 1236 1319 Canon
1268 1241 1438 1315 LXXXV.
1472 1251 1528 1314 aut
1561 1240 1649 1314 LIX.
1680 1240 1912 1331 Laodiceam.
1946 1245 2002 1336 qui

634 1382 806 1434 sacrorum
832 1361 992 1435 librorum
1017 1360 1159 1433 indicem
1186 1359 1282 1451 dant,
1307 1358 1435 1431 illarum
1447 1356 1671 1451 Liturgiarum
1697 1361 1914 1448 meminerint,
1933 1339 2002 1430 noir

633 1501 713 1552 esse
738 1477 956 1573 recipiendas.
1009 1473 1115 1553 Ἀλλιί
1141 1471 1202 1550 καί
1233 1474 1257 1572 ἡ
1292 1469 1473 1571 sacasani
1507 1472 1673 1571 ἐκκλησία
1705 1479 1772 1569 τοῦ
1799 1467 2001 1584 antandron

632 1591 693 1668 nai
718 1597 969 1688 cinomannos
992 1590 1137 1691 θρόνου
1160 1597 1221 1689 τῆς
1237 1585 1672 1680 Κωνσταντινουπόλεως,
1698 1585 1777 1664 οὐδ
1798 1585 1888 1674 ὅλως
1908 1585 2001 1663 ταύ-

632 1739 695 1796 τας
720 1707 955 1811 ἐπιγινώσκει.
988 1704 1231 1808 Ψηφιζόμεθα
1256 1703 1323 1784 οὖν
1347 1704 1404 1805 μή
1429 1703 1519 1782 εἶναι
1546 1703 1671 1789 δεκτιίς
1695 1702 1813 1790 αὐτάς·
1839 1704 1910 1802 κᾷν
1928 1702 2000 1806 γὰρ

633 1831 818 1928 ἐγενοντο,
854 1829 1048 1910 παντελοῦς
1079 1821 1255 1925 ἀπραξίας
1292 1824 1621 1923 κατεψηφίσθησαν
1654 1821 1703 1906 οἷς
1734 1824 1797 1896 καί
1829 1819 1922 1898 ἄλλα
1955 1818 2001 1898 ad

632 1940 758 2019 πολλοί.
816 1943 936 2038 Neque
970 1945 1071 2014 etiam
1107 1941 1286 2014 catholico
1319 1943 1522 2012 sanctissimi
1553 1946 1589 2011 el
1621 1939 1834 2010 Oecomcnici
1873 1939 2001 2012 Τλιουι·

514 2117 519 2128 ,
633 2059 943 2152 Constantinopolis
968 2059 1129 2130 Ecclesia
1161 2057 1229 2128 allo
1262 2057 1361 2128 nodo
1393 2055 1473 2128 illas
1497 2055 1673 2150 Litarpias
1698 2058 1862 2151 apnoscit.
1900 2056 1999 2127 Pro-

630 2179 827 2247 nunciamus
852 2177 956 2270 ipitor
982 2195 1051 2246 non
1078 2195 1152 2246 ease
1177 2174 1241 2246 ίισιι
1256 2172 1484 2267 recipiendos.
1535 2173 1613 2244 Elei
1627 2175 1714 2244 onim
1740 2171 1784 2242 ad
1811 2175 1855 2244 iis
1878 2175 1999 2264 facino

631 2295 717 2380 sint,
744 2291 788 2362 ab
816 2293 906 2360 omni
931 2314 994 2362 aso
1017 2312 1147 2361 cacare
1164 2289 1343 2382 jubentur,
1369 2294 1407 2359 ut
1433 2294 1467 2359 et
1491 2288 1594 2359 annito
1620 2287 1702 2358 olio.
1749 2286 1834 2359 Mox
1858 2289 2000 2382 repetita

633 2430 731 2503 quam
758 2405 943 2478 adduxerat
969 2408 1117 2495 ratione,
1144 2415 1178 2477 ct
1205 2405 1302 2478 ducto
1329 2404 1486 2500 exemplo
1514 2403 1555 2476 ah
1584 2426 1626 2476 ευ
1658 2403 1746 2498 quod
1780 2406 1870 2476 circa
1895 2404 1999 2497 Apo·

632 2521 769 2596 stolicns
798 2518 1078 2612 constitutiones,
1106 2531 1140 2592 et
1167 2519 1345 2592 Clementis
1371 2519 1541 2616 Epistolas
1568 2519 1751 2592 decernunt
1778 2502 1896 2591 Canon
1910 2519 1999 2592 VIII.

632 2637 873 2733 Apostolorum
900 2647 933 2708 ct
959 2636 998 2708 ll.
1026 2635 1222 2726 Traianus,
1249 2638 1294 2708 ita
1321 2636 1495 2708 concludit.
1528 2631 1596 2710 Διά
1616 2663 1673 2709 τοι
1692 2641 1800 2710 τοῦτο
1822 2639 1883 2711 καί
1898 2633 2002 2735 ὀφεί-

632 2760 761 2829 λουσιν
786 2759 897 2826 πᾶσαι
923 2754 961 2826 αἱ
986 2754 1166 2850 ἐκκλησίαι
1191 2757 1259 2827 τοῦ
1287 2757 1377 2828 Θεοῦ
1407 2750 1626 2827 ἀκολουθεῖν
1656 2757 1708 2848 τῷ
1732 2754 1810 2826 ttici
1836 2757 1896 2850 τῆς
1920 2755 2000 2836 νίας

632 2863 786 2966 Ῥώμης,
821 2868 900 2966 ἥτσι
932 2875 994 2966 τῆς
1021 2865 1459 2958 Κωνσταντινουπόλεως,
1490 2871 1552 2942 καί
1583 2869 1780 2969 ἱερουργεῖν
1814 2865 1905 2942 κακοί
1938 2866 2001 2952 τοὶς

631 2983 846 3083 παραδόσεις
870 2994 946 3060 τῶν
970 2983 1140 3087 μεγάλων
1165 2982 1416 3076 διδασκάλων,
1442 2979 1503 3058 καί
1523 2981 1729 3084 φωστήρων
1746 2989 1806 3081 τῆς
1824 2981 2000 3081 εὐσεβείας

613 3104 698 3174 ’τοῦ
727 3101 834 3204 ἁγίου
867 3100 1032 3179 Ἰωάννου
1064 3107 1130 3177 τοῦ
1160 3100 1452 3204 Χρυσοστόμου,
1483 3101 1549 3174 καί
1575 3107 1641 3176 τοῦ
1665 3099 1772 3202 ἁγίου
1796 3102 1998 3176 Βασιλείαν.

632 3219 850 3313 Quapropter
877 3240 990 3291 omncs
1015 3220 1196 3291 Εοσίοιίσο
1221 3221 1291 3291 Dei
1318 3221 1414 3313 scqni
1438 3217 1712 3290 nominarem
1737 3239 1848 3289 noaoo
1865 3218 1998 3289 Romae

629 3337 784 3406 nimirum
811 3334 1137 3428 Constantinopolis,
1165 3342 1200 3406 et
1224 3359 1329 3407 sacro
1355 3335 1533 3406 celebrare
1549 3339 1656 3426 jonio
1691 3335 1893 3405 traditiones
1917 3357 1997 3404 naa-

629 3471 771 3546 qnornm
784 3451 989 3539 Doctorum,
1013 3451 1270 3522 ctlnninarinan
1287 3453 1447 3545 pictatia,
1473 3453 1585 3522 sancti
1600 3449 1997 3543 incontaminatam,
2048 3463 2052 3476 ’

630 3572 666 3636 et
690 3569 802 3638 sancti
826 3567 962 3639 Basilii.
999 3566 1097 3652 Quod
1123 3564 1253 3661 quidem
1280 3569 1364 3640 miro
1393 3576 1589 3660 argumento
1615 3565 1735 3662 probat
1760 3590 1808 3638 ex
1833 3565 1997 3659 Basilius,

605 3681 687 3766 ‚ubi
712 3681 771 3754 lex
798 3684 921 3778 scripta
946 3705 1012 3754 non
1041 3691 1113 3771 est,
1138 3681 1184 3755 ihi
1211 3683 1414 3779 sequendum
1441 3706 1568 3757 morem
1593 3682 1743 3774 Romae,
1771 3683 1858 3779 quod
1880 3682 1997 3757 addus

631 3798 731 3870 civile
758 3808 906 3893 spectat,
933 3820 1000 3870 non
1027 3797 1069 3869 ad
1094 3797 1388 3871 Ecclesiasticum:
1415 3798 1473 3872 sed
1499 3801 1598 3870 etiam
1633 3799 1674 3870 dc
1702 3822 1785 3871 vcra
1802 3797 1910 3871 Roma
1940 3799 1997 3872 di·-

631 3923 718 3986 ctum
747 3925 817 4006 est,
843 3936 911 3987 non
938 3915 980 3988 de
1006 3935 1095 3986 nova
1122 3936 1182 3986 scu
1210 3911 1505 4010 Constantinopoli.

331 4053 397 4115 outa
413 4057 445 4109 a.
460 4058 618 4113 menam.
733 4029 823 4104 XVI.
861 4030 925 4116 Ουί
954 4029 1162 4104 Balsamonis
1196 4035 1452 4105 commentarios
1486 4034 1521 4102 in
1553 4029 1710 4104 canones
1744 4030 1905 4124 legerint,
1941 4041 1997 4104 aut

311 4141 378 4193 ‘¹⁰¹²
631 4169 735 4242 opera
762 4146 846 4219 illins
872 4146 1020 4242 reliqua,
1052 4168 1121 4218 nou
1154 4149 1310 4239 ignorant
1343 4170 1441 4243 quam
1475 4151 1624 4241 angustis
1656 4147 1810 4221 limitibus
1847 4147 1996 4222 doctrina

631 4266 703 4356 ejus
729 4262 968 4336 Ecclesiastica
994 4264 1241 4357 circumscripta
1266 4262 1376 4355 fuerit,
1404 4265 1489 4336 adeo
1516 4273 1552 4337 ut
1578 4268 1707 4360 quoties
1736 4265 1777 4336 dc
1803 4265 1904 4338 rebus
1921 4263 1997 4336 Ec-

630 4381 844 4470 clesiasticis‚
872 4378 914 4451 ad
940 4377 1134 4450 Africanam
1168 4388 1224 4450 aut
1247 4379 1434 4453 Romanam
1464 4380 1651 4453 Ecclesiam
1685 4380 1910 4478 spectantibus
1936 4381 1996 4454 lo-

632 4498 750 4591 quitur,
775 4518 843 4568 non
869 4493 1029 4567 uthomo
1047 4492 1210 4586 Graecus,
1237 4497 1298 4569 scd
1325 4507 1361 4570 ut
1386 4495 1512 4595 Scytha
1527 4496 1698 4570 Barbarus
1724 4496 1891 4593 loquntm,
1906 4507 1997 4570 tanta

630 4615 665 4683 in
691 4635 733 4684 eo
761 4623 813 4686 est
838 4614 938 4684 etiam
963 4633 1074 4683 rerum
1103 4611 1406 4704 vulgadssimamm
1436 4616 1608 4710 imperitia.
1662 4611 1749 4698 Quid
1776 4617 1863 4685 enim
1888 4617 1996 4708 magis

631 4727 816 4801 tacdescit
843 4753 942 4825 quam
967 4750 1054 4818 eum,
1082 4731 1137 4823 qui
1162 4729 1405 4802 Antiochenam
1420 4730 1610 4802 Ecclesiam
1636 4728 1812 4820 obtineret,
1839 4743 1996 4828 essetque

630 4848 666 4916 in
691 4843 800 4917 media
826 4844 948 4941 Syria,
982 4867 1051 4916 non
1076 4846 1254 4936 ignorasse
1279 4846 1449 4920 Ecclesias
1476 4867 1593 4919 omncs
1620 4845 1742 4943 Syras,
1770 4870 1856 4942 quae
1881 4847 1998 4942 lingua

632 4961 722 5057 Syra
749 4964 781 5032 in
808 4964 912 5035 sacris
938 4969 1124 5052 uterentur,
1151 4959 1275 5034 habere
1300 4963 1420 5037 iacobi
1444 4961 1640 5056 Liturgiam,
1667 4972 1766 5059 atque
1794 4964 1879 5037 adeo
1906 4966 1995 5038 illam

632 5076 842 5150 sacculorum
869 5099 974 5173 prope
1002 5074 1117 5148 decem
1144 5077 1314 5174 disciplina
1342 5079 1576 5154 commendari.
1630 5077 1715 5152 Nam
1736 5078 1867 5153 Graeca
1894 5079 1994 5152 editio
