4680 6044
377 1391 499 1444 cationes

412 1491 471 1548 cod.
489 1496 552 1548 228.

705 544 782 618 210
1212 544 1650 626 COMMENTARIUS

706 728 838 792 Sorrrtus
859 729 956 804 Deru,
980 737 1104 790 soricius
1122 730 1233 808 sortis,
1256 737 1380 792 sancum
1400 733 1603 818 immortalir;
1632 735 1685 814 qui
1709 741 1799 795 uatus
1828 755 1862 797 es
1881 737 1922 797 de
1950 738 2077 818 Virpine,

706 828 852 888 miserere
872 827 968 888 nebu
1013 827 1074 903 Qui
1094 831 1260 908 msmficus
1281 849 1315 890 es
1332 849 1393 908 pro
1414 809 1516 906 noim,
1539 835 1685 894 numere
1706 833 1810 908 nota,
1840 835 1892 914 qui
1917 841 2081 900 mmai

705 944 728 986 a
749 927 877 987 nermo
899 933 928 987 et
954 926 1179 988 meruisti
1165 949 1198 988 m
1228 929 1361 1001 caelum,
1389 931 1536 991 miserere
1563 931 1669 992 nebu.-
1697 929 1735 990 Et
1763 937 1797 991 ut
1825 933 1855 992 in
1884 931 1942 993 alio
1967 935 2076 1000 Codice

704 1042 766 1106 qao
790 1024 957 1088 Tlreotolsia
979 1025 1186 1088 continentur:
1218 1025 1350 1088 Sarrctar
1370 1026 1471 1102 neu,
1501 1037 1625 1091 sanctam
1650 1028 1760 1106 sorim,
1790 1037 1845 1093 etc.
1877 1031 1915 1092 ad
1942 1033 2076 1116 singulas

683 1122 771 1193 ,illas
795 1123 964 1186 additiones
987 1125 1146 1204 repetitur.

412 1215 482 1269 lilius
500 1219 621 1274 diversae
641 1239 690 1290 pa-

377 1301 529 1370 raphrases,
553 1315 579 1359 et
604 1311 691 1378 expli·

790 1221 877 1285 Aliae
899 1221 1100 1303 diversaeque
1124 1223 1259 1306 ejusdem
1282 1222 1486 1304 paraphrases
1509 1227 1725 1287 occurrentia
1752 1225 1956 1290 Jacobitarnm
1979 1229 2074 1312 Syro·

703 1338 769 1382 rum
791 1320 874 1384 libris
897 1321 1137 1401 Ecclesiasticis,
1161 1342 1201 1384 ex
1223 1321 1330 1402 quibus
1353 1322 1480 1405 intelligi
1503 1322 1624 1401 volunt,
1647 1325 1788 1405 hymnum
1810 1333 1905 1388 totum
1928 1326 1965 1388 ad
1987 1327 2075 1390 Chri-

704 1426 782 1482 stum
805 1418 929 1494 refer-rm
954 1422 1035 1500 qnod
1058 1423 1084 1483 si
1106 1421 1214 1499 lieret,
1239 1437 1347 1481 carere
1370 1420 1451 1481 illum
1474 1423 1554 1484 omni
1575 1439 1691 1502 pravae
1721 1422 1876 1487 doctrinae
1904 1427 2075 1506 suspicione

698 1517 843 1598 judicavit
866 1519 935 1581 olim
960 1517 1125 1582 calandion
1145 1517 1372 1596 Antiochenam,
1403 1520 1453 1599 qui
1477 1518 1595 1582 Christe
1623 1521 1693 1582 lieu
1720 1523 1803 1584 initio
1832 1523 1901 1585 addi
1925 1524 2074 1605 jusserat:

700 1623 732 1678 et
753 1624 861 1698 postea
884 1618 949 1698 ejus
971 1636 1151 1696 successor,
1176 1617 1305 1696 fideique
1328 1617 1457 1680 imitator
1479 1618 1694 1699 Ephraemius,
1717 1623 1820 1700 quiin
1842 1623 1904 1684 sais
1923 1626 2073 1704 excerptis

700 1715 782 1796 apud
804 1716 950 1794 Plotium,
974 1721 1059 1792 (nam
1082 1717 1159 1780 liber
1181 1718 1277 1797 ipsius
1300 1717 1483 1794 intercidit,)
1502 1716 1673 1781 Orientales
1696 1721 1747 1799 qui
1769 1719 1910 1800 hymnum
1929 1719 1966 1780 ad
1985 1719 2073 1783 Cirri-

700 1820 778 1874 stum
800 1814 993 1877 referendum
1016 1817 1107 1878 certis
1130 1815 1232 1878 verbis
1255 1815 1469 1893 determinant,
1493 1815 1531 1877 ab
1554 1819 1634 1878 omni
1664 1819 1781 1880 erroris
1812 1818 1987 1898 suspicione
2016 1819 2071 1880 ab·

699 1913 798 1975 solvit.
841 1913 875 1975 lu
899 1914 1004 1977 eadem
1032 1932 1159 1996 prorsus
1187 1915 1337 1976 sententia
1359 1922 1429 1976 sunt
1457 1913 1606 1998 Theologi
1627 1917 1786 1980 lacobitae
1818 1917 1871 1998 qui
1899 1915 1937 1980 de
1967 1919 2072 1981 eodem

698 2010 810 2092 hymno
833 2014 1038 2095 scripserunt,
1061 2013 1224 2095 Dionysius
1246 2012 1396 2076 Barsalibi
1417 2013 1543 2076 Auridae
1565 2015 1777 2095 Metropolim,
1800 2017 1831 2077 in
1853 2014 2071 2081 Commentario

698 2109 736 2172 ad
758 2111 867 2174 Jacobi
888 2113 1072 2196 liturgiam,
1096 2121 1126 2175 et
1152 2114 1183 2174 in
1206 2112 1359 2194 Apologia
1388 2111 1536 2175 adversus
1561 2113 1852 2204 *Calchedoneusem
1877 2133 1933 2177 seu
1960 2113 2072 2178 tlrtlro-

697 2210 804 2274 dosos.
847 2212 1001 2289 Dicimus,
1024 2214 1136 2294 iuquit,
1158 2212 1201 2273 ad
1221 2213 1303 2273 ittam
1325 2209 1513 2287 (Christum)
1537 2210 1665 2284 Sanctus
1687 2214 1788 2290 Deus,
1809 2215 1882 2295 quia
1904 2214 1974 2276 licet
1992 2233 2073 2293 pau-

691 2329 752 2390 per
771 2311 874 2390 sactus
902 2314 944 2372 sit
970 2331 1038 2374 cum
1065 2313 1245 2373 incarnatus
1273 2318 1336 2387 eat,
1365 2317 1496 2372 nonest
1515 2318 1615 2373 tamma
1643 2315 1834 2388 immutatus,
1863 2312 1919 2374 sed
1944 2333 1980 2374 eo
2006 2315 2073 2393 ipso

695 2426 754 2488 quo
776 2411 956 2472 incarnatus
976 2418 1032 2487 est,
1054 2410 1150 2472 Densm
1173 2428 1239 2472 erse
1261 2428 1294 2472 se
1316 2409 1453 2472 ostmrdit.
1501 2409 1574 2472 Cum
1595 2411 1725 2473 dminus
1747 2410 1874 2475 Sanctus
1896 2409 1993 2490 sortis,
2021 2414 2073 2474 ia-

696 2508 855 2587 teliiyimus
875 2508 972 2570 Deum
1000 2509 1142 2584 Verbum,
1165 2510 1218 2588 qui
1238 2527 1362 2570 carnem
1384 2509 1562 2588 accipiendo
1587 2529 1655 2589 pro.
1676 2510 1782 2586 modu,
1811 2511 1948 2590 infirmus
1969 2529 2070 2591 appo-

695 2607 773 2680 ruit,
793 2606 905 2684 [ortem
924 2626 991 2670 esse
1001 2607 1116 2687 duplici
1136 2609 1273 2669 satiasse:
1296 2613 1327 2668 et
1345 2607 1418 2686 quia
1439 2609 1553 2668 munta
1571 2607 1782 2688 impossibiles,
1804 2617 1835 2671 et
1848 2612 1920 2689 puio
1933 2618 2072 2672 emmam

696 2705 817 2768 decimi.
864 2705 938 2768 Cam
960 2707 1089 2768 dicim
1112 2705 1241 2768 Sanctus
1263 2705 1452 2783 immortalis,
1475 2707 1635 2769 laudamus
1663 2707 1805 2783 Verbum,
1826 2710 1899 2788 auia
1923 2715 1996 2788 post
2019 2711 2071 2770 in-

695 2809 902 2869 carnationem
923 2813 954 2866 et
970 2823 1104 2885 pupnom
1126 2824 1193 2867 cum
1215 2813 1329 2880 morte,
1351 2807 1466 2866 music
1485 2807 1811 2886 immortalequatenus
1827 2807 1927 2869 neu:
1944 2807 2072 2870 Tandem

695 2903 836 2966 addendo
859 2906 909 2984 qui
932 2903 1093 2966 crucitixus
1117 2923 1151 2967 es
1174 2921 1232 2985 pro
1255 2904 1360 2983 nobis,
1386 2905 1507 2984 prodas
1535 2906 1597 2984 ipsi
1624 2907 1757 2986 aqimus,
1780 2907 1861 2986 quod
1882 2907 1925 2967 od
1953 2925 2073 2968 muscum

694 3008 725 3062 et
746 3011 871 3065 morters
892 3005 924 3066 in
946 3003 1289 3083 cummperserendom,
1312 3006 1412 3065 noemi
1432 3021 1528 3064 carna
1550 3004 1713 3068 deamicrit.
1759 3003 1820 3068 Sed
1841 3003 1937 3066 fusius
1952 3003 1991 3066 de
2009 3003 2071 3067 iroc

695 3108 873 3185 argumento
895 3103 1018 3183 scripsit
1039 3101 1111 3164 Abu
1132 3101 1239 3163 Raitha
1263 3101 1450 3164 Takriteusis
1473 3104 1622 3182 inopere
1645 3102 1812 3186 singulari,
1835 3102 1887 3164 ubi
1910 3105 1988 3165 inter
2011 3103 2069 3164 alia

693 3199 769 3264 haec
792 3202 944 3284 leguntur.
990 3201 1065 3263 Cum
1086 3199 1262 3262 Nestoriani
1282 3208 1312 3261 et
1332 3201 1490 3262 lllelclsitae
1511 3201 1639 3262 audaunt
1658 3220 1680 3262 o
1700 3202 1790 3264 raodm
1816 3202 1956 3283 lymmun
1984 3221 2070 3282 poem

693 3306 741 3360 ter
764 3301 909 3377 dicimus,
932 3301 1064 3363 Sanctus
1083 3300 1185 3362 Deus:
1207 3306 1332 3361 sanctus
1350 3299 1462 3377 [ortis.-
1485 3307 1610 3362 sanemus
1622 3301 1817 3376 immortalis,
1839 3302 1892 3381 qui
1905 3303 2070 3381 mulieres

693 3401 930 3480 caprenciis,
959 3402 1105 3461 miserere
1125 3398 1230 3472 noim
1260 3399 1408 3460 extollam
1434 3417 1526 3460 uoces
1556 3417 1631 3460 mas
1663 3401 1827 3462 Moesum
1854 3418 1927 3477 nos,
1956 3417 2069 3480 nosque

692 3505 795 3560 sectae
815 3497 1005 3562 iacebiticne
1027 3497 1225 3562 Ortiodocae
1246 3514 1392 3576 sequaces
1417 3499 1554 3576 praviter
1576 3499 1770 3561 insectantur.
1821 3498 1929 3560 Verum
1948 3497 2068 3576 summat

691 3597 728 3658 id
747 3600 914 3676 immmito,
937 3599 1008 3660 dum
1030 3600 1210 3678 opinantur,
1232 3597 1313 3676 quod
1334 3602 1458 3656 sanctus
1478 3594 1579 3669 Deras,
1602 3597 1697 3657 eadat
1716 3598 1747 3657 in
1774 3595 1916 3656 Patrem:
1945 3605 2068 3660 sanctus

689 3694 800 3773 fortis,
823 3699 918 3760 cadat
936 3699 969 3758 in
990 3697 1114 3759 Filium:
1137 3701 1261 3756 canonas
1287 3695 1484 3769 immortalis,
1507 3696 1601 3756 cadat
1620 3696 1653 3756 in
1667 3696 1807 3773 spiritran
1821 3703 1969 3756 sanctur.
1993 3694 2067 3758 um

691 3813 766 3856 cero
788 3815 827 3857 ea
847 3797 982 3858 dicimus
1002 3795 1113 3870 amba,
1137 3794 1396 3872 concludimus-tque
1414 3812 1473 3872 pcr
1495 3795 1597 3854 micis
1618 3795 1939 3868 commmodum,
1956 3796 2067 3856 misti-

691 3894 850 3956 montilla
871 3895 977 3956 marra
996 3893 1116 3972 referre
1136 3911 1193 3954 uos
1215 3893 1258 3954 ad
1279 3891 1452 3952 Trinitatem
1474 3898 1621 3954 sanctem.
1672 3891 1779 3953 Verum
1800 3910 1857 3966 res
1878 3909 1939 3953 non
1967 3894 2012 3953 ita
2033 3911 2066 3954 ae

690 3990 797 4066 labet,
820 3993 1069 4072 quemodmm
1082 3991 1240 4070 judicant,
1262 4008 1356 4070 nepam
1376 4009 1452 4052 cero
1473 3998 1520 4054 est
1547 3991 1667 4052 illorum
1695 3990 1845 4052 adamum
1872 4008 1930 4052 nos
1957 3993 2066 4053 emmi-

689 4093 785 4152 motiu.
829 4091 925 4171 Hujrrs
946 4097 1046 4152 autem
1067 4089 1169 4172 tymni
1190 4090 1266 4151 iaec
1288 4090 1496 4168 interpretatio
1518 4097 1572 4154 est.
1606 4089 1738 4152 Sanctus
1754 4090 1839 4152 Deras
1852 4090 1905 4169 qui
1916 4091 2065 4150 incomta-

691 4193 740 4251 tur
761 4208 795 4252 es
812 4209 873 4269 pro
900 4189 988 4250 nodis
1016 4188 1129 4268 absque
1153 4189 1376 4264 immutatione,
1405 4206 1586 4267 permanens
1613 4189 1647 4248 in
1674 4194 1756 4250 statu
1782 4188 1950 4250 dicuntatis
1976 4194 2064 4249 luae:

690 4296 815 4351 sancum
834 4287 927 4368 sortis
948 4289 1000 4367 qui
1021 4288 1180 4349 ostmrdrsti
1199 4305 1289 4366 quam
1316 4303 1428 4366 mapuo
1445 4293 1582 4366 potestas
1611 4293 1664 4348 trra
1692 4293 1786 4362 essct,
1817 4286 1994 4348 eclibmdo
2013 4289 2064 4348 iu-

687 4388 872 4466 firmitatem.
916 4386 1048 4449 Sancum
1068 4387 1246 4448 immortalis
1266 4385 1318 4465 qui
1346 4385 1512 4463 cmucificus
1540 4403 1574 4446 es
1598 4391 1727 4464 propter
1754 4402 1832 4457 που
1859 4385 1912 4464 qui
1936 4390 2064 4446 mortem

689 4487 794 4548 oolem
816 4487 992 4564 acccepisti,
1023 4491 1053 4546 et
1080 4486 1249 4546 nuinmsti
1277 4500 1345 4544 eam
1372 4486 1404 4544 in
1432 4501 1561 4562 corpore
1584 4491 1635 4544 tuo
1656 4500 1748 4562 nuper
1770 4501 1906 4544 cramerm
1928 4487 2064 4542 mortuus

688 4587 789 4660 oinss,
810 4603 868 4647 nec
890 4591 990 4646 tamem
1010 4586 1158 4658 moreris,
1181 4585 1327 4645 numerere
1347 4580 1443 4644 nodia
1488 4581 1715 4660 Respondemus
1729 4581 1836 4660 ipitur,
1858 4587 2000 4660 quonam
2021 4580 2064 4640 od

642 4669 645 4678 ¹
689 4687 859 4762 opinionem
880 4684 964 4745 iliam
985 4701 1075 4764 piam
1097 4683 1135 4743 de
1156 4681 1244 4743 modu
1265 4681 1391 4756 labent,
1411 4698 1469 4742 nos
1490 4681 1580 4742 talem
1602 4679 1818 4758 blaupltemiom
1838 4697 1900 4740 non
1929 4678 2062 4752 medere,

688 4800 783 4861 neque
804 4782 854 4844 cel
880 4783 1041 4862 capitorsdo
1069 4781 1112 4842 ad
1139 4799 1207 4841 eam
1236 4781 1392 4842 inclinare.
1443 4779 1549 4841 Verum
1577 4797 1613 4840 eo
1639 4779 1748 4859 dymno
1780 4777 1939 4838 laodomam
1971 4795 2062 4838 unam

689 4882 780 4942 trium
798 4899 1002 4960 percussurum
1024 4881 1210 4954 ἀίυίηαηιηι,
1231 4878 1329 4941 Deum
1355 4877 1483 4940 Verbum
1503 4879 1695 4940 incarnatum
1717 4885 1746 4938 et
1771 4877 1919 4938 loannem
1946 4875 2062 4954 factam

684 4985 814 5060 propter
833 4996 908 5055 nos,
930 4977 1043 5058 absque
1064 4979 1285 5053 immutatione,
1306 4983 1361 5040 aut
1381 4978 1560 5040 weronam
1580 4993 1601 5036 a
1623 4977 1780 5038 diuinitate
1801 4993 1876 5050 aaa,
1903 4983 1958 5036 out
1978 4973 2061 5036 dmi-
