4736 6064
665 483 741 559 510
1039 482 1655 562 osssnnvltlorths

662 671 834 732 serenioris
860 670 958 732 nostri
984 668 1016 730 in
1045 670 1168 731 saecula
1200 669 1400 732 scenitarum.
1446 669 1552 734 Amen.
1595 669 1710 752 Nempe
1740 669 1822 752 quod
1851 669 1883 734 in
1904 670 2038 755 Syriacis

661 768 804 851 liturgiis
828 767 915 830 editis
938 769 969 829 in
990 767 1105 828 blissali
1127 768 1305 831 Maronitieo
1328 765 1483 847 lecerunt,
1513 771 1565 849 qui
1595 768 1719 832 editioni
1749 768 1928 850 praefuere,
1956 773 2037 837 idem

661 868 692 930 in
715 868 857 931 versione
886 866 1068 946 interpretes
1099 868 1331 947 praestiterunt,
1360 873 1394 930 ut
1422 867 1452 928 in
1476 865 1610 948 Coptieis
1639 865 1859 932 transferendis
1882 871 2037 934 Victorius

662 965 815 1030 Scieleoh:
838 983 899 1028 non
920 972 1022 1042 recte,
1045 972 1078 1028 nt
1099 965 1229 1030 videtur.
1276 966 1354 1041 Quid
1377 967 1456 1028 enim
1477 966 1552 1030 illnd
1574 972 1640 1029 erat
1662 967 1721 1028 nisi
1743 967 1876 1032 lectores
1899 970 2037 1032 incautos

660 1066 690 1128 in
714 1082 850 1128 errorem
874 1063 1030 1142 inducere,
1053 1082 1108 1128 eos
1131 1066 1322 1145 praesertim,
1345 1067 1396 1146 qni
1417 1065 1536 1148 linguas
1552 1064 1724 1128 Orientales
1747 1067 1934 1148 ignorarent.
1962 1069 2037 1131 Nem

658 1165 699 1227 ite
723 1164 833 1227 iactum
856 1173 913 1241 est,
937 1170 969 1225 ut
991 1163 1043 1243 qui
1064 1163 1140 1226 tales
1163 1163 1347 1244 interpretes
1370 1171 1492 1226 secutus
1516 1164 1554 1227 de
1566 1164 1759 1244 Aethiopum,
1782 1171 1832 1227 ant
1850 1164 2037 1246 Coptitarum

659 1263 815 1344 discipline
838 1261 1043 1324 Eucharistioa
1063 1262 1253 1342 judicaverit,
1275 1263 1306 1323 in
1329 1263 1488 1325 maximum
1511 1281 1648 1326 errorem
1670 1263 1774 1346 lepsus
1796 1264 1897 1330 inerit.
1931 1265 2036 1329 Liceat

660 1363 717 1425 illis
741 1363 792 1443 qui
816 1361 1004 1424 autoritatem
1027 1360 1138 1424 hebent
1160 1361 1323 1424 emendare
1342 1360 1422 1440 quod
1437 1373 1562 1442 pravum
1577 1369 1639 1424 est:
1663 1371 1693 1424 et
1706 1365 1901 1444 interpretem
1915 1365 2035 1447 privato

660 1460 786 1524 consilio
810 1459 842 1521 id
863 1458 966 1522 lacere
989 1479 1051 1524 non
1073 1461 1153 1525 licet.
1200 1460 1301 1524 Verba
1323 1460 1417 1541 igitur
1438 1459 1632 1543 Aethiopica,
1655 1463 1701 1524 sic
1723 1463 1933 1526 transferenda
1954 1471 2035 1528 sunt.

659 1560 792 1625 Oramus
813 1569 841 1623 te
857 1561 985 1624 Domine
1007 1571 1038 1626 et
1058 1564 1258 1643 deprecamur
1280 1570 1309 1624 te
1330 1569 1364 1623 nt
1383 1563 1487 1624 mittas
1508 1571 1645 1626 sanctum
1659 1563 1823 1644 Spiritusne,
1845 1570 1877 1624 et
1894 1565 2035 1625 virtutem

659 1681 750 1740 stepen
764 1663 843 1722 hunc
854 1679 974 1739 ponem,
997 1670 1027 1724 et
1048 1681 1140 1742 nuper
1161 1661 1240 1723 bunc
1262 1661 1397 1736 calicem
1420 1670 1451 1723 et
1468 1660 1570 1740 facim
1590 1663 1672 1724 ilium
1694 1669 1846 1741 corpuset
1858 1663 2036 1742 cmtpuiuem

658 1759 783 1820 Domini
804 1767 834 1820 et
854 1760 1020 1823 calcatoria
1041 1763 1140 1824 nostri
1161 1759 1237 1822 Jeme
1259 1758 1387 1837 Christi,
1409 1762 1441 1821 in
1463 1761 1588 1822 scaeua
1609 1761 1808 1825 saeuiturum.
1843 1759 1946 1824 Anien
1991 1759 2036 1822 lta

659 1857 736 1920 haec
759 1858 924 1921 invocandi
949 1858 1078 1941 Spiritus
1102 1861 1199 1922 sancti
1221 1859 1333 1937 forme,
1357 1877 1424 1921 cum
1448 1859 1590 1936 Graecis,
1613 1859 1749 1940 Copticis
1772 1866 1802 1921 et
1825 1858 1957 1940 Syriacis
1980 1863 2037 1920 ac'-

660 1965 766 2020 curate
789 1959 941 2021 convenit.
965 1958 1073 2022 lisdem
1097 1976 1217 2039 quoque
1231 1958 1334 2022 verbis
1349 1958 1462 2040 legitur
1475 1960 1506 2020 in
1516 1958 1653 2042 liturgia
1675 1959 1807 2022 secunda
1829 1976 1933 2021 earum
1957 1977 2035 2040 quae

659 2055 773 2120 Romae
796 2057 895 2120 editae
917 2064 1003 2138 sunt,
1033 2057 1152 2120 ethere
1175 2057 1312 2120 similiter
1334 2059 1365 2120 in
1387 2057 1501 2137 aliquot
1523 2057 1587 2120 aliis
1610 2057 1838 2138 manuscriptis,
1866 2058 1925 2120 nisi
1954 2056 2036 2138 quod

659 2157 690 2217 in
714 2154 862 2235 aliquibus
884 2164 918 2218 ut
940 2157 970 2218 in
993 2175 1029 2219 ea
1052 2175 1130 2239 qnae
1153 2156 1261 2219 dicitnr
1284 2155 1410 2220 Joennis
1433 2156 1659 2238 Evangelistae,
1683 2156 1802 2219 additur
1822 2173 1901 2218 vox:
1925 2175 2035 2236 nempe

659 2257 837 2331 communio,
861 2255 926 2318 sive
950 2258 1180 2318 communicatio
1203 2256 1342 2337 corporis
1365 2256 1704 2339 etsanguinisliomini
1717 2254 1900 2318 nostriJesn
1913 2254 2035 2320 Christi.

658 2352 693 2414 ln
723 2353 779 2416 alia
810 2372 888 2435 quae
919 2354 1028 2418 dicitur
1056 2353 1239 2419 cccxvttt.
1283 2355 1403 2418 Petrum
1432 2354 1643 2418 Nioeenorum.
1688 2353 1729 2416 lit
1748 2357 1885 2418 mittebar
1904 2354 2036 2433 speinis

658 2459 728 2514 tuus
749 2460 882 2529 senem,
906 2474 947 2516 ee
968 2453 1141 2516 bchitoeulo
1163 2454 1350 2516 mbstantiae
1372 2458 1452 2534 pan,
1476 2455 1642 2516 descendet
1662 2463 1692 2516 et
1712 2455 1824 2530 veniet,
1846 2460 1876 2514 et
1897 2451 2036 2531 resplen-

657 2552 731 2612 dent
751 2571 843 2631 super
864 2551 943 2615 bunc
961 2573 1087 2634 ponem,
1116 2562 1146 2615 et
1165 2555 1222 2632 fiet
1242 2571 1354 2633 corpeus
1377 2553 1492 2616 Christi
1511 2553 1572 2614 Dei
1591 2554 1709 2614 noemi:
1736 2559 1921 2632 noteturque
1941 2569 2037 2630 sapor

656 2650 745 2728 bajus
768 2653 875 2713 culicis
896 2659 927 2713 et
944 2653 1002 2732 fiat
1023 2654 1148 2732 sanwic
1171 2651 1285 2715 Christi
1307 2652 1368 2714 Dei
1393 2654 1499 2714 nostri.
1545 2650 1657 2714 Retulit
1686 2651 1744 2714 hoc
1774 2651 1974 2713 testimonium
2004 2650 2034 2710 in

656 2747 816 2811 Itinerario
839 2767 895 2812 suo
917 2749 1020 2813 ltelieo
1043 2750 1254 2826 Wanslebins,
1285 2769 1325 2813 ex
1349 2749 1462 2814 Codice
1484 2750 1674 2815 Pocockiano
1697 2751 1916 2833 liturgiarum,
1945 2766 2034 2829 quem

657 2848 786 2911 londini
809 2849 1014 2931 descripserat
1037 2867 1114 2912 enno
1137 2849 1284 2914 mbcnx.
1308 2857 1339 2912 et
1362 2851 1448 2931 cujus
1472 2849 1679 2931 apographum
1702 2849 1847 2911 habuerat
1869 2849 1905 2912 D.
1929 2848 2034 2910 Ludo-

658 2949 745 3010 vicns
768 2948 895 3030 Picques
918 2949 1033 3012 Dector
1056 2948 1254 3028 sorbonicus,
1286 2967 1303 3011 a
1332 2967 1392 3030 quo
1420 2967 1486 3013 cum
1511 2949 1576 3011 eliis
1598 2949 1807 3029 manuscriptis
1831 2947 2032 3010 Orientalibus

658 3047 796 3110 relictum
819 3055 867 3110 est
888 3047 1093 3111 Bibliothecae
1114 3047 1174 3110 hill.
1197 3048 1250 3111 PP.
1272 3049 1534 3113 Dominicanorum
1558 3048 1595 3111 ad
1618 3056 1753 3110 sanctum
1777 3047 1979 3122 Honoratum,
2001 3047 2034 3107 in

660 3165 718 3228 que
742 3154 898 3225 servatur,
923 3154 954 3209 et
976 3145 1056 3208 unde
1078 3146 1151 3211 illud
1173 3146 1337 3209 babuimus.
1383 3148 1480 3210 Peuce
1504 3147 1540 3209 ad
1564 3147 1637 3208 illud
1659 3147 1860 3210 testimonium
1883 3146 2034 3208 observa-

657 3246 765 3309 bimus.
806 3244 840 3307 ln
863 3248 958 3327 prima
980 3245 1109 3308 formula
1133 3245 1269 3308 adhaec
1292 3247 1387 3310 verbe
1404 3246 1549 3326 &mmm
1571 3245 1709 3308 cenoman
1730 3255 1811 3310 mum
1832 3252 1863 3306 et
1883 3248 2033 3319 cutonem,

658 3364 726 3409 cum
748 3346 898 3426 scriptura
922 3345 1101 3426 Aethiopica
1123 3343 1153 3406 id
1176 3344 1285 3407 babeat
1307 3345 1476 3428 singulare,
1508 3345 1588 3425 quod
1618 3346 1720 3426 apices
1744 3346 1785 3407 ite
1806 3343 1901 3406 literis
1924 3343 2034 3424 adjun-

658 3453 789 3528 guntur,
819 3452 852 3506 ut
874 3444 998 3507 vocales
1022 3443 1157 3506 diversas
1181 3443 1308 3506 elliciant
1331 3443 1392 3506 levi
1414 3443 1563 3507 interdum
1585 3443 1772 3521 discrimine,
1804 3442 1892 3506 facile
1915 3442 2034 3503 videtur

657 3545 831 3607 translatam
860 3542 898 3605 eb
927 3561 988 3606 uno
1020 3543 1057 3604 ed
1080 3542 1160 3604 aliud
1183 3542 1278 3604 latere
1301 3549 1402 3604 notem
1424 3541 1532 3605 luisse:
1563 3557 1641 3623 quaa
1669 3543 1696 3605 si
1725 3541 1834 3605 dextro
1865 3549 2034 3621 apponatur

657 3659 766 3704 sensus
789 3643 856 3718 erit,
879 3641 1026 3720 Spirihcm
1047 3649 1185 3704 sanonum
1207 3649 1237 3704 et
1257 3642 1397 3704 uirtutem
1418 3644 1485 3720 ejus
1492 3662 1506 3715 ,·
1528 3649 1561 3702 ut
1583 3642 1614 3702 in
1636 3640 1789 3723 plerisque
1813 3641 1879 3703 aliis
1888 3639 2034 3723 liturgiis

657 3739 804 3822 legimus:
828 3740 921 3802 etita
944 3757 1052 3802 sensus
1075 3741 1133 3802 erit
1156 3740 1251 3820 magis
1274 3742 1471 3820 perspicuus,
1500 3740 1635 3821 quemvis
1658 3741 1747 3802 etiam
1768 3739 1946 3819 simpliciter
1967 3739 2035 3801 vir-

658 3847 751 3901 tutem
776 3838 904 3900 divinam
928 3838 1099 3922 intelligere
1120 3840 1281 3920 possimus.
1317 3837 1461 3919 Sequitur
1483 3846 1513 3900 et
1530 3838 1634 3917 socium
1653 3839 1735 3900 iilum
1757 3855 1884 3916 empus,
1907 3845 1937 3899 et
1957 3857 2035 3899 sun-

657 3940 787 4018 puiuem
803 3944 859 3999 etc.
894 3937 979 3998 Verti
995 3944 1097 4018 potest
1115 3945 1145 3998 et
1159 3936 1269 4015 facim,
1292 3954 1359 3998 nem
1383 3937 1627 4000 characteristica
1650 3935 1738 4000 litere
1751 3939 1859 4000 tertiae
1881 3953 2034 4017 personae

658 4035 751 4098 futuri
774 4036 920 4114 temporis
942 4035 973 4096 in
1001 4054 1116 4118 genere
1145 4034 1324 4113 loentinino,
1355 4036 1440 4117 cujus
1464 4042 1510 4098 est
1533 4035 1612 4115 apud
1634 4034 1802 4116 Aethiopes
1823 4052 1886 4097 vex
1908 4035 2034 4114 Medea,

659 4153 736 4217 qnae
767 4135 903 4214 spiritum
933 4134 1097 4216 signifieat,
1128 4134 1234 4198 eadem
1264 4141 1311 4197 est
1341 4153 1377 4197 ac
1407 4135 1559 4198 secundae
1582 4150 1743 4214 personae.
1788 4132 1921 4214 Utraque
1942 4133 2033 4196 lectio

657 4233 865 4296 indifferenter
888 4235 1020 4297 occurrit
1043 4235 1073 4294 in
1094 4234 1187 4296 uariis
1211 4233 1365 4315 Liturgiis,
1389 4241 1420 4294 et
1443 4233 1591 4296 sententia
1614 4232 1720 4296 eadem
1745 4240 1801 4296 est.
1845 4232 1927 4296 Deus
1943 4233 2033 4306 enim,

659 4342 690 4395 ct
712 4340 746 4395 ut
760 4332 995 4415 aliiloquuntur,
1017 4334 1084 4414 ipse
1097 4331 1233 4396 Christus
1256 4339 1313 4409 est,
1337 4333 1388 4414 qui
1411 4332 1622 4414 perspiritum
1644 4339 1790 4407 sanctum,
1814 4349 1923 4412 panem
1945 4330 2035 4392 ehlcit

659 4451 743 4496 suam
767 4447 903 4510 carnem,
936 4439 967 4495 et
995 4433 1095 4496 vinnm
1125 4449 1211 4495 suum
1233 4431 1413 4494 transfundit
1435 4433 1465 4494 in
1487 4433 1683 4514 sanguinem,
1711 4437 1742 4493 et
1770 4438 1891 4494 veteres
1921 4429 2033 4493 Missae

659 4530 853 4611 expositores
876 4530 1072 4596 tradiderunt.

748 4628 881 4692 Verbum
905 4635 1003 4693 autem
1016 4629 1228 4710 Aethiopicum
1251 4629 1332 4711 quod
1354 4631 1412 4694 hoc
1434 4628 1504 4693 loco
1527 4630 1671 4708 occurrit,
1691 4627 2034 4706 momentanee,

660 4727 863 4809 ipseLudollo
879 4735 957 4791 teste
973 4729 1134 4812 significat,
1158 4736 1191 4792 ut
1205 4729 1328 4810 scripsit
1348 4731 1378 4791 in
1401 4729 1496 4810 prima
1509 4728 1614 4792 Lexici
1625 4727 1797 4809 Aethiopici
1820 4728 1866 4790 sui
1889 4727 2033 4804 editione,

661 4845 750 4908 quam
771 4833 870 4889 tamen
892 4827 1141 4910 significationem
1164 4828 1263 4890 endsit
1285 4829 1316 4890 in
1338 4827 1484 4894 secunda.
1513 4829 1625 4890 Verum
1639 4827 1725 4890 eliam
1737 4825 1830 4905 dedit,
1853 4843 1920 4889 cum
1934 4824 2033 4887 locum

661 4941 700 4987 ex
724 4925 849 4987 llomilia
871 4924 979 4990 Jacobi
1002 4926 1186 5009 Serugensis
1216 4927 1393 5008 protulisset
1422 4926 1460 4990 de
1489 4927 1617 4990 mirabili
1646 4933 1797 5007 conceptu
1825 4923 1900 4988 iesu
1920 4923 2036 4988 Christi
