4680 6044
622 619 890 698 brinnacum
907 615 1100 696 coruram
1119 618 1149 696 s.
1168 617 1312 696 arsum
1575 617 1648 691 trs
1729 577 1736 600 ”

283 807 340 872 bus
364 813 448 870 notat
469 806 668 886 Alvarezius,
692 812 722 868 et
744 805 786 867 ita
807 804 875 867 lieri
897 805 927 868 in
948 803 1104 886 plerisque
1127 801 1330 866 Orientalibus
1352 801 1463 866 docent
1480 801 1654 866 Relationes
1683 819 1738 873 trba
1752 821 1824 874 Aeta.
1837 841 1895 894 cap.
1908 825 1951 877 n.

285 901 460 968 itinerariae
484 906 604 984 variae,
627 911 658 968 et
680 904 717 966 ab
741 903 866 966 advenis
889 904 974 986 Syris
996 901 1095 965 multis
1118 901 1284 967 didicimus.
1311 902 1430 964 Furnos
1461 919 1548 982 quem
1570 901 1656 964 desi-

285 1012 380 1086 gnant
395 1005 543 1088 authepsa
557 1004 704 1087 quaedam
727 1010 786 1080 est,
805 1004 836 1065 in
858 1021 917 1084 qua
939 1001 1129 1084 placentulas
1152 1002 1183 1064 in
1205 1019 1331 1082 quarum
1351 1001 1479 1084 liguram
1501 1000 1655 1082 linguntur

284 1103 422 1184 subjecto
445 1107 517 1189 igne
539 1106 638 1168 statim
661 1110 880 1184 excoquuntur.
902 1101 962 1168 Sed
984 1119 1085 1182 neque
1107 1100 1204 1164 minor
1226 1100 1297 1164 olim
1320 1099 1374 1162 luit
1401 1100 1432 1160 in
1453 1100 1567 1162 Latinis
1588 1101 1653 1164 Ec-

284 1203 385 1268 etesiis
408 1223 480 1267 cura
504 1210 537 1267 et
558 1204 730 1288 diligentia,
753 1211 786 1266 ut
800 1203 887 1284 panis
901 1208 932 1264 et
951 1201 1052 1264 vinum
1070 1219 1110 1263 ex
1131 1200 1238 1280 quibus
1255 1199 1436 1262 sacrificium
1458 1199 1653 1280 offerebatur,

282 1320 398 1366 summo
422 1303 520 1366 studio
544 1311 740 1385 pararentur,
763 1301 943 1384 praesertim
966 1301 997 1362 in
1018 1300 1221 1364 llonasteriis.
1244 1300 1366 1382 insigne
1389 1299 1476 1380 hujus
1490 1299 1654 1383 religiosae

283 1402 460 1484 disciplinae
482 1403 685 1466 testimoninm
707 1404 862 1466 continent
884 1399 1126 1465 consuetudines
1150 1398 1375 1462 cluniacenses.
1412 1397 1539 1471 Quoties
1561 1399 1655 1481 igitur

274 1501 419 1589 ¹liturgia
442 1501 625 1564 celebranda
647 1508 712 1580 est,
740 1501 807 1583 ipso
831 1499 879 1564 dia
902 1500 999 1564 oblata
1030 1509 1156 1582 paratur
1163 1521 1172 1578 3
1200 1517 1268 1562 nam
1296 1501 1323 1562 si
1345 1500 1542 1582 praecedenti
1565 1508 1654 1564 cocta

281 1601 406 1682 fnisset,
430 1620 496 1664 eam
519 1602 555 1664 ad
579 1601 674 1664 altare
696 1600 809 1664 ollerre
830 1600 970 1683 religioni
993 1600 1148 1662 ducerent.
1178 1599 1393 1662 Echmimensis
1415 1600 1446 1662 in
1465 1597 1655 1664 collectione

283 1703 439 1766 Cancrum
462 1719 528 1783 cap.
553 1699 604 1765 ld.
644 1699 757 1782 Offerai
777 1702 820 1764 ad
841 1700 938 1762 uitare
959 1699 1047 1762 debet
1070 1701 1163 1779 panis
1191 1699 1319 1776 bornus,
1349 1701 1596 1780 quemadmodum
1623 1702 1656 1762 iu

280 1811 433 1884 postremo
456 1799 707 1864 constitutionum
729 1803 828 1880 capite
849 1805 1019 1862 statuerumt
1038 1796 1184 1878 Apostoli.
1205 1796 1394 1861 Athanasius
1415 1799 1656 1878 etiamcap.14.

282 1903 347 1964 uit:
373 1921 434 1964 ooo
461 1899 608 1980 inferetur
633 1900 676 1962 ad
702 1899 800 1962 citare
823 1898 916 1978 panis
942 1897 1113 1972 testeam,
1140 1904 1194 1959 cut
1216 1899 1324 1977 fissae:
1354 1906 1443 1978 atquc
1469 1900 1515 1959 ita
1537 1901 1657 1978 pariter

281 2002 439 2064 emistituit
458 1998 603 2063 Basilius.
627 1998 658 2062 td
683 1999 838 2062 confirmat
860 1995 966 2060 canon
989 2013 1093 2058 eorum
1116 1995 1167 2076 qui
1189 1995 1345 2076 Apostolis
1368 1996 1538 2059 tribuuntur
1554 1995 1605 2060 30.
1623 1999 1654 2061 in

283 2099 466 2181 amplissima
489 2096 675 2179 Coptitarum
699 2096 899 2176 collectione,
924 2113 1012 2176 quem
1035 2096 1106 2158 citat
1127 2094 1320 2175 Abulbircat,
1343 2103 1483 2176 tanquam
1499 2095 1551 2162 29.
1568 2099 1655 2180 ejus-

283 2217 344 2279 que
366 2199 545 2261 senteutiam
567 2199 608 2260 ita
631 2197 781 2278 exprimit.
824 2195 872 2258 De
892 2195 978 2258 Pane
998 2194 1228 2270 Euebuttsitco,
1257 2204 1346 2276 utque
1374 2195 1488 2258 oblatio
1515 2199 1579 2276 ejus
1598 2199 1655 2277 {iot

282 2301 352 2378 ipsu
374 2299 452 2360 bora
475 2315 536 2377 quc
558 2305 662 2359 coctus
684 2305 737 2358 est.
781 2294 963 2359 Eorumdem
985 2293 1138 2358 canonum
1161 2295 1351 2358 autoritatem
1380 2295 1512 2376 appellat
1533 2295 1653 2378 Diony-

282 2400 346 2461 sius
369 2396 515 2460 Barsalibi
539 2397 608 2458 dum
631 2398 688 2458 ait:
711 2395 887 2458 Statuercut
908 2392 1061 2474 Apostoli,
1083 2395 1162 2456 cciii
1183 2396 1215 2455 tn
1237 2393 1411 2457 Canooibus
1431 2398 1576 2475 scriptum
1598 2404 1653 2472 est,

279 2516 392 2578 panea
421 2496 601 2570 oblationis,
629 2497 733 2557 eoderu
761 2495 812 2558 die
837 2511 895 2574 quo
923 2501 1026 2555 coctus
1047 2499 1107 2569 est,
1129 2491 1235 2574 offer-m
1254 2494 1297 2556 ad
1318 2495 1424 2558 altare.
1469 2494 1652 2558 Ebnassalus

283 2612 350 2675 cap.
375 2593 427 2658 12.
450 2595 546 2656 Panis
567 2595 750 2658 ablutionum
771 2596 823 2675 qui
844 2591 968 2674 offertur
988 2593 1031 2654 od
1052 2592 1149 2654 altare
1170 2594 1236 2672 ipso
1258 2593 1308 2656 die
1329 2602 1434 2657 coctus
1454 2596 1509 2671 cit,
1539 2615 1601 2658 noo
1621 2597 1654 2658 iu

283 2696 451 2756 orastiwm
471 2702 653 2756 aeternetur.
673 2693 718 2756 lta
740 2693 905 2756 observant
927 2709 1032 2754 omnes
1055 2697 1115 2752 tam
1138 2690 1277 2772 coptitec
1300 2709 1389 2773 quam
1412 2692 1498 2775 Syri,
1527 2691 1654 2756 iacobi·
1707 2683 1710 2696 '

282 2801 349 2872 tae,
374 2793 551 2872 llelcbitae,
576 2801 608 2854 et
628 2793 800 2856 Nestoriani
822 2793 1037 2874 cujuscumque
1058 2790 1190 2874 liuguae.
1234 2791 1317 2855 lnter
1346 2792 1403 2855 alia
1426 2811 1505 2873 quae
1527 2793 1653 2856 Francis

283 2891 390 2974 objicit
412 2893 518 2956 Petrus
541 2891 691 2956 Melicbae
712 2893 900 2974 Episcopus,
924 2900 1065 2972 tanquam
1088 2899 1193 2954 contra
1215 2891 1339 2975 regulas
1361 2892 1592 2956 Ecclesiasticus
1623 2901 1654 2954 ct

280 2991 355 3055 illud
376 2993 548 3074 reperitur,
571 2993 653 3072 quod
670 3009 781 3072 ponem
803 3002 873 3054 ante
891 2991 994 3070 plures
1015 2992 1082 3052 dies
1104 2999 1221 3054 coctum
1242 2993 1285 3055 ad
1306 2993 1404 3055 altore
1425 2990 1560 3073 offeram.

372 3091 484 3155 Omnes
496 3099 595 3153 autem
609 3090 670 3171 illi,
688 3091 714 3154 si
728 3090 878 3154 Armenes
896 3090 1080 3171 excipimus,
1102 3089 1282 3155 sermentato
1298 3099 1439 3170 utuntur,
1463 3090 1652 3156 excrescas
1697 3100 1862 3154 Fermentato
1875 3107 1981 3156 utuntur

280 3190 457 3270 Ecclesiae,
480 3210 499 3254 e
522 3209 581 3270 qua
602 3189 797 3273 prodierunt,
821 3190 972 3271 exemplo.
996 3189 1088 3252 lidcm
1109 3191 1140 3252 in
1162 3189 1303 3254 Armenis
1325 3209 1362 3252 ac
1384 3193 1414 3253 in
1436 3191 1560 3254 Francis
1584 3191 1653 3254 cnl-
1684 3185 1829 3242 orientales
1864 3191 1979 3258 exceptis

280 3297 373 3372 pant,
397 3289 477 3371 quod
499 3289 623 3371 Azymis
646 3296 784 3369 utantur,
808 3309 867 3372 qua
890 3290 928 3354 de
950 3309 985 3352 re
1007 3297 1130 3370 praeter
1151 3291 1271 3354 Petnrm
1293 3290 1508 3370 blelicbenum,
1532 3289 1571 3353 de
1591 3309 1652 3372 quo
1681 3272 1809 3328 Armenia

281 3408 356 3454 mox
378 3389 489 3452 dictum
512 3397 577 3467 est,
599 3388 683 3450 multi
706 3390 911 3470 scripserunt,
934 3391 1073 3469 interque
1096 3405 1200 3452 omnes
1218 3392 1388 3453 accuratius
1400 3407 1566 3471 anonymus
1582 3391 1653 3471 qui·
1687 3391 1701 3400 ”

282 3490 352 3553 dam
382 3491 479 3570 Syrus
505 3490 536 3550 in
560 3487 673 3552 codice
697 3485 885 3554 cnlbertino.
930 3489 991 3554 Sed
1021 3490 1090 3570 quia
1118 3488 1190 3551 nibil
1220 3489 1250 3552 in
1282 3508 1319 3552 eo
1351 3497 1481 3552 tractatu
1508 3499 1559 3553 aut
1587 3489 1653 3551 aliis

281 3590 432 3668 occurrit,
462 3587 542 3670 quod
572 3606 590 3650 a
620 3585 743 3650 Graecis
771 3590 887 3652 centies
916 3587 1026 3650 dictum
1053 3606 1114 3650 non
1142 3588 1248 3667 fuerit,
1264 3597 1311 3652 et
1339 3589 1453 3670 pariter
1482 3588 1654 3667 refutatum,

281 3689 366 3752 illum
389 3687 538 3752 indicasse
561 3685 682 3750 sufficit.
726 3687 823 3769 blajor
845 3688 891 3752 bis
915 3687 1166 3768 disputationibus
1194 3687 1274 3768 apud
1302 3689 1436 3772 ignamm
1459 3688 1655 3752 sacerdotum

283 3787 480 3853 Orientalium
503 3786 641 3868 plebem,
665 3788 809 3850 autoritas
833 3787 1023 3868 adjungitur,
1045 3805 1086 3850 ex
1108 3789 1266 3851 sententiis
1289 3789 1404 3870 aliquot
1425 3788 1526 3852 Basilii
1549 3793 1579 3848 et
1596 3785 1654 3850 Ju-

283 3891 371 3952 annis
395 3887 604 3967 Chrysostomi
626 3885 772 3954 adversus
794 3886 946 3965 iudaeos,
970 3905 1044 3968 quas
1066 3887 1279 3969 interpolatas,
1303 3897 1334 3951 et
1349 3895 1489 3969 tanquam
1508 3887 1654 3950 adversus

282 3989 468 4070 Azymorum
491 4005 576 4048 usum
600 3988 832 4068 pronunciatus,
857 3987 998 4051 Canones
1026 3987 1187 4068 appellant
1236 3988 1297 4053 Sed
1325 3988 1356 4049 in
1385 3988 1444 4050 illis
1474 3988 1512 4052 de
1534 3985 1653 4068 azymo

284 4086 512 4168 quaestionibus
535 4103 595 4148 non
619 4087 739 4168 videtur
760 4085 994 4166 immorandum,
1026 4105 1094 4150 cum
1115 4087 1184 4150 illac
1207 4089 1332 4170 propria
1354 4088 1393 4151 ad
1416 4088 1550 4152 Graecos
1577 4103 1655 4167 pcr-

282 4189 409 4250 tineant.
456 4185 581 4249 Armeni
599 4186 714 4269 ,dudum
737 4194 933 4265 accusantur,
947 4186 1038 4266 ¹quod
1057 4204 1074 4248 a
1094 4189 1242 4251 communi
1256 4205 1360 4252 eorum
1376 4206 1433 4252 usu
1447 4193 1652 4263 recesserunt,

283 4293 345 4347 tum
369 4286 451 4366 quud
475 4303 582 4366 aquam
595 4288 666 4350 vino
689 4303 749 4348 non
770 4285 951 4350 admiscent:
975 4303 1034 4367 qua
1050 4286 1087 4350 de
1103 4306 1137 4349 re
1158 4296 1300 4369 quantum
1314 4287 1352 4350 ad
1366 4288 1506 4369 antiquos
1522 4292 1652 4367 spectat,

282 4393 409 4466 praeter
431 4385 590 4464 Niconem,
614 4384 816 4448 Theorianum
839 4393 869 4450 ct
891 4385 1037 4466 quosdam
1060 4387 1134 4450 alios
1157 4387 1282 4450 eruditis
1305 4387 1495 4466 notissimos,
1522 4405 1562 4448 cx
1584 4386 1654 4447 ine-

284 4483 353 4548 ditis
377 4484 554 4565 quibusdam
577 4483 720 4564 Graecis,
739 4485 933 4568 intelligimus
955 4487 1140 4569 singularem
1162 4487 1239 4550 banc
1253 4487 1439 4569 disciplinam
1452 4486 1655 4550 Armenorum
1780 4487 1782 4494 ‘

282 4583 321 4646 ab
346 4582 532 4648 Ortbodoxis
555 4593 696 4648 vexatam
719 4583 831 4665 luisse,
854 4592 995 4668 tanquam
1025 4605 1066 4652 ex
1091 4587 1369 4668 Monophysitarum
1395 4587 1515 4649 haeresi
1542 4592 1654 4663 natam,

278 4699 344 4764 quo
367 4683 530 4766 injudicio
551 4685 619 4748 illos
640 4683 912 4767 magnopere·ialli
940 4693 1056 4749 certum
1084 4695 1140 4750 est.
1184 4687 1260 4750 Nam
1288 4687 1397 4750 Petrus
1426 4686 1591 4766 Melicbae,
1623 4692 1654 4747 et

281 4783 333 4846 alii
364 4784 524 4864 anonymi,
553 4783 711 4848 Jacobitae
744 4791 846 4863 erant,
875 4792 964 4866 atquc
992 4785 1068 4850 adeo
1103 4785 1239 4868 ejusdem
1267 4805 1333 4850 cum
1366 4786 1507 4850 Armenis
1535 4793 1652 4864 sactae,

283 4889 426 4962 quantum
440 4884 478 4945 ad
499 4884 586 4947 unius
605 4885 636 4946 in
652 4883 771 4949 cbristo
789 4892 914 4948 naturae
932 4885 1155 4950 confessionem
1176 4887 1281 4950 attinet
1287 4908 1297 4965 ;
1319 4903 1420 4968 neque
1438 4895 1536 4950 tamma
1555 4886 1653 4949 minus

282 4983 397 5044 acriter
419 4982 566 5046 adversus
575 4983 725 5048 Amnenos
747 4984 929 5048 inuehuntur
951 4985 990 5048 ob
1008 4985 1206 5068 Anymorum,
1230 4994 1261 5049 ct
1282 4989 1357 5051 meri
1378 5005 1465 5052 usum
1487 4987 1655 5052 inEucba-

283 5081 387 5145 ristiae
412 5083 634 5166 celebratione,
656 5084 810 5166 multaque
833 5085 891 5148 alia
914 5084 945 5148 in
967 5084 1025 5150 illis
1047 5104 1109 5150 non
1128 5077 1292 5167 probant(
