4760 6038
366 2391 429 2444 Tres
448 2393 480 2445 de
496 2391 585 2461 lingua
604 2390 656 2443 Co-

348 2480 418 2545 pticn
434 2481 578 2547 opiniones.

1014 995 1688 1241 DISSEltllllll

890 1352 1827 1706 LINGUADECOPTIOA.

1132 1964 1588 2021 ฯ

805 2380 899 2488 Onu
933 2410 1202 2506 frequentissima
1234 2409 1331 2501 hujus
1367 2410 1502 2502 linguae
1536 2413 1571 2482 in
1596 2395 1660 2483 h'oc
1695 2434 1800 2508 opere
1833 2415 1956 2485 mentio
1994 2417 2048 2503 sit,

670 2539 704 2601 et
730 2551 777 2599 ex
803 2550 844 2598 ea
871 2549 1061 2599 conversae
1089 2530 1213 2598 sintin
1239 2525 1410 2615 Latinam,
1447 2547 1530 2620 quas
1556 2526 1764 2621 publicamus
1790 2526 1978 2619 Liturgiae,
2006 2529 2048 2599 de

669 2645 725 2716 illa
753 2641 1011 2716 ohservationes
1038 2641 1198 2736 quasdam
1215 2641 1371 2733 'adjicere
1400 2645 1507 2715 risum
1535 2651 1598 2730 est,
1626 2662 1667 2713 eo
1695 2641 1826 2734 magis,
1853 2655 1889 2714 ut
1922 2646 2047 2716 existi-

672 2781 813 2848 mamus,
839 2758 935 2828 utiles
971 2767 1004 2827 et
1030 2761 1263 2846 necessarias,
1300 2756 1391 2852 quod
1422 2757 1583 2836 Lectores
1617 2759 1724 2830 minus
1761 2762 1795 2828 in
1831 2757 2047 2830 Orientalium

672 2871 861 2964 linguarum
895 2871 1001 2946 studio
1029 2876 1174 2960 versati,
1211 2895 1297 2967 quae
1332 2880 1365 2942 et
1399 2872 1504 2966 qualis
1536 2871 1592 2942 illa
1626 2876 1669 2944 sit
1696 2877 1785 2944 scire
1817 2876 1880 2943 vix
1906 2878 2046 2969 possint,

670 2995 705 3057 et
740 3010 786 3058 ex
819 2986 1035 3082 quorumdam
1065 2985 1233 3059 hominum
1262 2986 1416 3078 judiciis,
1452 2990 1485 3058 in
1521 3009 1607 3081 quae
1639 2986 1740 3059 facile
1775 2988 1859 3060 trahi
1894 3000 2046 3084 possunt,

669 3101 770 3173 multa
809 3113 1009 3198 sequantur,
1045 3125 1131 3197 qnae
1170 3112 1458 3178 monumentorum
1495 3101 1829 3191 Ecclesiasticorum,
1862 3106 1896 3173 in
1929 3104 2046 3200 quihus

668 3216 870 3291 illustrandis
902 3215 1149 3306 laboravimus,
1181 3221 1390 3289 autoritatem
1428 3215 1639 3289 labefactent.
1683 3217 1769 3289 Tres
1806 3221 1894 3289 eninr
1928 3231 2045 3293 nostra

669 3341 781 3403 aetate
808 3337 987 3405 extiterunt
1013 3337 1078 3404 viri
1105 3332 1289 3404 eruditione
1316 3331 1483 3422 celebres,
1511 3335 1566 3427 qni
1593 3331 1657 3404 soli
1693 3331 1736 3404 de
1772 3355 1816 3404 ea
1842 3333 1955 3425 lingna
1983 3339 2045 3427 ju-

669 3446 788 3519 dicium
815 3446 969 3538 tulerunt,
1006 3471 1122 3520 omnes
1150 3447 1430 3520 diversissimum:
1464 3471 1540 3518 cum
1555 3449 1697 3542 primus
1724 3447 1949 3540 affirmaverit,
1977 3471 2046 3520 ve-

668 3572 775 3634 terem
800 3561 890 3640 illam
904 3562 1152 3659 Aegyptiarum
1173 3559 1414 3634 Pharaonicam
1442 3562 1589 3655 linguam
1609 3583 1698 3651 esse,
1725 3585 1786 3657 per
1814 3587 1912 3658 qnam
1940 3563 2045 3635 odins

668 3677 712 3749 ad
738 3680 851 3750 intima
878 3682 1004 3750 veteris
1033 3678 1280 3773 Aegyptiorum
1301 3680 1483 3772 sapientiae
1498 3677 1681 3772 penetralia
1710 3681 1911 3772 aperiretur,
1939 3700 2045 3772 prae-

669 3797 783 3864 sertim
811 3790 853 3864 nd
880 3792 1112 3865 Obeliscornm
1139 3794 1373 3887 inscriptiones
1392 3790 1621 3888 explicandas,
1649 3792 1828 3887 etreliqua
1854 3792 1950 3884 huius
1976 3814 2045 3885 ge-

667 3911 757 3978 neris
799 3911 968 4003 mysteria.
1021 3907 1119 3978 Alter
1159 3905 1336 3978 lormatam
1381 3929 1428 3977 ex
1462 3907 1825 4004 Liby-Aegpptiorum
1860 3918 1900 3979 et
1924 3908 2045 3981 Arah-
2149 3896 2152 3904 ยน

667 4021 915 4116 Aegpptiorum
942 4023 1087 4096 colluvie
1119 4020 1301 4095 barbaram
1329 4021 1492 4116 linguam,
1517 4043 1585 4094 non
1612 4024 1676 4096 nisi
1703 4033 1781 4118 post
1806 4020 1979 4095 subactam
2005 4024 2046 4096 nt

669 4135 840 4210 Arabihus
866 4138 1063 4234 Aegyptum
1090 4139 1287 4225 innotuisse,
1315 4147 1348 4208 et
1375 4137 1507 4231 quidem
1534 4140 1663 4228 serius,
1689 4160 1811 4234 nempe
1835 4149 1914 4232 post
1940 4135 2045 4210 Sala-

672 4249 805 4323 heddini
833 4263 866 4324 et
892 4252 1097 4325 Yubidarum
1123 4255 1307 4348 imperium.
1341 4252 1474 4324 Tertius
1501 4253 1633 4325 tandem
1659 4253 1806 4324 fictitiam
1831 4251 1921 4325 illam
1947 4251 2045 4346 plane

670 4388 761 4456 esse,
789 4367 895 4462 qualis
922 4368 1144 4460 Zingarorum
1172 4389 1254 4462 esse
1277 4365 1376 4458 solet,
1404 4389 1469 4440 nec
1495 4367 1631 4440 multum
1658 4372 1826 4463 antiquam
1854 4390 1932 4441 esse
1958 4388 2043 4463 per-

670 4482 783 4553 tendit.

363 4621 457 4686 ruma,
474 4629 656 4677 asseverarem
775 4597 909 4670 Primae
937 4603 1104 4695 opinionis
1132 4608 1228 4671 autor
1253 4598 1313 4671 nit
1338 4597 1541 4672 Athanasius
1568 4596 1760 4688 KirchernS,
1788 4600 1939 4692 quicum
1965 4595 2044 4667 Ro-

347 4706 540 4764 Pharaonicam.

672 4735 760 4785 mam
786 4716 938 4786 venisset
963 4737 1009 4786 ex
1037 4714 1229 4806 Germania,
1257 4714 1612 4809 commendationeque
1638 4715 1704 4786 viri
1726 4712 1923 4801 Clarissimi,
1950 4722 1983 4792 ct
2003 4709 2046 4781 ad

672 4829 779 4899 omnis
807 4831 943 4919 generis
970 4828 1078 4902 studia
1104 4830 1336 4925 promovenda
1363 4832 1571 4904 attentissimi
1598 4828 1731 4903 Nicolai
1757 4829 1950 4926 Peyrescii,
1977 4847 2043 4896 co-

674 4942 766 5014 dices
800 4941 925 5036 aliquot
959 4942 1120 5039 Copticos
1153 4945 1196 5018 ab
1230 4948 1346 5018 amicis
1374 4948 1574 5039 accepisset,
1599 4944 1735 5037 linguae
1760 4946 1887 5017 veteris
1915 4943 2043 5034 Aegy-

672 5060 804 5153 ptiacae
839 5061 1079 5131 restitutionem
1111 5060 1303 5157 pollicitus,
1329 5061 1554 5132 Prcdromum
1580 5062 1827 5156 Aeppptiooum
1862 5059 2044 5155 praemisit,
2087 5049 2093 5062 '
