4670 6046
283 1411 312 1468 P.
331 1413 374 1463 22.
393 1411 409 1462 l.
428 1413 471 1464 32.

286 1633 419 1688 Confessio
442 1637 473 1688 dc
497 1637 556 1690 Tri·

161 1766 167 1776 .
249 1723 335 1774 nitate.

571 587 649 660 244
1045 585 1459 714 COMMENTARIUS

570 771 726 835 Ecclesiae
756 773 927 854 perveniat,
955 771 1024 854 quia
1052 789 1160 852 nempe
1190 773 1376 836 Sanctorum
1395 771 1616 836 communionis
1637 790 1674 836 ea
1704 773 1781 836 ratio
1809 781 1873 851 est,
1902 782 1939 838 ut

571 888 632 935 non
661 871 750 935 modo
781 872 908 936 Sanctus
938 872 969 934 in
996 871 1090 934 coelis
1120 889 1187 932 cum
1210 870 1330 934 Christo
1352 879 1542 952 regnantes,
1572 878 1604 934 et
1631 871 1735 936 fideles
1765 875 1796 935 in
1824 874 1935 938 umtate

571 971 636 1052 ejus
660 979 689 1033 et
712 989 787 1051 pace
810 971 979 1050 defunctos,
1002 970 1057 1033 sed
1081 979 1112 1032 et
1134 969 1304 1032 laborantes
1326 970 1358 1030 in
1379 968 1436 1032 hac
1458 971 1520 1033 vita
1542 971 1628 1034 simul
1651 973 1824 1056 conjungat,
1847 974 1934 1054 quasi

570 1070 657 1132 unius
680 1071 818 1150 corporis
841 1058 983 1134 membra.
1006 1069 1097 1132 Extat
1118 1068 1194 1132 haec
1216 1067 1374 1132 Absolutio
1397 1087 1494 1150 prope
1524 1069 1629 1134 iisdem
1658 1071 1788 1151 verbis,
1823 1073 1854 1136 in
1880 1071 1934 1134 hi-

570 1169 670 1252 turqia
692 1168 873 1252 Aethiopum
897 1169 1062 1245 communi,
1087 1184 1165 1250 quae
1188 1187 1228 1230 ex
1250 1165 1376 1250 Coptica
1398 1167 1534 1231 desumto
1557 1177 1613 1234 ost.

1050 1430 1141 1502 Unus
1167 1431 1279 1500 Pater
1304 1428 1462 1502 Scaeam.

660 1640 753 1733 Quas
783 1652 820 1714 ad
848 1652 1063 1715 communionis
1093 1651 1254 1734 legitimam
1282 1650 1545 1732 praeparationem
1574 1657 1711 1731 spectant
1740 1653 1933 1734 prosequitur

571 1754 732 1818 Orientalis
754 1754 911 1818 Ecclesiae
935 1754 1108 1836 disciplina,
1139 1761 1258 1816 etcum
1281 1756 1376 1835 prima
1404 1761 1435 1816 et
1463 1753 1626 1835 praecipua
1660 1754 1793 1818 conditio
1823 1757 1862 1818 sit
1892 1773 1932 1818 ne

571 1854 660 1918 detur
682 1853 824 1916 Sanctum
848 1854 989 1934 canibus,
1013 1862 1171 1935 antequam
1193 1852 1319 1916 ulterius
1341 1853 1556 1935 progrediatur
1568 1851 1718 1916 Sacerdos
1741 1853 1933 1934 dispensator

569 1954 779 2036 mysteriorum
802 1953 880 2031 Dei,
903 1953 992 2016 edicit
1013 1970 1070 2033 per
1092 1951 1255 2032 Diaconum
1278 1952 1413 2040 solennia
1436 1951 1486 2014 illa
1508 1950 1619 2029 verba,
1643 1969 1721 2033 quae
1743 1971 1784 2014 ex
1802 1953 1933 2034 antiqui-

567 2055 636 2116 tatis
659 2055 829 2116 reverentia
852 2052 968 2115 Graece
991 2052 1129 2115 dicuntur
1150 2038 1249 2112 Marci
1270 2036 1378 2135 φόβου
1399 2048 1446 2131 aqi
1467 2047 1537 2131 θεῷ
1556 2041 1759 2134 πρόσχὼμεν.
1789 2050 1862 2114 Cam
1892 2053 1934 2114 a·-

568 2172 654 2216 more
674 2153 739 2216 Dec
762 2153 970 2215 abendam:
992 2169 1070 2232 quae
1092 2149 1221 2213 hortatio
1244 2166 1305 2212 non
1327 2149 1432 2226 modo,
1461 2156 1494 2210 ut
1522 2148 1553 2210 in
1575 2149 1641 2212 aliis
1668 2151 1748 2212 sacri
1777 2151 1933 2214 ministerii

568 2252 720 2334 partibus,
742 2252 936 2315 attentionem
958 2258 989 2312 et
1011 2251 1118 2312 mentis
1141 2247 1178 2310 ad
1200 2247 1295 2310 Deum
1324 2248 1521 2312 elevationem
1548 2248 1713 2328 significat,
1742 2250 1796 2312 sed
1824 2251 1934 2333 singu-

569 2352 663 2415 larem
686 2360 716 2414 et
738 2351 945 2432 praecipuam,
968 2349 1006 2411 ad
1030 2348 1181 2412 Christum
1203 2350 1233 2410 ia
1256 2347 1444 2410 Eucharistia
1465 2354 1673 2428 praesentem,
1701 2355 1734 2410 ut
1755 2348 1850 2412 relata
1869 2349 1932 2412 Ga-

570 2451 673 2514 brielis
696 2449 887 2513 Patriarchae
909 2457 940 2512 et
963 2447 1088 2511 aliorum
1109 2445 1203 2509 verba
1226 2445 1323 2526 palam
1346 2445 1466 2510 iaciunt.
1490 2447 1597 2510 Postea
1621 2449 1690 2528 quia
1713 2450 1808 2529 prima
1827 2449 1933 2530 dispo-

555 2551 640 2614 sitio
663 2567 769 2612 eorum
791 2550 841 2629 qui
869 2548 1015 2612 accedunt
1045 2545 1080 2608 ad
1110 2546 1294 2610 Sacramenti
1325 2545 1552 2626 perceptionem
1578 2546 1654 2610 fides
1684 2556 1752 2624 est,
1780 2549 1935 2631 profertur

283 4300 313 4354 P.
331 4302 375 4353 22.
393 4301 409 4351 l.
428 4298 471 4350 36.

570 2671 588 2714 a
612 2647 872 2713 circumstantibus
895 2645 1047 2710 confessio
1071 2645 1152 2707 circa
1175 2644 1368 2720 Trinitatem,
1391 2644 1437 2708 his
1451 2644 1570 2708 verbis:
1595 2645 1677 2708 llatae
1688 2646 1783 2710 Pater
1794 2648 1933 2724 Sanoua,

572 2769 650 2831 quae
672 2749 769 2812 oratio
792 2753 875 2809 extat
897 2747 927 2808 in
950 2744 1076 2808 Graecis
1097 2742 1334 2821 Alexandrinis,
1357 2751 1389 2804 ut
1411 2744 1441 2804 in
1465 2743 1547 2823 aliis,
1576 2744 1697 2826 paulum
1726 2749 1876 2810 immutata
1903 2731 1933 2809 in

568 2849 646 2912 hunc
668 2847 802 2910 modum:
829 2846 909 2908 Uarro
930 2844 1077 2920 Sanctae,
1099 2861 1176 2905 anas
1197 2842 1344 2904 Dominus
1364 2841 1456 2904 Jemar
1478 2841 1632 2906 Ghmsarm
1654 2845 1684 2906 in
1708 2863 1745 2907 ea
1765 2845 1882 2923 Jacobi,
1903 2853 1934 2908 et

568 2949 599 3010 in
623 2946 748 3010 Graecis
771 2946 837 3008 aliis
860 2945 1015 3019 similiter,
1034 2944 1075 3005 ita
1097 2951 1130 3004 ut
1152 2941 1189 3004 ad
1212 2941 1361 3006 Christum
1383 2941 1480 3006 solum
1504 2941 1663 3005 referatur.
1708 2944 1814 3008 Lectio
1845 2962 1933 3026 quarn

556 3047 817 3128 'interpretatione
839 3050 942 3107 nostra
965 3043 1186 3123 expressimus,
1209 3047 1256 3104 est
1277 3041 1466 3122 antiquorum
1489 3040 1584 3105 Codd.
1609 3042 1803 3124 Copticonrm
1817 3043 1934 3106 Eiblio-

571 3147 677 3209 thecae
699 3145 831 3228 Regiae,
861 3145 893 3206 in
915 3143 1040 3224 quibus,
1070 3150 1103 3205 ut
1121 3143 1150 3204 ia
1181 3140 1328 3204 Gabrielis
1357 3140 1480 3220 Rituali,
1509 3141 1624 3204 Graece
1652 3142 1712 3204 dici
1738 3144 1933 3224 praecipitur,

569 3245 615 3308 his
637 3245 740 3308 verbis
763 3261 840 3326 quae
863 3243 976 3305 librarii
998 3241 1119 3323 linguae
1140 3240 1270 3320 imperiti
1294 3241 1368 3303 mire
1390 3249 1599 3323 corruperunt.
1622 3227 1681 3313 Εἷς
1703 3230 1813 3326 πατὴρ
1830 3231 1933 3325 ἅγιος,

570 3333 618 3418 εἷς
640 3335 712 3418 υἱός
733 3331 842 3428 ἅγιος,
864 3339 996 3420 πνεῦμα
1019 3329 1116 3424 ἅγιον.
1164 3325 1270 3424 Ἀμήν.
1309 3339 1439 3402 Arabiae
1470 3347 1626 3421 exponunt
1653 3357 1714 3404 noa
1743 3359 1803 3405 uno
1834 3341 1933 3404 modo.

567 3445 601 3506 ln
623 3462 683 3507 uno
707 3443 898 3524 antiquiore,
921 3442 1052 3504 Sanctae
1069 3448 1160 3521 pater
1180 3459 1275 3502 amas:
1296 3438 1427 3500 Sanctam
1445 3440 1525 3518 pitito
1553 3457 1645 3514 mara,
1672 3439 1804 3502 Sacratae
1829 3439 1935 3520 Spin·-

567 3553 615 3606 taa
642 3544 788 3606 Sanctam:
816 3544 847 3605 in
875 3540 933 3604 alio
963 3541 1086 3619 melius,
1123 3538 1205 3600 Unus
1231 3547 1277 3601 ast
1302 3536 1397 3600 Pater
1425 3537 1572 3614 Sanctio,
1610 3546 1667 3602 eto.
1697 3540 1775 3600 sicut
1805 3539 1932 3602 Graece.

565 3643 708 3706 Eandem
722 3641 878 3705 formulam
898 3639 1041 3703 exhibent
1054 3639 1197 3721 Syriacae
1209 3637 1411 3700 Jacobitarum
1423 3635 1596 3720 biturgiae,
1619 3639 1675 3700 nisi
1700 3637 1780 3718 qaod
1809 3638 1932 3716 addunt,

566 3745 628 3823 ipsi
646 3743 746 3824 picria
768 3749 798 3803 et
822 3742 994 3822 panarum
1020 3741 1101 3801 actio
1130 3741 1162 3802 ia
1190 3737 1322 3800 εαοοιιὶα.
1351 3737 1456 3802 Amen.
1507 3737 1580 3800 Eam
1611 3737 1778 3801 orationem
1808 3738 1934 3820 exponit

565 3842 729 3923 Dionysius
752 3840 911 3915 Earsalibi3
935 3839 1125 3919 meminitque
1147 3839 1212 3919 eJ'us
1233 3836 1366 3899 lacobus
1388 3835 1571 3900 Edessenas.
1593 3837 1685 3900 Extat
1707 3853 1829 3918 quoque
1852 3837 1932 3917 apud

567 3941 774 4004 Nestorianos.
818 3938 928 4002 Omnes
958 3946 1047 4018 aque
1075 3937 1153 3999 inter
1182 3936 1258 4000 alios
1285 3935 1490 4013 Ebnassalus,
1520 3944 1624 4000 nomnt
1653 3953 1719 3999 eam
1752 3935 1811 3998 dici
1841 3933 1931 4017 paulo

568 4045 727 4119 antequam
749 4037 946 4102 ostendantur
967 4036 1080 4118 populo
1102 4054 1190 4100 sacra
1211 4019 1365 4118 mysteria.

1103 4297 1236 4369 sancta
1261 4300 1398 4369 sanaim.

297 4540 391 4591 mmm
404 4539 510 4602 ,sanam
529 4546 556 4590 ea
654 4511 748 4590 Hanc
770 4519 1006 4584 celebratissima
1027 4518 1106 4602 apud
1128 4521 1265 4600 antiquos
1279 4516 1466 4582 Christianos
1489 4518 1593 4600 verba,
1616 4527 1685 4582 tunc
1708 4517 1767 4580 dici
1786 4517 1931 4581 aSacer-

248 4625 358 4678 elevatio
368 4623 555 4678 Eucharistiae.

569 4628 640 4691 dote
675 4633 777 4690 monet
810 4624 930 4687 rubrica
962 4623 1082 4688 Codicis
1111 4622 1216 4706 Regii,
1246 4621 1333 4686 simul
1355 4639 1423 4684 cum
1450 4619 1599 4686 Sacerdos
1627 4620 1750 4684 assumit
1771 4621 1803 4683 in
1825 4637 1930 4682 manus

570 4729 737 4808 Spodicoa‚
768 4726 833 4788 sive
860 4731 892 4787 ut
913 4725 1043 4788 Arabiae
1074 4722 1232 4798 scribitur,
1265 4721 1425 4784 lsbadicoa
1456 4721 1506 4786 vel
1533 4721 1712 4797 labadicoa,
1746 4728 1777 4782 et
1805 4718 1929 4782 caelans

570 4835 711 4910 quantum
732 4833 851 4907 potest,
874 4824 1098 4904 ostendensque
1119 4821 1247 4903 populo,
1270 4820 1356 4884 simul
1378 4819 1516 4884 inclamat
1537 4820 1652 4883 Sancta
1673 4820 1796 4882 sanctia.
1842 4818 1930 4880 Dixi-

569 4943 634 4989 mus
657 4944 734 4988 roce
755 4925 805 4988 illa
827 4923 989 5007 significari
1010 4923 1136 4986 mediam
1159 4922 1275 4986 hostiae
1298 4929 1429 5002 partem:
1459 4939 1499 4983 ex
1521 4937 1579 5001 qua
1602 4919 1681 4982 calix
1703 4926 1734 4982 et
1756 4917 1831 4981 aliae
1853 4934 1929 4998 par-

568 5025 679 5090 ticulae
702 5026 931 5108 consignantur,
952 5032 983 5087 et
1004 5040 1081 5104 quae
1104 5028 1279 5086 reservatur
1301 5020 1339 5084 ad
1361 5019 1559 5084 elevationem
1582 5017 1758 5096 taciendam,
1781 5015 1929 5098 simulque
