4778 6034
651 561 799 638 XXXIV
1163 572 1542 654 otssatttttto

650 752 798 829 Maronis
814 759 1006 848 autoritate,
1030 781 1126 854 quem
1146 759 1376 854 iuLiturgiam
1389 761 1509 836 Jacobi
1530 773 1780 840 commentatum
1801 789 1879 841 esse
1900 773 2010 866 quinto

650 874 789 946 saeculo
832 877 965 969 saepius
996 875 1193 966 inculcavit,
1232 879 1380 974 virisque
1413 876 1612 954 doctissimis
1644 886 1810 977 persuasit
1842 883 2011 958 Abraham

650 987 875 1080 Echellensis,
889 1013 934 1062 ex
949 989 1033 1064 futili
1046 1002 1080 1064 et
1093 991 1165 1064 aliis
1177 991 1398 1066 Orientalibus
1414 997 1581 1089 incognita
1594 996 1831 1072 Maronitarum
1844 1004 2011 1098 opinione.

361 1111 438 1164 uara
451 1109 564 1184 urrurgn
579 1122 637 1168 anre
755 1103 863 1178 hlarci
888 1106 1057 1200 Liturgia,
1085 1130 1159 1180 oum
1185 1107 1359 1184 Ecclesiae
1384 1110 1632 1186 Alexandrinae
1649 1119 1782 1212 propria
1799 1115 1908 1208 hrerit,
1935 1121 2013 1214 quin

327 1197 539 1338 3l⁰h⁰d⁰⁰⁰¹²³²
565 1199 770 1296 C⁰¹¹'idcirco
806 1247 827 1296 a
859 1226 991 1296 nomine
1021 1223 1260 1318 Evangelistae
1287 1227 1451 1323 appellata
1477 1231 1537 1320 sit,
1564 1230 1704 1304 dubitari
1731 1255 1798 1306 nou
1827 1243 1954 1329 potest:
1978 1245 2014 1308 et

362 1301 421 1338 'm'
650 1339 770 1413 eodem
795 1343 926 1412 circiter
952 1351 1102 1438 tempore
1128 1345 1285 1439 scriptam
1295 1341 1399 1416 hrisse
1414 1345 1593 1418 verisimile
1608 1357 1677 1438 est,
1703 1347 1820 1422 saltem
1838 1359 2012 1446 autequam

649 1480 712 1554 per
745 1455 945 1531 Dioscorum
978 1457 1132 1532 Ecclesia
1163 1458 1217 1532 illa
1250 1459 1331 1532 duas
1362 1461 1395 1530 in
1427 1469 1539 1556 partes
1572 1463 1792 1548 divideretur,
1831 1489 1916 1561 quae
1950 1465 2013 1539 huc

648 1595 754 1668 usque
785 1571 906 1644 nullam
938 1572 1061 1647 habant
1086 1577 1171 1647 inter
1196 1597 1234 1647 se
1261 1580 1533 1650 communionem.
1562 1577 1677 1675 ltaque
1703 1581 1791 1676 quod
1817 1582 1932 1678 Spris,
1967 1586 2013 1655 ita

648 1698 683 1763 et
707 1691 886 1786 Aegyptiis
912 1712 974 1762 usu
1000 1693 1110 1774 venit,
1136 1701 1172 1763 ut
1196 1690 1354 1763 haeretici
1371 1692 1629 1766 sacramentalia
1646 1695 1751 1769 ollicia
1766 1698 1858 1772 foras
1879 1720 2012 1794 expor-

649 1816 777 1894 tarent,
810 1827 877 1876 non
904 1815 939 1877 ut
964 1804 1151 1880 0rtbodoxi
1177 1806 1349 1902 quidquam
1378 1807 1419 1880 ab
1446 1808 1509 1882 illis
1542 1814 1749 1907 acciperent,
1783 1813 1871 1908 quod
1903 1837 2012 1910 neque

648 1921 779 1994 sinebat
804 1922 952 1994 haeresis
979 1923 1105 2013 odium,
1131 1945 1240 2018 neque
1265 1924 1373 1996 locum
1400 1925 1487 2021 apud
1513 1928 1596 1999 istos
1617 1926 1742 2002 habero
1757 1939 1908 2024 poterat:
1934 1953 2010 2004 nam

648 2037 803 2112 Ecclesia
829 2038 993 2133 quondam
1019 2037 1271 2130 florentissima,
1297 2039 1531 2117 Eucharisticis
1558 2043 1780 2134 orationihus,
1817 2056 1850 2118 et
1875 2045 2010 2141 reliquis

647 2155 692 2228 ad
719 2154 904 2228 Sacerdotii
928 2152 1128 2228 functionem
1153 2153 1285 2247 legibus
1312 2165 1345 2228 et
1370 2159 1523 2231 institutis
1551 2157 1681 2232 abunde
1706 2163 1882 2250 instructa,
1909 2161 2010 2256 quid-

559 2275 573 2296 ·
646 2294 745 2368 quam
773 2270 814 2344 ab
841 2273 913 2343 aliis
940 2271 1053 2343 doceri
1078 2292 1162 2366 opus
1189 2292 1256 2342 non
1282 2269 1434 2345 babebat.
1460 2272 1587 2346 Eadem
1613 2285 1690 2372 post
1723 2277 1848 2373 aliquot
1876 2278 2010 2352 saecula

648 2389 735 2483 apud
761 2397 888 2483 partem
916 2386 1143 2460 Orthodoxam
1169 2385 1442 2460 etdaoobiticam
1469 2387 1669 2464 observatur
1694 2415 1865 2478 sacrorum
1891 2394 2009 2484 forma,

650 2507 800 2599 quamvis
828 2505 860 2575 in
887 2502 1020 2576 diversa
1046 2502 1177 2595 lingua,
1202 2523 1276 2574 cum
1302 2504 1476 2578 lacebitae
1503 2504 1643 2603 Coptica
1660 2531 1766 2604 prope
1786 2509 1909 2606 ubique
1922 2510 2008 2600 sola,

649 2623 836 2696 Orthodoxi
864 2622 994 2696 Graeca
1024 2631 1202 2695 uterentur.
1254 2623 1312 2694 Isti
1338 2621 1519 2714 Liturgiam
1554 2645 1647 2696 suam
1678 2628 1810 2697 nomina
1836 2624 1878 2698 D.
1905 2625 2010 2698 Marci

649 2739 926 2832 designaverunt,
954 2749 987 2812 et
1012 2741 1141 2812 unicam
1166 2737 1368 2812 babuerunt:
1402 2763 1442 2811 ea
1473 2743 1560 2812 enirn
1586 2750 1638 2814 est
1668 2741 1710 2813 de
1744 2765 1808 2837 qua
1840 2744 2008 2816 consultus

647 2855 708 2927 fuit
733 2855 912 2930 Balsamou
944 2879 963 2928 a
998 2855 1114 2928 Marco
1141 2856 1330 2929 Patriarcha
1356 2855 1606 2947 Alexandrino,
1633 2877 1709 2929 nam
1735 2861 1764 2929 is
1792 2866 1862 2930 erut
1879 2858 2008 2934 Ortho-

649 2971 767 3046 doxus.
821 2972 975 3069 Coptitae
1000 2994 1107 3062 vero,
1134 2995 1194 3047 seu
1220 2970 1411 3062 lacobitae,
1440 2976 1576 3068 primam
1603 2982 1637 3046 ct
1661 2977 1890 3070 praecipuam,
1926 2998 2011 3070 quae

648 3088 848 3183 reliquarum
875 3090 1011 3160 duarum
1038 3089 1126 3179 (tres
1153 3091 1239 3160 enim
1264 3086 1403 3179 habent)
1432 3086 1548 3161 Canon
1576 3112 1654 3162 esse
1681 3090 1788 3179 solet,
1814 3090 1938 3162 Rasilio
1953 3101 2011 3162 nt-

649 3203 807 3277 tribuunt:
836 3207 958 3278 alteras
986 3203 1151 3296 Gregorio
1178 3203 1373 3296 Theologo,
1398 3213 1433 3275 et
1458 3204 1587 3301 Cyrillo
1613 3205 1853 3278 Alexandrino.

345 3336 635 3408 curtaeouraeuagy-
751 3321 855 3414 Hujus
882 3321 1154 3393 denominationis
1190 3322 1353 3393 rationem
1388 3319 1528 3415 aliquam
1561 3321 1618 3394 vel
1654 3321 1842 3393 devinando
1875 3324 2009 3417 assequi

327 3427 469 3524 P‘¹¹‚‚'¹¹²¹¹¹
488 3422 777 3524 ‚ffi‘ufssiffldillicile
809 3447 883 3510 est:
916 3460 982 3510 una
1014 3459 1054 3510 se
1089 3435 1184 3509 ollert
1210 3461 1307 3532 quam
1332 3446 1367 3508 ut
1393 3438 1615 3528 conjecturam
1642 3436 1845 3511 doctioribus
1872 3459 2008 3533 expen-

326 3510 423 3564 aanor>
436 3509 613 3564 mmm*
644 3555 786 3628 dandam
812 3575 1047 3650 proponemus.
1100 3550 1182 3626 Cum
1210 3561 1326 3648 quarto
1352 3564 1387 3625 et
1413 3557 1524 3649 quinto
1551 3554 1707 3646 saeculo,
1742 3559 1771 3628 si
1804 3577 1870 3626 uon
1903 3559 2007 3650 prius,

611 3693 613 3699 ⁴
643 3671 814 3766 Liturgiae
840 3693 914 3744 eam
937 3693 1034 3766 quam
1055 3671 1236 3766 hucusque
1250 3669 1581 3743 habueruutlormam
1602 3675 1827 3767 accepissent,
1855 3670 2007 3745 Graecae

643 3788 818 3862 Ecclesiae
833 3787 1079 3861 Patriarchatus
1101 3785 1460 3883 Constantinopolitaui
1492 3787 1573 3859 duas
1607 3798 1842 3885 suscepertmt,
1869 3789 2007 3862 alteram

642 3907 773 3996 Basilii,
800 3907 936 3978 alteram
953 3902 1203 4000 chrysostomi,
1230 3925 1326 3999 quem
1354 3907 1434 3976 ritus
1461 3901 1504 3975 ad
1530 3925 1624 3977 usum
1637 3904 1812 3977 Ecclesiae
1833 3907 1886 3976 oui
1899 3928 2005 4000 prae·-

642 4021 772 4096 sidebat
799 4021 992 4110 ordinasse,
1019 4042 1086 4092 non
1111 4041 1198 4092 vana
1219 4019 1423 4092 Graecorum
1442 4018 1572 4092 traditio
1596 4030 1656 4093 est.
1682 4018 1768 4093 Nam
1781 4019 1836 4092 illa
1852 4019 2005 4094 Ecclesia

643 4139 708 4212 buc
733 4162 838 4235 usque
865 4138 970 4210 nullas
999 4135 1081 4207 abas
1096 4135 1264 4229 Liturgias
1290 4137 1477 4232 usurpavit,
1504 4145 1538 4208 at
1563 4160 1625 4233 pro
1653 4159 1825 4233 suprema,
1853 4142 2005 4233 quamin

641 4256 793 4331 Graecas
821 4255 959 4329 obtinuit
994 4254 1185 4337 autoritate,
1218 4251 1360 4347 reliquos
1387 4251 1544 4326 abolevit
1597 4253 1713 4345 Aegre
1738 4252 1890 4326 ierebaut
1915 4253 2005 4326 Ale-

643 4373 796 4446 xandrini
822 4381 952 4444 auctam
978 4369 1081 4442 luisse
1106 4370 1265 4461 majorem
1292 4371 1324 4440 in
1349 4368 1483 4441 modum
1509 4369 1700 4461 dignitatem
1719 4367 2005 4467 Constantinopo-

641 4489 766 4560 litanae
794 4485 899 4575 sedis,
926 4511 1012 4584 quae
1039 4485 1115 4559 olim
1141 4483 1327 4556 Heracleae
1352 4484 1522 4578 subjecta,
1550 4508 1594 4558 ne
1620 4485 1849 4582 Metropoleos
1874 4487 2005 4582 quidem

645 4605 804 4676 bonorem
833 4602 1009 4678 obtinebat.
1062 4603 1176 4698 ltaque
1201 4600 1365 4675 turbatam
1391 4623 1457 4674 nou
1485 4601 1589 4675 semel
1615 4597 1747 4676 abillis
1774 4613 1842 4694 est,
1868 4623 1943 4674 cnm
1958 4625 2005 4675 ex

646 4723 778 4816 antiqua
806 4743 865 4794 sua
892 4722 1126 4816 praerogativa
1152 4729 1314 4812 negarent
1346 4741 1384 4793 se
1418 4720 1632 4806 inconsultis,
1671 4719 1873 4815 Episcoprun
1907 4717 2004 4792 Cou-

644 4836 940 4932 stantinopolitanis
968 4837 1039 4909 duri
1064 4858 1176 4933 posse.
1202 4837 1239 4909 lu
1265 4837 1426 4909 loarrnem
1453 4832 1729 4932 chrysostomum
1759 4837 1857 4908 nimia
1890 4833 2003 4906 ambi-

644 4957 733 5026 tione
767 4956 922 5051 peccavit
954 4953 1172 5048 multipliciter
1197 4951 1398 5049 Theophilus
1423 4950 1685 5026 Alexandrinus:
1716 4971 1825 5046 neque
1859 4949 2002 5045 (tyrillus

643 5075 716 5164 ejus
749 5093 927 5144 successor
960 5079 994 5142 et
1025 5090 1070 5139 ex
1100 5066 1202 5139 lratre
1234 5089 1339 5164 nepos
1381 5071 1561 5144 memoriae
1596 5070 1661 5140 viri
1695 5071 1891 5144 sanctissimi
1922 5071 2003 5140 satis
