4778 6034
473 521 524 594 Dll
540 518 798 597 LllllRGlARUll
811 519 1067 606 obruitobruit
1083 520 1233 603 Oldiilllli
1249 524 1297 600 ET
1311 523 1560 604 tuscanum.
1643 525 1709 600 Vll

331 709 406 794 sita,
434 726 521 798 quae
547 707 602 776 vir
629 704 838 778 doctissimus
853 704 1017 778 Hemicus
1032 707 1188 781 Valesius
1216 708 1586 802 alligatAntoninormu
1614 724 1707 785 tem-

330 821 467 919 poribus
493 823 668 916 proximis,
696 845 778 909 cum,
806 824 921 915 inquit,
948 825 1017 892 oiri
1043 823 1137 894 docti
1161 845 1237 895 aeae
1264 826 1310 894 od
1337 825 1537 921 calipionem
1555 835 1707 900 noctram

331 936 584 1029 applicuissent.
637 936 725 1009 Nam
751 936 835 1014 tales
861 941 956 1010 viros
983 939 1075 1033 prius
1101 936 1215 1010 babuit
1239 937 1410 1034 Ecclesia,
1438 945 1493 1036 qui
1519 945 1706 1038 pangendis

332 1051 457 1145 aliquot
490 1051 691 1124 carminibus
724 1051 953 1142 suffecissent,
988 1055 1184 1148 praesertim
1219 1075 1293 1125 cum
1318 1059 1469 1150 puritatis
1498 1067 1531 1129 et
1558 1061 1708 1154 elegan-

333 1169 398 1238 tiae
430 1170 539 1246 minor
574 1189 672 1261 quam
707 1171 840 1262 pietatis
873 1178 906 1240 et
940 1169 1154 1264 simplicitatis
1190 1193 1270 1242 cura
1298 1171 1403 1260 foret,
1436 1183 1470 1243 et
1495 1173 1541 1245 illi
1569 1197 1707 1270 quorum

332 1284 478 1353 meminit
502 1281 669 1355 Eusebius
696 1279 756 1355 ἀπ’
782 1280 894 1381 ἀρχῆς
918 1281 982 1355 hoc
1010 1293 1062 1356 est
1089 1285 1133 1356 cb
1161 1288 1259 1356 initio
1274 1287 1492 1360 Christianae
1517 1290 1707 1385 relipionis,

331 1400 509 1491 compositi
523 1396 629 1470 fuisse
647 1396 805 1470 dicautur.
833 1398 952 1493 Neque
979 1397 1077 1470 facile
1105 1404 1249 1473 occurrit
1276 1405 1309 1474 in
1335 1406 1478 1478 vetastis
1504 1427 1707 1478 mouumen-

332 1513 373 1586 tis
397 1513 518 1587 roesis
545 1511 632 1586 illius
660 1511 867 1604 Christianae
891 1511 948 1584 vel
974 1514 1053 1588 leve
1075 1519 1266 1608 vestigium,
1293 1540 1368 1590 cum
1395 1522 1428 1590 in
1455 1518 1614 1612 biturgiis
1642 1542 1708 1592 cu-

330 1631 527 1723 juscumque
568 1627 702 1719 linguae
743 1651 869 1702 summa
914 1651 1050 1724 semper
1091 1629 1291 1703 observetur
1333 1634 1541 1729 simplicitas,
1580 1636 1709 1706 metrici

333 1743 445 1840 bymui
471 1743 550 1818 nulli
575 1748 796 1838 reperiantur,
823 1747 878 1838 qui
905 1744 960 1818 diu
974 1754 1094 1839 postea
1121 1746 1296 1818 introducti
1323 1751 1357 1818 in
1382 1748 1540 1843 precibus
1566 1747 1709 1845 publicis
1797 1785 1804 1798 ·

335 1870 367 1931 et
392 1862 546 1954 privatis,
573 1861 634 1932 vix
660 1862 745 1932 inter
772 1881 870 1933 sacra
905 1863 1068 1953 mysteria
1101 1861 1212 1934 locrun
1246 1861 1441 1938 babuerunt.
1493 1865 1608 1957 ltaque
1648 1887 1711 1960 per

334 1975 417 2048 tales
451 1973 595 2070 hymnos
633 1974 772 2066 intelligi
811 1984 952 2069 possunt
991 1977 1107 2048 variae
1146 1998 1267 2070 preces
1308 2000 1327 2048 a
1362 1980 1477 2072 primis
1515 1977 1709 2052 Christianis

334 2093 558 2183 compositae,
594 2090 710 2183 quales
737 2089 860 2162 multae
887 2100 1067 2162 occurrunt
1101 2090 1135 2162 in
1167 2092 1465 2167 Sacramentalibus
1499 2092 1630 2183 officiis,
1666 2094 1708 2165 ad

334 2227 449 2276 earum
474 2206 626 2296 formam,
654 2214 689 2278 et
713 2205 830 2278 iisdem
858 2204 1005 2278 fortasse
1031 2202 1146 2278 verbis
1174 2210 1360 2303 expositae.

437 2319 596 2416 Sequitur
629 2319 752 2394 oblatio
785 2323 881 2416 panis
917 2329 952 2392 et
977 2319 1091 2392 calicis
1118 2323 1199 2393 vino
1235 2331 1270 2394 ct
1295 2345 1382 2416 aqua
1415 2325 1514 2412 misti,
1549 2346 1646 2417 mam
1674 2333 1908 2407 ut0b1uiopanu
1926 2347 1952 2390 a
1970 2341 2033 2396 vina.

335 2436 607 2532 simplicissimam
643 2438 734 2508 initio
769 2437 877 2510 luisse
912 2435 1095 2509 verisimile
1130 2439 1264 2510 omnino
1298 2445 1369 2528 est,
1404 2440 1450 2512 ita
1483 2437 1641 2511 decenter
1675 2449 1710 2513 et

335 2575 409 2623 cum
434 2554 626 2624 reverentia
651 2550 773 2622 iactam
800 2551 917 2641 luisse,
944 2573 1013 2624 non
1040 2561 1093 2626 est
1107 2545 1327 2624 dubitandum.
1355 2551 1424 2625 Sed
1452 2553 1528 2624 dum
1549 2555 1709 2644 lustinus,

334 2669 610 2755 Praesidentern‚
654 2669 710 2754 ait,
751 2671 942 2764 potiorum
974 2671 1144 2738 actionem
1183 2673 1218 2738 et
1250 2668 1383 2738 laudem
1422 2669 1500 2742 Deo
1537 2670 1711 2764 proliatos

335 2805 450 2879 opere,
478 2785 584 2877 prima
609 2781 718 2854 forma
745 2785 939 2874 agnoscitur
966 2785 1123 2855 orationis
1151 2781 1235 2853 ilbus
1254 2805 1352 2876 quam
1363 2782 1610 2856 Praelationem
1637 2807 1709 2858 vo-

334 2919 460 2987 camus,
488 2919 574 2991 quae
601 2899 635 2968 iu
661 2897 750 2970 nulla
776 2897 928 2990 Liturgia
955 2902 1119 2972 omittitur.
1173 2898 1297 2970 Preces
1331 2901 1441 2989 edam,
1468 2909 1502 2971 et
1528 2902 1710 2992 gratiarum

334 3017 496 3104 actiones,
530 3011 648 3107 quibus
683 3013 826 3109 populus
859 3011 1063 3086 acclamabat
1095 3015 1221 3102 Amen,
1259 3013 1412 3088 diversas
1439 3014 1513 3086 illas
1541 3018 1709 3088 orationes

336 3129 528 3222 designant,
564 3151 648 3222 quae
681 3139 801 3223 postea
828 3149 889 3223 pro
917 3129 1066 3201 locomm
1099 3137 1132 3200 et
1158 3138 1343 3224 temporum
1372 3129 1566 3204 diversitate
1593 3135 1709 3205 varias

333 3243 460 3317 formas
487 3252 697 3339 acceperuut.

439 3358 523 3430 Cum
551 3381 637 3432 vero
665 3381 732 3432 non
760 3362 881 3452 omnia,
909 3359 970 3434 sed
996 3362 1175 3454 praecipua
1203 3369 1346 3452 tantum,
1387 3369 1432 3432 et*
1448 3383 1535 3455 quae
1561 3361 1710 3433 Etbnicis
1740 3365 1778 3416 ⁰⁰
1796 3365 1902 3434 reliquis
1920 3363 2036 3432 sertim

291 3549 293 3554 ,
336 3473 517 3568 significari
543 3484 709 3569 poterant,
736 3475 885 3548 lustinus
912 3477 1070 3566 attigerit,
1097 3476 1140 3548 de
1167 3477 1303 3572 reliquis
1330 3481 1528 3550 conminus
1556 3489 1649 3550 certa
1677 3460 1812 3590 etffiff‘
1829 3458 1898 3503 ⁰⁰¹²*
1917 3453 2034 3502 ¹²³⁸¹¹¹¹⁰‘

334 3593 511 3685 perspicua
548 3600 624 3662 sunt
653 3600 804 3662 veterum
839 3593 1043 3662 testimonia:
1076 3601 1112 3662 ut
1148 3591 1190 3662 de
1225 3592 1341 3666 osculo
1367 3595 1473 3687 pacis,
1501 3593 1544 3664 de
1570 3597 1710 3664 recitata

336 3707 488 3778 oratione
518 3705 704 3798 Dominica‚
732 3706 774 3777 de
800 3708 1040 3778 communionis
1068 3705 1298 3778 distributione
1326 3707 1383 3784 ¹bis
1415 3706 1550 3796 verbis,
1579 3707 1711 3798 Corpus

336 3821 473 3893 Christi.
500 3823 630 3908 Ameo;
657 3832 693 3894 et
720 3821 762 3893 de
788 3822 897 3895 multis
925 3820 1009 3910 aliis,
1038 3843 1178 3916 quorum
1204 3823 1328 3916 passim
1357 3824 1461 3903 sancti
1487 3821 1605 3892 Patres
1632 3843 1711 3891 me-

336 3940 471 4008 minere.
500 3937 612 4030 Atque
640 3960 680 4008 ea
708 3947 783 4010 sunt
808 3961 855 4010 ex
882 3935 1000 4032 quibus
1027 3946 1164 4009 veteres
1199 3957 1314 4008 omues
1341 3937 1513 4028 Litargiae
1545 3943 1710 4028 constant,

337 4052 423 4124 adeo
451 4060 486 4122 ut
511 4052 590 4123 nibil
615 4055 815 4141 contineant,
843 4052 932 4148 quod
959 4055 1136 4146 antiquitus
1164 4055 1249 4123 inter
1276 4075 1374 4126 sacra
1402 4051 1511 4125 cilicia
1539 4051 1711 4124 observa-

336 4177 404 4238 tum
430 4189 497 4238 non
524 4165 632 4238 fuerit.
661 4168 775 4240 Omnis
804 4171 905 4260 igitur
931 4189 1047 4239 eorum
1074 4166 1246 4262 disciplina
1274 4168 1586 4239 commendatricem
1613 4163 1713 4235 babet

335 4293 490 4354 veterem
516 4291 551 4354 et
576 4283 781 4378 Apostolicis
807 4283 1010 4379 temporibus
1042 4287 1228 4378 proximam
1255 4281 1455 4370 Ecclesiam,
1484 4284 1576 4372 cujus
1606 4280 1712 4352 disci-

339 4396 427 4492 plina
462 4419 524 4493 per
556 4421 672 4470 manus
704 4398 822 4470 tradita
857 4421 923 4471 non
958 4401 1065 4470 minus
1098 4399 1190 4470 valet
1221 4421 1320 4491 quam
1360 4401 1388 4471 si
1426 4401 1550 4492 scripta
1582 4397 1713 4485 luisset,

339 4513 428 4608 quod
463 4516 577 4608 primis
611 4514 673 4586 illis
709 4514 853 4588 saeculis
888 4537 957 4586 nou
983 4515 1117 4586 videtur
1150 4514 1283 4606 lactum,
1320 4513 1360 4584 de
1397 4517 1502 4588 sacris
1533 4516 1714 4610 mysteriis,

337 4650 405 4702 nou
433 4633 541 4722 magis
568 4652 665 4724 quam
694 4630 736 4703 de
763 4627 937 4726 Symbola.
