4680 6044
560 582 662 658 ‚188
756 593 759 598 “
1088 583 1466 667 COMMENTARIUS

587 764 782 844 Colbertino,
806 787 846 829 ex
868 784 928 847 quo
951 767 1042 832 editio
1066 779 1228 850 procurata
1251 779 1314 848 est,
1339 771 1393 834 sed
1416 773 1454 835 ad
1477 733 1655 854 paucissima
1685 779 1782 859 capita
1814 779 1959 858 perducta

588 873 642 928 est.
687 865 719 926 ln
742 884 779 928 ea
803 884 877 928 vero
901 883 962 929 uon
985 867 1074 932 modo
1098 870 1278 949 praecipuas
1302 870 1371 934 illas
1395 873 1564 950 versiones,
1587 875 1643 936 sed
1665 876 1858 941 samaritanis
1881 898 1959 960 pro-

585 967 682 1046 priam
705 964 793 1026 aliam
815 963 964 1044 adhibuit,
988 967 1127 1046 quisquis
1151 966 1327 1031 conferendi
1351 969 1485 1032 laborem
1508 974 1653 1054 suscepit.
1697 972 1740 1036 lta
1764 995 1804 1038 ex
1818 985 1861 1040 tot
1883 999 1959 1042 ver-

585 1067 702 1134 sionum
724 1062 920 1126 Arabicarum
951 1063 1104 1146 farragine
1128 1074 1217 1127 natae
1239 1074 1309 1129 sunt
1336 1067 1486 1132 editiones
1509 1071 1686 1135 Parisiensis
1716 1081 1746 1136 et
1781 1075 1959 1141 Londinen·

584 1165 645 1242 sis,
676 1181 801 1244 querum
829 1159 910 1223 nulla
932 1171 987 1225 ¹est
1016 1166 1096 1226 inter
1126 1163 1312 1227 Christianos
1341 1165 1511 1230 Orientales
1542 1172 1703 1250 autoritas,
1738 1175 1831 1238 multo
1862 1177 1959 1238 minor

585 1282 687 1326 earum
711 1281 788 1344 quae
812 1260 849 1322 ab
874 1260 940 1333 aliis
962 1261 1086 1326 ludaeis
1109 1262 1208 1326 laetae
1231 1265 1261 1325 in
1284 1264 1487 1328 Bibliotbeeis·
1508 1266 1703 1350 delitescunt,
1738 1282 1771 1334 ιιι
1800 1273 1851 1335 illa
1878 1291 1957 1354 quae

585 1362 665 1425 edita
688 1371 735 1426 est
764 1363 801 1424 ab
831 1363 983 1444 Erpenio,
1013 1361 1152 1445 Lugduni
1181 1362 1378 1442 Batavorum,
1412 1365 1608 1429 Pentateuobi
1636 1371 1767 1434 Arabica
1798 1372 1957 1453 interpre-

583 1462 668 1524 tatio.
712 1463 814 1542 Atque
836 1461 894 1524 bae
918 1462 1149 1525 observationes
1172 1461 1345 1524 versionem
1367 1464 1482 1525 veteris
1507 1465 1690 1532 Testamenti
1706 1475 1857 1550 spectant,
1879 1487 1957 1550 quae

584 1560 693 1623 eodem
715 1560 804 1625 modo
828 1561 954 1642 Coptica
977 1568 1008 1623 et
1030 1560 1161 1622 Arabica
1183 1558 1327 1641 leguntur
1349 1562 1379 1622 in
1400 1559 1566 1642 Ecclesiis,
1589 1566 1669 1646 apud
1690 1564 1874 1648 Aegyptios.

278 1669 417 1724 versiones
434 1671 500 1726 Novi
518 1673 571 1726 Te.
670 1659 717 1721 De
740 1676 822 1722 novo
847 1659 1039 1721 Testamenta
1063 1658 1159 1719 minor
1182 1665 1229 1720 est
1251 1656 1428 1737 dillicultas,
1451 1659 1522 1722 licet
1545 1663 1635 1725 etiam
1658 1664 1801 1726 nonnulla
1824 1664 1960 1728 nondum

261 1759 385 1808 stamemt.
583 1758 679 1838 dicta,
703 1760 784 1820 cirea
814 1757 893 1820 illius
921 1757 1080 1820 versiones
1111 1756 1270 1818 observari
1299 1755 1439 1822 debeant.
1491 1760 1617 1841 Coptica
1647 1781 1725 1844 quae
1752 1761 1781 1822 in
1809 1765 1955 1848 Aegypto

583 1857 712 1941 legitur,
737 1859 859 1937 antiqua
882 1863 946 1934 est,
969 1863 1001 1918 et
1024 1861 1165 1936 quantum
1184 1854 1313 1935 judicari
1335 1864 1452 1937 potest,
1475 1859 1608 1939 reliquas
1630 1867 1781 1924 vetustate
1797 1863 1955 1942 adaequat.

582 1957 665 2020 inter
693 1975 798 2020 munes
828 1956 995 2019 Orientales
1025 1956 1150 2036 Syriaca
1178 1954 1382 2018 vetustissima
1412 1957 1561 2022 creditur:
1594 1959 1721 2040 Coptica
1750 1968 1849 2022 aetate
1877 1961 1957 2025 baud

581 2057 705 2119 multum
726 2053 931 2133 inferior'est,
955 2073 1016 2116 non
1038 2053 1119 2134 quod
1142 2072 1208 2115 eam
1231 2053 1370 2116 ablarco
1393 2053 1590 2140 Evangelista
1612 2057 1720 2120 laetam
1739 2059 1956 2140 existimemus,

578 2158 665 2238 juxta
688 2157 866 2237 popularem
889 2153 1101 2229 traditionem,
1131 2151 1185 2213 sed
1217 2152 1297 2231 quod
1327 2161 1359 2214 ut
1387 2156 1529 2234 superius
1551 2155 1746 2218 observatum
1775 2166 1838 2236 est,
1867 2159 1955 2220 etiam

582 2263 652 2318 ante
675 2263 811 2337 pacatam
834 2273 891 2336 per
913 2252 1140 2317 Constantinum
1153 2250 1338 2325 Ecclesiam,
1361 2250 1560 2316 lectasluisse
1576 2253 1680 2337 lingua
1694 2253 1824 2336 vulgari,
1848 2274 1953 2319 sacras

582 2353 752 2435 Scripturas
781 2355 819 2416 ab
847 2353 980 2416 Antonio
1012 2358 1042 2413 et
1072 2349 1136 2411 aliis
1166 2351 1277 2410 sanctis
1307 2350 1511 2415 Anaeboretis
1540 2354 1737 2426 certissimum
1767 2357 1823 2418 sit:
1853 2375 1955 2438 neque

580 2454 678 2515 minus
706 2459 837 2530 certum,
871 2469 933 2514 non
961 2449 1097 2532 potuisse
1126 2447 1214 2510 aliter
1246 2467 1335 2529 quam
1363 2452 1460 2530 patria
1488 2451 1592 2534 lingua
1621 2451 1699 2536 legi,
1730 2455 1955 2535 memoriaeque

580 2551 801 2628 commendari,
831 2559 861 2612 ot
883 2551 914 2612 in
937 2568 992 2612 ore
1015 2548 1119 2609 baberi
1144 2546 1181 2607 ab
1204 2545 1262 2608 illis
1285 2547 1455 2612 bominibus
1478 2551 1530 2630 qui
1552 2551 1671 2624 Graece
1698 2552 1874 2615 nesciebant
1882 2575 1890 2630 ;
1922 2562 1955 2617 ut

579 2669 680 2732 neque
703 2650 849 2731 explicari
872 2648 909 2710 ad
932 2647 1105 2729 populume
1127 2645 1379 2727 superioreioco,
1403 2648 1439 2710 ab
1462 2648 1521 2711 illis
1536 2649 1706 2731 Episcopis,
1730 2652 1839 2732 quibus
1853 2652 1954 2716 Grae-

580 2768 683 2812 carum
711 2751 864 2812 literarum
895 2763 956 2810 non
985 2748 1169 2824 emiserat,
1200 2753 1233 2807 ιιι
1260 2762 1370 2808 nomen
1399 2765 1486 2810 suum
1514 2749 1710 2812 subscribere
1739 2751 1769 2812 in
1798 2749 1952 2833 Conciliis,

579 2851 667 2913 aliter
690 2867 779 2932 quam
800 2849 992 2932 Aegyptiace
1016 2854 1150 2928 possent.
1174 2845 1269 2926 igitur
1292 2844 1417 2926 Coptica
1445 2849 1547 2909 versio
1570 2848 1788 2911 biubamedana
1817 2857 1953 2932 tempora

579 2950 693 3030 aliquot
716 2948 905 3011 saeculorum
929 2948 1105 3027 antiquitate
1128 2952 1269 3025 superat:
1293 2943 1425 3007 Arabica
1448 2946 1584 3027 eJusdem
1607 2949 1726 3026 versio,
1750 2967 1788 3010 ea
1809 2956 1856 3010 est
1874 2967 1953 3031 quae

578 3049 690 3130 legitur
713 3048 834 3130 publice
858 3048 886 3108 in
910 3046 1095 3129 Synaxibus‚
1130 3044 1319 3124 Coptitisque
1342 3045 1467 3125 propria
1497 3053 1553 3109 est.
1600 3045 1670 3128 Syri
1699 3055 1757 3109 tam
1785 3047 1952 3128 lacobitae,

578 3166 667 3232 quam
693 3148 886 3225 Nestoriani,
916 3148 976 3209 non
1004 3147 1100 3207 minus
1123 3161 1211 3224 quam
1234 3141 1394 3205 blelcbitae
1417 3143 1503 3205 aliem
1529 3143 1642 3207 babent
1670 3163 1711 3206 ex
1740 3149 1861 3226 antiqua
1891 3148 1949 3228 Sy·

577 3253 661 3314 riaca
683 3251 826 3312 versione
848 3247 973 3324 laetam,
996 3265 1037 3308 ex
1059 3262 1119 3324 qua
1141 3245 1230 3305 etiam
1253 3242 1374 3304 Persica
1396 3242 1523 3323 prodiit,
1546 3261 1643 3325 eaque
1662 3243 1828 3324 multiplex.
1852 3245 1953 3309 Gree-

579 3368 646 3413 cum
677 3349 812 3412 codicem
844 3346 1048 3427 exprimentes
1078 3341 1228 3405 Arabicae
1259 3341 1331 3403 novi
1361 3341 1544 3404 Testamenti
1574 3343 1752 3422 versiones,
1782 3352 1852 3406 stult
1880 3345 1951 3408 illae

578 3467 656 3532 quae
677 3447 827 3511 blelcbitis
850 3447 949 3528 potios
973 3461 1062 3525 quem
1085 3442 1150 3504 aliis
1173 3441 1316 3522 propriae
1343 3447 1430 3514 sunt3
1460 3441 1627 3523 pleraeque
1657 3450 1759 3504 tamen
1784 3445 1826 3504 ita
1854 3445 1954 3507 inter-

578 3549 697 3631 polatae
720 3565 759 3609 ex
782 3546 906 3608 aliarum
929 3544 1104 3606 versionum
1128 3540 1369 3620 comparatione,
1393 3546 1425 3601 ut
1448 3541 1528 3602 inter
1550 3558 1603 3602 aas
1623 3539 1829 3620 diversitates,
1853 3544 1952 3606 Grae-

533 3655 540 3665 ”
579 3666 647 3711 eum
670 3646 827 3727 exemplar
850 3645 1030 3726 primitivum
1055 3641 1181 3722 agnosci
1203 3656 1265 3702 non
1287 3637 1376 3700 facile
1398 3640 1505 3718 possit.
1551 3638 1657 3702 Omnia
1685 3657 1761 3702 vero
1792 3659 1869 3722 quae
1893 3643 1952 3704 bue

577 3765 674 3828 usque
697 3745 734 3810 de
757 3746 821 3808 istis
844 3745 1014 3824 scripturae
1041 3738 1222 3802 lectionibus
1251 3738 1330 3800 diota
1358 3745 1446 3815 sunt,
1475 3739 1640 3801 occasione
1662 3738 1852 3802 Paulinarum
1874 3741 1953 3822 Epi-

578 3847 732 3925 stolarum,
756 3843 794 3907 de
817 3842 942 3923 reliquis
964 3841 1049 3903 libris
1073 3846 1104 3902 et
1126 3838 1164 3901 de
1178 3837 1338 3918 Evangelii
1360 3836 1491 3899 lectione
1514 3845 1584 3898 sunt
1607 3855 1729 3917 quoque
1744 3838 1949 3920 intelligenda.

287 3965 326 4022 [ιο
344 3969 564 4037 interpretationi·
664 3947 810 4027 Superest
831 3951 863 4004 ut
887 3943 924 4006 de
949 3940 1088 4020 Tosossir
1110 3939 1175 4000 sive
1199 3936 1496 4018 interpretationibus
1519 3953 1575 4016 per
1597 3937 1791 4000 Homiliarum
1820 3938 1950 4017 modum,

253 4056 301 4107 bue
319 4057 346 4106 in
361 4054 464 4108 nedum
479 4055 565 4108 homi·
579 4047 694 4110 dicatur
716 4043 838 4124 aliquid.
878 4040 972 4124 Origo
1005 4055 1108 4100 earum
1131 4039 1226 4118 prima
1254 4043 1284 4098 et
1317 4035 1536 4115 simplicissime
1559 4053 1576 4096 a
1600 4036 1790 4100 sermonibus
1819 4036 1952 4117 petenda

252 4141 351 4194 tiaram.
578 4154 637 4224 est,
660 4161 736 4226 quos
760 4150 829 4224 post
852 4135 1241 4221 scripturarumleotionem
1258 4135 1353 4198 sancti
1372 4134 1489 4212 Patres,
1511 4136 1691 4214 praesertim
1715 4134 1870 4214 Episcopi,
1893 4133 1951 4196 be-

578 4245 689 4308 bebant
712 4242 748 4305 ad
772 4240 933 4323 populum,
957 4243 1055 4300 sumto
1079 4255 1119 4298 ex
1141 4235 1248 4298 iisdem
1270 4233 1417 4297 llomiliae
1440 4242 1628 4316 argumento.
1671 4234 1719 4295 De
1742 4252 1779 4296 ea
1802 4234 1952 4296 communi

480 4329 482 4334 ¹
577 4346 706 4408 omnium
729 4341 934 4405 Ecclesiarum
957 4335 1173 4399 consuetudine
1196 4341 1279 4396 exmt
1302 4332 1484 4396 constitutio
1507 4351 1596 4414 quam
1624 4334 1703 4394 inter
1726 4331 1866 4396 Canones
1888 4333 1952 4395 Ba-

577 4443 635 4506 silii
656 4442 760 4525 blagni
782 4445 958 4515 numerant,
981 4443 1011 4498 et
1034 4452 1123 4515 quam
1145 4433 1239 4496 relert
1261 4431 1446 4496 Ebnassalus
1469 4433 1499 4494 in
1522 4432 1709 4495 Collectione
1732 4449 1787 4494 sua
1811 4449 1877 4513 cap.
1899 4431 1950 4498 12.
1973 4507 1982 4524 κ

578 4541 651 4604 Cam
674 4541 815 4603 absolata
841 4539 937 4618 suerit
966 4536 1070 4610 lectio,
1100 4532 1270 4612 Episcopus
1297 4534 1326 4594 si
1354 4533 1452 4610 adsit,
1486 4531 1583 4594 aerbo
1606 4531 1704 4610 faciet
1732 4531 1775 4592 ud
1799 4532 1951 4610 populum,

577 4616 806 4722 interpretaudo
829 4646 921 4717 capot
941 4635 1022 4716 qaod
1043 4633 1132 4696 modo
1162 4633 1268 4694 lectum
1296 4631 1413 4710 suerit:
1442 4631 1594 4710 Episcopo
1628 4630 1769 4706 absente,
1796 4629 1953 4692 Sacerdos

573 4742 691 4820 peritas
713 4740 747 4801 id
765 4739 871 4818 saciet.
921 4735 1031 4806 Postea
1061 4749 1150 4813 quam
1178 4747 1254 4793 vero
1284 4730 1384 4793 rarior
1410 4727 1465 4792 luit
1493 4729 1573 4810 apud
1601 4727 1772 4792 Orientales
1802 4727 1952 4807 doctrina,

577 4839 725 4918 paucique
759 4837 789 4898 id
818 4841 975 4917 praestare
1005 4839 1162 4914 poterant,
1194 4846 1304 4892 versae
1335 4829 1461 4890 suntin
1491 4827 1649 4911 vulgarem
1678 4828 1810 4910 linguam
1840 4826 1951 4889 breves

577 4938 698 5000 Petrum
721 4935 885 5013 llomiliae,
909 4933 959 4995 vel
988 4933 1090 5012 potius
1117 4918 1390 5007 Ἀπανθισματα,
1418 4934 1451 4990 ιιι
1478 4927 1590 4990 Graeci
1619 4935 1743 5005 vocant,
1775 4943 1853 5006 quae
1874 4933 1951 5010 post

577 5037 743 5116 scripturas
766 5036 958 5116 legerentur:
982 5031 1101 5093 tandem
1131 5030 1249 5109 aliquae
1277 5027 1358 5110 stylo
1386 5026 1561 5109 simpliciori
1590 5034 1621 5090 et
1653 5025 1749 5110 magis
1779 5025 1817 5088 ed
1845 5023 1952 5106 populi
