4760 6038
364 2073 479 2130 (inam
488 2075 675 2146 Aegyptiorum

364 2163 495 2232 liturgiae
520 2179 552 2214 ar
579 2161 676 2218 Ctrdlce

364 2247 605 2320 ltogiodercriptlo.

691 603 787 680 XCll
1176 611 1575 692 nisstntlrto

691 797 1024 884 estesseorunino
1059 797 1679 894 simies,nequeenimsa·horm
1713 805 2068 898 eatquorseareu-

690 910 1129 986 tiarumdilierentialevis
1161 915 1243 984 tanti
1275 915 2067 1012 estutinGraecisiousetorigoalterius

690 1049 759 1099 non
786 1035 999 1119 agnoscatur.
1025 1027 1076 1100 lta
1101 1051 1171 1100 non
1195 1039 1290 1101 caret
1315 1028 1544 1122 fundamento
1571 1033 1661 1127 quod
1688 1033 2066 1129 Abulbirmhiturgiae

689 1142 1531 1237 mamertefflaitarcrverhatoetem,
1564 1171 1666 1243 quam
1698 1159 1809 1221 umen
1844 1154 1878 1220 in
1910 1149 2066 1223 Ecclesia

690 1281 752 1330 sna
778 1261 885 1353 recipi
910 1256 1078 1351 negabat,
1106 1259 1230 1351 adjecit
1256 1259 1420 1355 quosdam
1445 1267 1658 1354 existimare,
1685 1289 1761 1338 eam
1787 1267 2067 1362 annillmauou

690 1395 769 1446 esse
795 1373 986 1465 diversam,
1012 1374 1075 1446 sed
1100 1397 1148 1446 ex
1174 1397 1218 1447 ea
1243 1377 1487 1472 interpolatam
1526 1379 1565 1450 Si
1592 1379 1727 1453 Graeca
1753 1382 1961 1477 exemplaria
1975 1405 2066 1454 oon-

690 1489 802 1562 snlere
827 1493 1009 1585 potuisset,
1035 1489 1125 1562 nulla
1152 1491 1353 1584 ambiguitas
1378 1506 1564 1588 supererat
1593 1496 1664 1566 Sed
1690 1519 1807 1568 eornm
1834 1501 1891 1591 qui
1915 1497 2066 1569 Arabico

690 1609 913 1701 scripserunt,
947 1609 1003 1700 qui
1028 1604 1151 1678 leuiter
1182 1606 1326 1698 saltem,
1357 1609 1491 1680 Graece
1523 1614 1665 1682 sciverit
1697 1616 1930 1684 existimamus
1961 1611 2066 1684 inisse

689 1725 866 1793 neniinem
918 1719 1006 1794 Nam
1032 1720 1146 1815 lingua
1172 1723 1325 1815 vulgaris
1352 1747 1431 1797 esse
1457 1730 1568 1798 statim
1594 1727 1758 1816 desierat,
1784 1751 1895 1824 neque
1913 1728 1971 1800 ubi
1991 1731 2065 1820 ejus

690 1857 772 1910 usus
804 1841 838 1908 in
872 1841 980 1910 sacris
1007 1836 1152 1928 Officiis,
1183 1847 1321 1934 praeter
1355 1863 1456 1935 quam
1492 1842 1582 1936 apud
1612 1841 1833 1916 orthodoxos
1871 1843 2066 1934 substiterit,

689 1952 912 2044 coniectando
939 1955 1076 2047 assequi
1100 1975 1300 2049 possumus,
1326 1959 1481 2050 quamvis
1508 1956 1630 2030 alicubi
1662 1958 1871 2054 superfuisse
1900 1957 2065 2030 videatur.

791 2068 946 2141 XXVllh
998 2068 1089 2142 Illius
1115 2071 1330 2161 conjecturae
1354 2075 1575 2144 certissimum
1602 2085 1849 2166 argumentum,
1880 2074 1969 2168 quod
2003 2079 2067 2147 etsi

691 2187 801 2258 omnia
829 2183 894 2258 alia
921 2186 1080 2258 deessent
1106 2186 1292 2274 sufficeret,
1327 2183 1450 2258 Codex
1475 2187 1703 2260 Bibliothecae
1727 2189 1861 2282 Regiae
1888 2188 2065 2281 singularis

688 2301 786 2375 nobis
812 2301 1091 2390 subministravit,
1118 2302 1213 2391 cujus
1238 2304 1339 2372 etiam
1366 2324 1434 2397 ope
1448 2306 1639 2399 primarium
1652 2305 1829 2400 exemplar
1842 2305 2064 2396 Liturgiarum

688 2415 974 2514 Aegyptiacorum
1001 2419 1225 2508 agnoscimus.
1277 2415 1310 2488 ls
1338 2415 1460 2490 Codex
1485 2428 1619 2491 notatus
1645 2415 1697 2490 n⁰.
1724 2418 1838 2491 3023.
1862 2443 1909 2490 ex
1934 2418 2065 2491 illorum

687 2553 826 2605 numero
862 2541 932 2620 est,
967 2553 1051 2626 quos
1081 2531 1231 2604 Joannes
1263 2531 1408 2604 blichael
1439 2531 1658 2606 Wanslehius
1693 2558 1715 2605 a
1748 2539 1826 2608 uiro
1857 2557 2005 2622 summo,
2032 2541 2065 2606 et

688 2649 784 2736 quus
821 2648 1006 2720 clarissima
1039 2667 1174 2743 semper
1208 2651 1271 2718 erit
1304 2650 1390 2718 inter
1423 2647 1574 2720 literatos
1608 2652 1787 2738 memoria,
1826 2649 1959 2721 Joaune
1988 2650 2063 2721 Ba-

687 2765 788 2858 ptista
817 2761 1001 2854 Colberto,
1028 2785 1104 2834 cum
1129 2760 1293 2833 mandatis
1320 2759 1593 2836 Christiauissimi
1607 2763 1715 2856 Regis
1742 2763 1960 2836 inOrientem
1978 2769 2064 2836 mis-

688 2900 762 2964 sus,
791 2877 834 2949 ad
860 2875 993 2970 Regiae
1020 2875 1248 2950 Bibliothecae
1275 2889 1488 2969 augmentum
1515 2883 1736 2976 comparavit.
1764 2879 1878 2951 Lacer
1902 2890 1971 2968 est,
1998 2879 2063 2951 de-

688 3003 829 3088 suntque
845 2995 937 3064 initio
961 2991 1027 3064 duo
1053 3000 1109 3065 aut
1129 2996 1192 3064 tria
1210 2992 1311 3082 lolia3
1337 2997 1490 3066 nnumin
1509 3006 1684 3084 contextn3
1711 2999 1746 3066 in
1765 2995 1902 3090 reliquis
1918 2999 2063 3090 optimae

687 3118 788 3181 notae
815 3119 893 3197 est,
920 3111 1129 3203 scriptusque
1156 3108 1303 3200 eleganti
1330 3120 1365 3182 et
1390 3115 1497 3204 perito
1524 3132 1633 3182 manu.
1687 3110 1844 3183 Continet
1870 3119 1980 3182 autem
1997 3109 2063 3181 hi-

688 3227 815 3316 turgias
843 3223 941 3296 duas:
968 3227 1108 3318 primam
1135 3223 1171 3295 S.
1198 3224 1330 3316 Basilii,
1357 3228 1470 3317 cujus,
1502 3235 1538 3296 ut
1564 3247 1611 3297 ex
1643 3225 1709 3297 fine
1742 3226 1920 3314 discimus,
1953 3225 2063 3296 titulus

688 3339 743 3412 hic
770 3349 852 3412 erat.
906 3337 950 3412 ‘H
972 3339 1057 3412 θεία
1083 3339 1286 3439 λειτουργία
1311 3347 1378 3414 τοῦ
1402 3344 1440 3414 ἐν
1465 3337 1581 3439 ἁγίοις
1606 3338 1741 3440 πατρὸς
1760 3339 1864 3436 ἡμῶν
1882 3347 1949 3413 τοῦ
1962 3343 2064 3414 θαυ-

686 3461 900 3556 ματουργοῦ
924 3455 1122 3552 βασιλείου.
1174 3457 1306 3527 Divino
1331 3457 1491 3550 Liturqio
1515 3460 1628 3527 sancti
1653 3457 1773 3527 Patria
1802 3458 1913 3528 aoros·
1943 3457 2062 3527 Thou-

686 3574 833 3667 moturpi
859 3571 1006 3642 Basilii:
1034 3571 1214 3644 secundam
1242 3575 1349 3643 sancti
1376 3569 1545 3662 Gregorii.
1594 3570 1692 3642 lstius
1719 3570 1831 3642 titulus
1857 3575 1948 3643 initio
1976 3574 2062 3644 sim-

687 3688 787 3786 plex:
814 3685 860 3761 ‘H
880 3685 965 3760 θεία
990 3686 1193 3786 λειτουργία
1224 3693 1292 3760 τοῦ
1325 3689 1365 3762 ἐν
1387 3685 1510 3794 ,ἁγίοις
1541 3683 1675 3783 πατρὸς
1705 3684 1812 3781 ἡμῶν
1845 3687 2060 3785 Γρηγορίουε

688 3805 722 3874 in
749 3799 814 3875 fine
839 3799 1021 3902 ὠρισμίνη
1041 3807 1093 3898 aqi
1117 3806 1156 3877 ἐν
1181 3799 1296 3902 ἁγίοις
1321 3800 1430 3899 πατρί
1455 3799 1559 3898 ἡμῶν
1584 3797 1752 3901 θεολόγῳ
1777 3801 1983 3901 Γρηγορίῳε
2016 3824 2062 3874 cx

688 3941 753 4013 quu
795 3916 997 4015 epigraphe,
1037 3916 1247 4010 'theologum
1292 3925 1371 3991 esse
1415 3916 1645 4010 intelligimus,
1691 3920 1745 3988 cui
1785 3916 1871 3989 haec
1910 3917 2061 4008 Liturgia

687 4035 839 4106 tribuitur
865 4037 898 4105 in
925 4056 968 4105 eo
995 4033 1199 4128 exemplari,
1225 4037 1322 4105 utin
1350 4031 1498 4126 Copticis
1526 4033 1695 4104 omnibus:
1736 4054 1823 4126 quae
1857 4031 1989 4103 traditio
2017 4030 2058 4103 ah

688 4149 858 4223 autoribus
885 4147 1108 4244 Aegyptiacis
1133 4151 1279 4219 manimi
1306 4169 1473 4220 consensu
1500 4157 1640 4242 accepta
1667 4157 1730 4219 est.

789 4265 913 4336 XXlX.
964 4263 1109 4336 Primum
1156 4267 1354 4359 paginarum
1397 4263 1520 4335 iaeiem
1562 4270 1706 4358 occupat
1745 4260 1895 4334 Graecus
1935 4270 2058 4350 textus,

687 4379 882 4453 charactere
909 4403 1007 4475 quem
1034 4387 1273 4454 sexcentorum
1299 4379 1498 4475 etamplius
1531 4401 1691 4452 annorum
1723 4381 1823 4475 periti
1856 4400 1934 4456 esse
1963 4377 2059 4469 J’udi-

685 4505 787 4588 cant,
814 4495 923 4568 lorma
950 4518 1037 4592 quae
1063 4496 1270 4567 acommuni
1291 4493 1461 4566 literarum
1478 4494 1683 4568 Graecarum
1705 4493 1803 4567 ductu
1824 4494 1957 4588 paulum
1975 4491 2058 4566 abit:

685 4611 773 4684 nullu
800 4611 897 4684 litera
924 4633 999 4683 cum
1026 4609 1099 4683 aliis
1126 4630 1301 4700 connexa,
1328 4609 1389 4682 sed
1414 4632 1539 4682 vocum
1564 4608 1760 4705 compendia
1790 4609 2058 4703 frequentissima

687 4735 787 4818 sunt,
814 4729 859 4800 ita
886 4737 921 4798 ut
947 4721 1089 4822 πατήρ,
1114 4729 1276 4820 πνεῦμα,
1314 4735 1348 4796 et
1373 4724 1475 4798 multa
1502 4723 1567 4797 alia
1594 4723 1834 4820 compendiose
1861 4722 2056 4796 scribantur.

685 4840 756 4914 Sed
781 4863 825 4914 ne
851 4840 907 4914 illa
934 4839 1132 4936 compendia
1164 4839 1310 4914 lectores
1342 4850 1569 4928 morarentur,
1600 4838 1702 4911 index
1731 4859 1853 4911 vocum
1886 4841 1931 4909 ita
1966 4839 2057 4910 scri-

686 4964 817 5052 ptarum
845 4956 887 5028 ad
914 4955 1011 5027 finem
1039 4954 1211 5045 adjunctus
1238 4963 1308 5047 est,
1334 4955 1421 5028 unde
1446 4954 1563 5030 forsan
1580 4955 1701 5046 conjici
1717 4961 1848 5048 potest,
1873 4961 1950 5024 truie
1966 4953 2056 5024 seri-

685 5079 777 5170 ptum
803 5069 908 5146 luisse
935 5070 1105 5160 codicem,
1133 5093 1206 5143 cum
1230 5073 1299 5163 jam
1327 5070 1481 5144 Graecae
1506 5071 1642 5163 linguae
1668 5073 1920 5164 scripturaeque
1940 5067 2059 5162 peritia

2358 1481 2359 1510 l

2358 1529 2359 1546 l

2141 1748 2145 1756 .

2101 2149 2122 2166 η

2358 4799 2359 4824 l

2358 5067 2359 5092 l

2358 5191 2359 5212 l
