4736 6064
548 423 589 500 IN
607 419 790 504 OANONEM
808 423 1033 528 ennffltnu
1051 425 1137 503 stin
1153 423 1361 502 tnnnotm
1379 421 1649 502 tntffloncnu.
1709 424 1787 500 499

413 607 523 672 Graeci
531 594 789 692 vocantpeyaiirp
800 603 936 687 sicodor,
945 625 1132 672 communem
1144 625 1215 671 esse
1231 606 1369 692 omnibus
1381 604 1558 672 Christianis
1571 606 1787 690 Orientalibus,
1888 609 1893 618 '

410 707 486 788 ipsis
509 706 598 770 etiam
620 705 832 788 Aethiopibus.
878 708 978 770 Testis
1001 707 1139 770 oculatus
1161 707 1248 770 istius
1271 708 1482 770 caeremoniae
1495 709 1674 772 Franciscus
1689 707 1788 770 Alva-

410 805 525 883 rezius,
548 804 628 868 illam
650 806 681 866 in
704 805 853 869 itinerarii
875 807 922 869 sui
944 805 1068 869 historia
1090 807 1264 886 descripsit,
1288 812 1478 885 testaturque
1501 823 1620 886 panem,
1642 807 1708 869 sive
1728 805 1790 869 ob-

412 903 503 967 latam
534 903 648 966 deierri
670 923 710 966 ex
732 907 899 968 secretario
923 905 953 966 in
976 906 1141 988 paropside
1163 905 1309 985 quadam,
1333 921 1411 985 quae
1434 912 1563 984 patenae
1585 911 1711 967 nostrae
1733 922 1791 967 re·

412 1001 559 1083 spondet,
589 1010 621 1066 et
650 1002 776 1066 aliorum
798 1001 994 1068 Orientalium
1023 1004 1124 1082 disco,
1153 1021 1220 1067 cum
1251 1021 1377 1085 pompa,
1408 1003 1507 1066 cereis
1536 1003 1790 1084 praecedentibus

411 1101 538 1182 pulsatis
560 1101 647 1190 simul
670 1102 864 1183 campanulis.
896 1102 956 1168 Sed
978 1102 1090 1166 lallitur
1118 1102 1187 1165 dum
1209 1102 1356 1184 Azymam
1376 1101 1456 1164 illam
1479 1119 1549 1166 esso
1571 1101 1692 1180 scribit,
1721 1117 1790 1163 narn

411 1201 704 1282 praeterdrmenos,
728 1199 909 1264 fermentato
932 1219 1011 1281 pane
1035 1201 1303 1266 adEacbaristiam
1326 1200 1547 1278 celebrandam,
1569 1216 1674 1264 omnes
1697 1207 1792 1264 utun-

412 1305 471 1362 tur.
516 1298 550 1362 ln
586 1299 729 1362 versione
758 1299 864 1362 Latina
895 1299 1006 1362 dieitur
1034 1301 1230 1364 Sacerdotem
1258 1299 1369 1382 offerre
1395 1301 1528 1364 bostiam
1555 1319 1647 1380 super
1673 1299 1788 1360 altare.-

413 1396 494 1478 quod
516 1395 746 1480 intelligendum
769 1406 816 1461 est
838 1416 876 1461 eo
899 1416 988 1480 quem
1012 1399 1140 1462 diximus
1162 1399 1263 1479 modo,
1287 1398 1558 1477 nonRituLatino,
1582 1416 1672 1478 quem
1695 1397 1790 1460 verba

411 1513 544 1577 praese
567 1495 677 1558 lerunt.
721 1497 765 1559 lta
787 1515 909 1579 quoquo
931 1498 1059 1582 intelligi
1082 1499 1172 1562 debet
1194 1499 1292 1562 oratio
1316 1515 1395 1577 quae
1416 1497 1564 1577 sequitur,
1587 1497 1708 1577 quando
1727 1515 1791 1576 po-
1924 1488 1926 1494 ’

411 1597 496 1658 mitur
517 1597 619 1658 vinam
641 1603 671 1657 et
691 1615 772 1677 apua
792 1599 825 1658 in
847 1599 943 1660 calice
964 1616 986 1660 a
1006 1598 1156 1674 Diacoao,
1179 1615 1246 1659 cum
1269 1596 1363 1677 vulgo
1384 1596 1416 1658 in
1427 1595 1573 1658 Ecclesiis
1587 1594 1791 1658 Orientalibus

412 1691 525 1756 iactum
546 1692 578 1755 id
598 1692 690 1757 luerit
712 1695 743 1756 in
765 1694 920 1772 Prothesi,
951 1697 1055 1758 autin
1078 1695 1268 1775 Secretario,
1297 1711 1358 1760 non
1388 1694 1426 1758 ad
1455 1694 1560 1758 altare.
1605 1693 1672 1756 Uno
1695 1694 1792 1756 verbo

412 1789 541 1856 maxima
562 1790 761 1856 Rubrioarum
782 1811 871 1874 pars,
899 1801 932 1856 ut
954 1794 1097 1876 leguntur
1117 1796 1150 1856 in
1170 1795 1277 1857 Latina
1299 1795 1459 1870 versione,
1487 1792 1586 1856 addita
1609 1800 1657 1856 est
1679 1791 1716 1855 ab
1740 1791 1793 1854 ln-

413 1890 609 1972 terpretibus,
631 1909 690 1954 non
714 1911 755 1955 ex
777 1893 836 1956 lide
860 1892 1042 1973 exemplaris
1055 1891 1239 1976 Aethiopici,
1253 1895 1283 1956 in
1298 1910 1358 1974 quo
1375 1892 1554 1974 plerumque
1570 1890 1793 1971 desiderantur,

414 1989 470 2052 sed
493 1990 743 2072 exconjectura,
766 2009 833 2054 cum
856 1991 941 2054 Ritus
964 1989 1135 2056 Orientales
1157 1993 1346 2074 ignorarent,
1369 2000 1459 2073 atque
1482 2009 1519 2054 ea
1541 1991 1660 2054 ratione
1681 1989 1793 2052 nullam

413 2086 527 2150 babent
549 2089 751 2154 autoritatem.

490 2389 501 2407 κ
605 2349 641 2420 3.
683 2348 860 2421 Sacerdos
885 2350 971 2422 dicit
999 2349 1197 2422 Orationem
1221 2354 1414 2446 mattarum
1439 2353 1597 2426 aelionis.

504 2537 601 2618 Mnus
624 2551 655 2614 in
677 2553 820 2615 versione
833 2552 949 2632 Latina,
971 2553 1125 2616 Sacerdos
1146 2554 1178 2614 io
1198 2557 1372 2634 pratiarum
1394 2557 1514 2618 aetiam
1528 2555 1603 2618 dicit
1617 2551 1792 2616 Orationem

413 2663 593 2734 sequentem.
637 2653 692 2717 Est
714 2656 794 2718 enim
815 2653 893 2718 baec
913 2656 1022 2735 oratio,
1045 2656 1150 2719 eadem
1174 2674 1251 2737 quae
1273 2656 1331 2719 boc
1354 2656 1439 2720 tilulo
1451 2657 1628 2719 Gratiarum
1651 2657 1792 2731 aetionis,

413 2753 542 2816 habetur
563 2753 593 2814 iu
615 2753 752 2838 biturgia
774 2754 894 2833 Basilii,
923 2773 1012 2836 quam
1041 2755 1119 2818 male
1148 2755 1301 2819 Victorius
1333 2755 1470 2820 Seialaeb
1500 2757 1715 2837 interpretatus
1744 2761 1792 2817 est

414 2849 590 2915 Orationem
612 2853 655 2916 art
676 2854 835 2935 οιηφιιὶιιηι.

794 3113 829 3183 d.
871 3112 994 3185 Oratio
1021 3113 1207 3184 oblationis
1232 3117 1405 3218 mysticae.

505 3317 561 3398 Er
584 3347 706 3412 quoque
729 3350 769 3393 ex
792 3329 917 3412 Coptica
942 3349 1090 3412 expressa
1113 3338 1175 3410 est,
1205 3331 1244 3394 de
1272 3348 1331 3411 qua
1352 3328 1420 3393 fuse
1443 3329 1555 3392 dietum
1578 3329 1677 3391 estin
1700 3327 1794 3392 Corn-

415 3435 575 3496 mentario:
610 3440 641 3496 ct
672 3450 879 3514 quaecumque
908 3432 959 3496 illo
990 3432 1059 3496 loco
1082 3433 1246 3497 observata
1274 3439 1360 3508 sunt,
1388 3449 1486 3512 aeque
1516 3432 1554 3495 ad
1583 3431 1793 3514 Aethiopicam

414 3533 580 3616 Liturgiam
611 3533 771 3616 pertinent.
828 3530 1056 3595 Observandum
1087 3539 1135 3595 est
1171 3533 1201 3594 in
1232 3533 1375 3596 versione
1406 3529 1512 3594 Latina
1542 3547 1707 3594 occurrere
1735 3532 1793 3594 ista

1840 2670 2121 2742 nmnpaamn

415 3631 519 3695 verba.
565 3629 656 3710 Cujus
677 3631 848 3694 mabstantia
869 3639 977 3694 creata
997 3651 1058 3694 aaa
1081 3639 1141 3708 est,
1171 3633 1227 3695 sed
1247 3650 1281 3694 ea
1298 3650 1410 3712 param
1443 3629 1588 3692 Verbum:
1623 3638 1655 3692 tu
1683 3651 1717 3692 cs
1738 3632 1794 3692 Fi-
1863 3702 1869 3716 .
1942 3702 1950 3718 ,

414 3729 474 3792 lias
495 3730 601 3791 Patris
622 3736 653 3790 et
673 3728 805 3808 Spiritus
826 3732 936 3806 sancti,
959 3729 1090 3793 absurde
1113 3749 1239 3812 prorsus
1263 3738 1294 3792 et
1316 3729 1464 3809 imperite.
1509 3727 1568 3802 Oui
1589 3728 1666 3792 hanc
1687 3729 1793 3792 Litur-

415 3825 495 3907 giam
518 3827 548 3888 in
570 3825 785 3889 bibliothecam
807 3827 926 3890 Patrum
957 3846 1024 3891 oum
1054 3829 1119 3893 aliis
1142 3828 1293 3892 transtulit
1315 3827 1504 3908 Margarinus
1526 3825 1678 3909 Bigneus,
1709 3846 1792 3891 more

416 3941 472 3987 suo
495 3923 654 3988 beatorem
676 3927 804 4004 monuit,
835 3934 868 3988 ut
898 3935 985 3990 caute
1008 3927 1085 3990 baec
1106 3928 1241 4011 legeret,
1269 3935 1331 3990 tum
1354 3945 1394 3988 ex
1416 3924 1586 4008 Theologia
1609 3926 1682 3989 nodi
1705 3928 1793 3991 solu-

415 4023 528 4085 tionem
551 4025 719 4105 adscripsit.
764 4025 877 4088 Verum
900 4045 938 4088 eo
961 4026 1030 4090 loeo
1052 4027 1174 4107 bialum,
1198 4033 1249 4089 aut
1270 4025 1410 4088 mendum
1433 4043 1450 4086 a
1472 4024 1603 4088 librariis
1627 4043 1697 4089 esse
1721 4044 1793 4088 cer-

415 4123 561 4186 tissimum
583 4125 717 4205 videtur,
741 4143 808 4188 cum
831 4125 935 4188 similis
957 4125 1116 4190 locutionis
1145 4126 1175 4188 in
1202 4125 1324 4207 seriptis
1347 4122 1573 4206 Theologorum
1597 4123 1794 4187 Orientalium

417 4220 456 4283 de
487 4222 633 4286 Trinitate
663 4224 835 4305 permultis,
865 4232 915 4288 aut
944 4226 974 4286 in
1004 4225 1069 4287 aliis
1099 4224 1200 4304 bbris,
1229 4243 1268 4286 ne
1298 4224 1460 4306 vestigium
1489 4222 1608 4304 quidem
1642 4231 1793 4288 occurrat.

415 4317 512 4382 Deest
534 4321 626 4403 igitur
648 4323 777 4404 aliquid3
805 4341 914 4404 nempe
940 4324 1034 4387 verba
1062 4325 1235 4387 necessaria
1262 4323 1300 4386 ad
1322 4323 1501 4386 sententiam
1524 4338 1613 4403 quarn
1636 4320 1740 4386 Oratio
1762 4324 1794 4385 in

417 4418 584 4501 exemplari
607 4418 734 4503 Coptica
757 4430 970 4503 repraesentat
1000 4421 1243 4504 exprimendam,
1274 4421 1325 4485 ubi
1355 4421 1427 4484 nihil
1455 4421 1567 4485 sindle:
1600 4421 1656 4485 sed
1686 4421 1795 4484 dicitur

416 4515 511 4578 Filias
533 4519 800 4584 consubstantialis
821 4521 921 4597 Patri,
943 4529 974 4584 et
994 4521 1123 4602 Spiritui
1144 4528 1261 4600 sancto,
1284 4529 1314 4584 et
1334 4521 1452 4601 atrimae
1474 4527 1664 4583 coaeternos.

503 4613 633 4698 Ibidem,
662 4637 753 4698 mper
778 4619 837 4682 boe
865 4619 964 4681 altare
991 4621 1150 4700 spirituale
1177 4629 1268 4682 taam.
1312 4617 1491 4701 invulgata
1514 4618 1672 4694 versione,
1702 4636 1795 4698 saper

416 4713 475 4776 boc
496 4714 595 4778 altare
613 4717 757 4796 portatile
778 4716 848 4780 Vox
869 4716 1066 4801 Aethiopica,
1096 4734 1174 4800 quae
1198 4718 1325 4801 reliquis
1347 4717 1458 4802 linguis
1482 4716 1686 4780 Orientalibus
1709 4733 1795 4778 eom-

415 4814 512 4875 munis
536 4821 593 4892 est,
617 4812 691 4875 nibil
713 4813 809 4878 minus
832 4815 994 4900 signifieat.
1029 4818 1162 4881 Vocatur
1183 4817 1281 4880 altare
1302 4816 1476 4898 spirituale,
1498 4815 1530 4878 in
1550 4814 1607 4880 bac
1625 4824 1655 4879 et
1671 4816 1703 4877 in
1714 4813 1796 4877 mul-

415 4911 453 4972 tis
476 4911 541 4974 aliis
563 4911 721 4993 Liturgiis,
745 4914 817 4992 quia
838 4915 1013 4997 mysterium
1035 4917 1067 4979 in
1089 4935 1127 4980 eo
1151 4916 1346 4997 celebratum,
1373 4913 1508 4998 quamvis
1531 4932 1606 4978 vere
1629 4922 1661 4979 et
1680 4915 1794 4996 reipsa,
1874 4979 1876 4984 .

437 5033 547 5080 raama
1535 5017 1585 5092 79

943 5295 1220 5418 &morsu

998 5413 1171 5470 oxroao
