4680 6044
621 568 695 642 198
786 585 794 601 ·
1084 567 1513 646 COMMENTARIUS

331 768 434 822 ntorum
451 773 528 824 nimia
543 789 606 842 erga
705 752 841 816 Alterum
864 748 954 833 caput
977 753 1006 816 in
1029 771 1088 834 quo
1113 751 1283 816 Orientales
1307 753 1394 833 culpa
1417 770 1476 816 non
1493 761 1617 830 vacant,
1641 753 1759 816 nimiam
1782 753 1984 818 adulationem

296 853 492 911 balaneorum
507 858 604 926 princi-
617 859 751 932 spectat,
775 871 834 933 qua
856 852 1080 915 hluhamedanis
1104 851 1249 930 Sultanis,
1272 857 1395 933 praeter
1415 869 1524 933 preces
1546 870 1621 933 quas
1644 871 1684 916 ex
1703 852 1804 915 ollicio
1822 852 1986 932 dehebant,

296 957 344 1008 1³⁰³
360 940 479 999 adulaue.
616 949 707 1012 multa
739 951 924 1028 detulerunt,
953 970 1031 1032 quae
1057 969 1119 1012 non
1156 950 1295 1013 licebant.
1353 951 1422 1013 Non
1449 951 1539 1014 modo
1573 951 1711 1033 publicas
1748 953 1985 1033 supplicationes

617 1067 718 1113 coram
739 1052 812 1132 ipsis
830 1051 988 1127 iaciebant,
1009 1051 1064 1114 sod
1081 1069 1148 1114 cum
1167 1053 1246 1114 omni
1266 1057 1373 1114 ornatu
1387 1049 1552 1128 Ecclesiae,
1569 1056 1600 1113 et
1617 1051 1713 1114 sacris
1736 1053 1826 1114 etiam
1847 1054 1929 1115 vasis
1953 1061 1986 1116 et

615 1149 788 1232 Evangeliis
813 1150 849 1212 ad
872 1151 1014 1214 Palatium
1038 1150 1135 1230 ibant,
1158 1151 1338 1232 praesertim
1360 1152 1389 1212 in
1419 1150 1656 1212 Patriarcharum
1686 1151 1983 1234 inaugurationibus:

614 1249 721 1312 multas
745 1268 851 1313 causas
867 1243 1095 1312 Ecclesiasticus
1119 1249 1156 1312 ad
1170 1268 1275 1313 eornm
1297 1248 1456 1311 tribunalia
1476 1247 1661 1327 deferebant,
1684 1247 1864 1331 tandemque
1878 1266 1983 1311 eorum

585 1380 587 1386 ·
614 1355 711 1428 metu,
736 1367 796 1410 non
818 1349 907 1411 modo
931 1348 1528 1428 adversushluhamedanaroinrpietatem
1549 1365 1588 1410 ne
1611 1346 1732 1410 hiscere
1746 1349 1867 1429 quidem
1885 1347 1982 1410 aude-

615 1447 705 1527 bant,
729 1448 783 1511 sed
807 1449 895 1511 etiam
918 1447 1015 1529 ipsum
1044 1449 1238 1529 impostorem
1266 1447 1472 1510 hluhamedem
1500 1446 1614 1528 absque
1643 1447 1766 1510 honoris
1794 1448 1982 1529 praefatione

614 1564 676 1610 non
698 1547 904 1624 nominabant,
928 1553 958 1610 et
980 1565 1074 1629 saepe
1096 1545 1233 1610 laudibus
1254 1547 1535 1628 prosequebantur,
1557 1555 1591 1609 ut
1613 1545 1685 1609 lecit
1705 1549 1785 1610 inter
1806 1545 1882 1610 alios
1905 1546 1983 1609 Am-

615 1664 673 1708 rou
694 1646 824 1709 blathaei
846 1647 924 1710 tilius
946 1645 1160 1722 Nestorianns,
1184 1645 1236 1726 qui
1257 1644 1340 1708 illurn
1361 1663 1547 1727 magnopere
1570 1644 1773 1725 commendat,
1802 1646 1884 1726 quod
1905 1646 1982 1708 lda-

614 1747 766 1808 lohrtra'cm
788 1747 956 1822 mundarit,
977 1748 1121 1827 aulaeque
1142 1745 1201 1808 Det
1221 1745 1330 1806 cabum
1349 1747 1578 1826 propopaoerit.
1613 1744 1646 1806 ln
1671 1762 1709 1808 eo
1731 1745 1851 1809 modurn
1864 1761 1982 1807 omnem

615 1854 816 1909 excesserunt
836 1845 1025 1924 Nestorium,
1046 1847 1078 1907 in
1100 1863 1228 1926 quorum
1258 1843 1340 1906 libris
1372 1843 1565 1926 Theologicis
1595 1851 1666 1926 post
1694 1846 1862 1925 scripturae
1891 1843 1983 1906 testi-

614 1947 729 2024 monia,
764 1951 926 2008 occurrunt
948 1945 1059 2026 petitae
1082 1963 1122 2006 ex
1144 1943 1344 2024 impurissimo
1366 1941 1511 2006 Alcorani
1539 1961 1635 2006 coeno
1666 1945 1858 2023 autoritates,
1889 1949 1922 2006 ut
1949 1941 1982 2004 in

616 2043 759 2107 Tractatu
782 2044 820 2106 de
842 2043 915 2107 Fide
939 2043 1107 2106 Christiana
1128 2043 1212 2106 Eliae
1235 2041 1446 2123 Metropolitae
1468 2041 1619 2118 Nisibeni,
1642 2050 1749 2124 postea
1765 2041 1927 2130 Catholici:
1949 2042 1981 2103 in

617 2143 682 2207 aliis
705 2146 797 2207 sectis
821 2143 880 2206 tale
903 2142 974 2224 quid
997 2161 1058 2206 non
1079 2142 1167 2205 facile
1189 2143 1330 2205 occurrit

326 2440 356 2492 Ρ.
376 2440 418 2492 rr.
436 2440 452 2491 t
470 2441 514 2493 aa.
738 2527 743 2542 .
956 2427 1062 2499 Dicet
1082 2427 1228 2520 populata
1252 2429 1372 2499 Fidem
1399 2429 1640 2502 Orthodocarn.
1680 2401 1688 2412 .

310 2647 457 2715 Spalatum
470 2648 600 2700 recitatam
693 2621 746 2700 Ur
769 2632 848 2716 apud
871 2631 1004 2694 Graecos
1026 2624 1156 2709 Πίστις,
1178 2634 1219 2696 ita
1242 2632 1320 2713 apud
1331 2631 1499 2698 Orientales
1526 2635 1600 2716 lida
1626 2637 1824 2712 vocabulum,
1847 2634 1979 2717 Symbo-

294 2734 354 2790 ⁰¹i¹¹¹
372 2731 479 2802 Graece.
613 2737 674 2800 lum
696 2735 859 2798 Nicaenum
883 2733 913 2792 in
936 2732 1084 2793 communi
1105 2749 1164 2793 usu
1185 2729 1399 2796 Ecclesiastico
1422 2733 1587 2815 significat,
1610 2734 1844 2817 quodCoptitae
1858 2743 1977 2814 vocant,

612 2837 716 2899 Eidem
738 2832 957 2896 orthodoxam.
1002 2829 1096 2911 Hujus
1121 2830 1304 2911 exemplaria
1326 2832 1441 2896 Graece
1464 2841 1605 2912 exarata,
1635 2853 1703 2897 cum
1724 2835 1867 2898 versione
1896 2835 1979 2898 Ara-

613 2937 696 3011 bica,
719 2933 758 2997 ad
779 2931 960 3013 antiquitatis
982 2931 1172 3010 memoriam,
1200 2939 1409 3011 repraesentat
1435 2930 1544 2996 Codex
1573 2932 1729 2997 Canonum
1756 2936 1894 3015 antiquus
1924 2935 1978 2998 Ei-

612 3034 780 3097 hliothecae
802 3031 927 3114 Regiae.
971 3029 1062 3111 Apud
1084 3029 1218 3111 Coptitas
1241 3049 1279 3098 an
1301 3031 1370 3094 olirn
1393 3032 1509 3095 Graece
1531 3031 1641 3095 dictum
1671 3032 1760 3096 buerit
1786 3040 1889 3114 potest
1917 3032 1977 3096 du-

536 3131 540 3140 '
612 3134 717 3208 bitari3
739 3131 795 3195 sed
818 3131 928 3194 dudum
951 3137 998 3192 est
1021 3146 1087 3192 cnm
1109 3129 1239 3192 Arabico
1261 3129 1383 3194 dicitur:
1406 3139 1536 3212 suntque
1549 3132 1627 3196 illins
1641 3132 1780 3197 diversae
1802 3135 1960 3197 versiones
1967 3155 1977 3210 ;

612 3252 680 3297 nam
703 3233 852 3314 antiquior
874 3236 905 3293 et
925 3228 1033 3292 melior
1055 3247 1095 3291 ex
1117 3227 1234 3292 Graeco
1257 3229 1437 3312 exemplari,
1460 3249 1539 3312 quae
1560 3233 1673 3312 passim
1696 3239 1779 3294 extat
1800 3233 1831 3295 in
1852 3233 1977 3296 Eucho-

613 3333 719 3417 logiiS,
743 3339 775 3394 et
797 3330 862 3394 aliis
885 3327 968 3390 libris
991 3327 1228 3411 Ecclesiasticis,
1250 3327 1328 3392 lacta
1350 3338 1413 3406 est;
1426 3330 1512 3392 aliae
1539 3349 1579 3393 ex
1607 3331 1729 3412 Syriaca
1758 3334 1915 3412 versione,
1946 3340 1978 3396 et

614 3431 734 3516 quidem
757 3430 910 3512 duplices,
931 3445 999 3491 narn
1022 3436 1069 3490 est
1092 3427 1270 3491 discriminis
1293 3429 1427 3492 nonnihil
1449 3431 1527 3493 inter
1549 3449 1614 3494 eam
1628 3431 1869 3512 quaNestoriani
1882 3439 1976 3496 utun·-

611 3542 680 3611 tur‚
714 3539 745 3593 et
773 3531 855 3594 alias.
899 3528 944 3591 Eo
980 3529 1100 3590 nomine
1129 3529 1213 3609 ipsos
1247 3527 1442 3592 vehementer
1474 3530 1607 3612 exagitat
1641 3529 1773 3593 Severus
1805 3529 1976 3613 Episcopus

612 3631 812 3710 Aschmonin,
849 3627 996 3710 singulari
1033 3627 1180 3709 opusculo
1214 3626 1359 3692 adversus
1396 3627 1462 3692 Ebu
1492 3628 1590 3691 Obeid
1621 3629 1842 3711 Metropolitam
1871 3649 1976 3694 eorum

325 3749 371 3802 tta.
390 3749 418 3801 n.
437 3749 468 3804 n,
613 3733 839 3795 Damascenum.
890 3726 981 3791 Notat
1009 3728 1173 3809 praecipue
1201 3726 1282 3808 quod
1311 3729 1446 3792 omittant
1472 3728 1548 3792 haec
1574 3729 1669 3792 verba
1698 3730 1775 3792 coeli
1800 3736 1831 3791 et
1858 3737 1976 3792 tarne:

326 3835 599 3904 tteatorianiaingnla-
612 3831 774 3913 legantque
803 3830 862 3906 ita,
900 3825 999 3889 Credo
1029 3829 1062 3888 io
1096 3846 1187 3888 auum
1223 3825 1333 3904 Deum,
1363 3828 1487 3890 Patrem
1520 3830 1765 3910 omniprotentem,
1801 3811 1990 3892 Creatmm'

292 3936 346 3973 rem
371 3921 426 3987 ejus
453 3924 598 3975 versionem
613 3932 743 3994 omnium
764 3928 925 3991 visibilium
946 3933 977 3988 et
995 3925 1197 3990 iacebibdium.
1243 3925 1318 3988 Tum
1340 3929 1422 3989 etin
1442 3947 1533 3990 anam
1546 3927 1706 3990 Dominam
1724 3929 1819 4009 filiam
1831 3927 1891 3990 Dei
1903 3929 1975 3990 aab

292 4007 425 4060 habebant.
611 4031 756 4112 penitam,
775 4027 1005 4108 primopeaitum
1027 4027 1123 4088 omnis
1146 4033 1325 4088 menturae:
1348 4046 1388 4088 ec
1405 4034 1497 4108 patre
1517 4034 1621 4089 notum
1647 4034 1718 4089 ante
1747 4028 1887 4102 saeculo,
1915 4047 1976 4090 aaa

612 4136 755 4191 creatum.
800 4125 906 4207 Neque
928 4124 1053 4200 habent,
1087 4124 1185 4184 lumea
1205 4125 1244 4184 de
1265 4124 1387 4188 lamma:
1415 4124 1527 4189 addunt
1552 4126 1643 4188 etiarn
1672 4133 1743 4207 post
1765 4144 1802 4190 ea
1829 4128 1925 4190 verba
1947 4134 1979 4189 et

611 4228 699 4290 horno
718 4227 820 4306 factus
842 4233 902 4301 eat,
925 4229 1084 4303 conceptus
1105 4223 1137 4283 ia
1159 4241 1197 4284 eo
1218 4229 1250 4284 et
1268 4231 1358 4286 naam
1379 4245 1420 4286 ec
1446 4225 1582 4306 Virqiae:
1612 4226 1729 4306 reliqua
1754 4225 1878 4288 minoris
1906 4243 1975 4288 mo-

612 4327 703 4390 menti
731 4335 808 4389 sunt:
856 4325 888 4387 ln
919 4342 957 4387 co
985 4329 1083 4385 autem
1114 4320 1272 4403 Symbola,
1299 4329 1343 4396 nt,
1362 4323 1431 4386 olim
1461 4321 1620 4387 Christiani
1650 4342 1771 4404 omnes,
1802 4325 1843 4387 ita
1872 4333 1976 4391 sectae

613 4424 782 4490 Orientales
804 4425 909 4506 paucis
931 4421 1055 4504 syllabis
1078 4421 1213 4502 exceptis
1237 4422 1429 4488 conveniunt.
1462 4423 1579 4486 Pariter
1600 4424 1688 4486 etiam
1709 4442 1770 4486 non
1792 4423 1882 4488 modo
1895 4426 1976 4489 inter

612 4545 647 4590 se
671 4528 765 4608 ipsae,
787 4524 843 4588 sed
866 4520 1076 4586 cumGraecis
1100 4522 1299 4601 consentiunt,
1322 4523 1353 4584 in
1376 4522 1556 4606 exagitanda
1577 4523 1974 4589 additioneahatinisiaota

613 4627 693 4688 circa
717 4623 844 4708 Spiritus
869 4621 969 4685 Sancti
990 4621 1229 4703 processionem,
1252 4640 1310 4702 per
1331 4621 1382 4685 illa
1403 4621 1498 4684 verba
1520 4624 1572 4704 qui
1592 4644 1633 4685 em
1650 4631 1741 4703 patre
1760 4625 1880 4704 filioque
1894 4640 1973 4705 pro-

611 4725 698 4788 cedit.

308 4831 347 4886 be
360 4833 598 4906 additioneattoqae.
698 4823 770 4885 Eam
799 4821 910 4904 quippe
940 4819 1119 4883 additionem
1148 4819 1361 4895 condemnant,
1390 4837 1451 4882 non
1480 4817 1568 4885 modo
1598 4823 1685 4903 quasi
1711 4830 1825 4885 temere
1853 4821 1972 4900 hetam,

613 4931 644 4987 ot
666 4922 779 5002 absque
805 4919 937 5003 legitima
966 4921 1124 4983 autoritate
1151 4927 1255 4984 contra
1285 4920 1606 5002 Constantinopolitani
1634 4922 1759 4986 concilii
1789 4931 1820 4985 et
1847 4921 1972 4984 allorum

613 5021 830 5099 definitionem,
853 5019 1019 5082 sedetiam
1041 5021 1126 5101 quasi
1148 5037 1258 5083 novun
1280 5019 1390 5105 dogma
1412 5022 1580 5101 contineat,
1605 5021 1642 5085 de
1657 5022 1855 5104 processione
1876 5021 1979 5084 sancti
