4670 6046
713 611 788 687 312
907 611 1034 690 NOTAE
1058 613 1111 688 lb
1137 607 1435 688 BENEDlOllONES
1461 610 1644 689 vasonum
1670 609 1879 691 slctotmt.

602 775 605 784 ⁴
711 803 835 860 coarcto.
880 794 915 858 ln
938 793 1066 876 Coptico
1088 803 1136 858 est
1157 813 1219 858 vox
1240 813 1334 879 ερφει
1361 813 1438 876 quae
1466 797 1593 860 vertitur
1613 796 1747 860 Mabiee
1776 815 1833 878 per
1863 798 1987 862 alteram
2010 785 2087 872 batn

711 893 824 970 Eeilrel,
846 879 974 974 utraque
995 895 1121 974 proprie
1143 895 1281 974 templum
1301 894 1472 976 siguificat:
1500 915 1606 958 verum
1629 915 1670 958 ex
1692 914 1750 959 usu
1771 896 1989 963 Ecclesiastico
2013 919 2087 982 par-

711 999 772 1055 tem
794 994 925 1056 intimam
954 993 1116 1056 sanctuarii
1139 999 1169 1055 et
1199 994 1297 1074 ipsum
1324 993 1486 1074 aliquando
1517 995 1629 1058 altare:
1658 995 1737 1058 sicut
1765 997 1834 1082 vice
1860 1016 1968 1076 versa,
1991 1000 2087 1064 altare

710 1099 875 1172 usurpatur
898 1111 915 1154 a
937 1091 1051 1154 Latinis
1075 1091 1285 1173 scriptoribus,
1309 1092 1345 1154 ad
1368 1093 1598 1177 significandum
1621 1093 1721 1157 locum
1751 1096 1866 1176 inquo
1889 1097 1985 1160 altare
2010 1117 2088 1162 con-

708 1193 844 1254 stitutum
867 1197 926 1269 est,
949 1197 980 1252 ct
1003 1191 1108 1253 altaria
1132 1208 1226 1272 saepe
1249 1207 1306 1272 pro
1330 1193 1404 1272 ipsis
1433 1193 1591 1256 Ecclesiis.
1636 1191 1741 1275 ltaque
1764 1196 1865 1258 altore
1895 1198 2087 1280 interpretati

708 1307 822 1369 smnus,
846 1291 916 1371 quia
939 1288 977 1352 dc
1000 1307 1038 1352 eo
1061 1307 1163 1352 senno
1188 1297 1245 1365 est,
1268 1308 1329 1352 non
1352 1292 1391 1354 dc
1414 1293 1540 1373 templo:
1571 1300 1601 1355 et
1630 1292 1709 1355 illam
1737 1294 1832 1374 ipsam
1862 1314 1970 1359 vocem
1993 1315 2088 1380 ερφει

708 1389 935 1471 interpretatam
958 1389 1086 1471 tegimus
1109 1405 1166 1469 per
1187 1375 1444 1473 θυσιαστήριον,
1476 1409 1535 1472 qua
1563 1393 1653 1454 etiam
1675 1409 1751 1454 voce
1780 1391 1919 1474 Coptitae
1948 1396 1993 1457 uti
2021 1394 2087 1458 sre-

710 1495 839 1567 quenter
861 1488 980 1549 solent:
1004 1486 1174 1568 sigrnbcant
1197 1487 1290 1566 igitur
1311 1490 1406 1551 verba
1429 1490 1589 1573 originalia
1612 1497 1644 1552 et
1665 1489 1815 1570 Arabica,
1843 1499 1876 1554 ut
1905 1491 2009 1556 tabula
2030 1511 2088 1575 per

708 1584 951 1648 benedictionem
973 1592 1004 1648 et
1026 1585 1285 1666 consignationem
1308 1604 1349 1647 ex
1371 1585 1538 1650 chrismate
1562 1597 1755 1669 consecrata,
1785 1591 1884 1654 vicem
1905 1598 2010 1654 teneat
2039 1591 2087 1654 al-

709 1684 783 1746 taris
806 1684 938 1761 excelsi,
972 1691 1004 1746 ct
1030 1683 1160 1745 lateritio
1188 1682 1370 1765 lapidcoque
1398 1703 1493 1768 opere
1524 1689 1707 1766 constructi,
1736 1694 1769 1750 ut
1790 1689 1903 1770 legitur
1924 1691 1956 1752 in
1978 1689 2087 1756 ltituali

710 1785 857 1850 Gabrielis
879 1787 1079 1850 Patriarcbae.
1124 1785 1261 1849 videnda
1284 1787 1372 1848 etiam
1396 1804 1473 1866 quoe
1498 1785 1536 1848 dc
1560 1787 1704 1850 altaribus
1727 1786 1845 1850 erudite
1868 1790 1985 1852 notavit
1997 1789 2087 1871 Hugo

690 1885 889 1966 ¹blenanlus,
920 1886 950 1948 in
972 1885 1059 1948 Notis
1087 1884 1126 1947 ad
1148 1883 1291 1967 Gregorii
1318 1883 1565 1948 sacramentalem
1594 1886 1702 1949 librum
1730 1882 1770 1970 pl
1792 1885 1866 1950 tal.
1890 1897 1921 1952 et
1951 1907 2087 1970 sequen-

708 1983 798 2047 tibus.

385 1138 462 1210 Grag.
478 1140 534 1194 Tar.
546 1141 563 1196 l.
577 1142 602 1194 1.
617 1159 640 1194 c.
653 1143 696 1196 14.

706 2232 710 2239 ’
771 2244 892 2315 Oratio
917 2265 983 2336 pro
1010 2243 1117 2314 ultori
1143 2265 1217 2314 eran
1242 2241 1397 2314 ιιισιιίὁιιι
1423 2243 1678 2350 baereticorum
1704 2251 1934 2334 attrectatum,
1964 2255 2029 2319 etc.

799 2449 944 2528 Αιτιιιιι
965 2462 1097 2543 polluta,
1127 2464 1306 2543 praesertim
1327 2460 1549 2525 haereticorum
1580 2459 1734 2524 sacrificiis
1763 2469 1814 2524 aut
1842 2460 2032 2544 Synaxibus,
2055 2465 2086 2528 in

708 2564 848 2628 Ecclesia
878 2564 1056 2644 celebratis,
1085 2565 1228 2646 precibus
1258 2564 1458 2628 reconciliare
1482 2563 1696 2640 Orientalium,
1728 2571 1763 2626 ut
1790 2565 1879 2627 ctiam
1909 2564 2085 2631 Latinorum

416 2646 521 2703 Euctot.
537 2668 562 2719 a·
581 2650 645 2704 ⁶¹⁸·
710 2664 898 2726 consuetudo
920 2670 977 2726 est.
1020 2663 1113 2727 Extat
1133 2666 1165 2727 in
1187 2663 1372 2727 Graecorum
1393 2662 1584 2744 Eucbologio
1613 2663 1710 2725 oratio
1738 2662 1854 2726 Tanusii
1876 2663 2084 2729 Patriarcbac:

707 2761 739 2823 in
761 2763 919 2842 apertione
941 2762 1188 2825 reconciliatione
1209 2761 1367 2825 Ecclesiae
1390 2763 1428 2825 ab
1450 2761 1618 2823 Haereticis
1641 2759 1827 2841 profanatae.
1870 2760 1904 2823 ln
1926 2780 1963 2824 ea
1986 2780 2084 2845 roga·

705 2860 872 2940 turbans,
895 2869 930 2924 ut
950 2863 980 2924 ιι·
1000 2879 1078 2942 quoe
1100 2882 1140 2923 ec
1162 2861 1315 2924 haeretico
1336 2879 1395 2923 ιιιιι
1415 2861 1465 2923 cet
1484 2864 1611 2935 attactu,
1640 2857 1755 2938 tnltlctc
1783 2866 1829 2920 est
1857 2867 1965 2922 cuncto
1990 2863 2086 2926 σσσιι·

702 2965 755 3021 tao
777 2959 871 3036 lobes,
892 2966 927 3022 ut
947 2961 1044 3024 bonos
1065 2967 1095 3022 et
1115 2961 1264 3022 bemanus
1285 2977 1354 3022 eom
1368 2960 1443 3025 clete.
1466 2954 1538 3020 Καὶ
1558 2946 1590 3022 al'
1609 2979 1663 3033 τις
1685 2951 1722 3036 ἐξ
1745 2951 1910 3044 uiperae}
1931 2947 2084 3043 ἐγχειρή-

706 3074 789 3131 σεως
810 3054 1007 3145 προςειρίβη
1033 3045 1179 3144 antepone
1205 3056 1251 3139 τῷ
1280 3049 1361 3141 ἁγίῳ
1387 3075 1447 3121 σου
1468 3050 1715 3143 θυσιαστηρίῳ,
1743 3051 1877 3142 resolata
1906 3043 2013 3142 αὐτὴν
2034 3047 2080 3134 ὥς

707 3144 842 3239 σῖγαθός
868 3155 925 3221 καὶ
957 3145 1204 3245 φιλάνθρωπος.
1249 3157 1326 3222 lluic
1347 3158 1540 3240 subjungitur
1573 3175 1591 3220 a
1613 3156 1788 3220 doctissimo
1811 3155 1922 3218 Goario
1946 3156 2082 3238 ejusdem

707 3257 886 3334 sentcntiae,
909 3257 964 3321 sed
986 3257 1135 3339 prolixior
1156 3257 1266 3334 oratio,
1289 3275 1330 3318 ex
1351 3257 1540 3341 Eucbologio
1563 3256 1732 3331 Allatiuno,
1761 3273 1839 3336 quae
1861 3255 1971 3318 dicitur
1993 3256 2083 3318 etiam

706 3373 800 3437 super
822 3373 940 3419 sacram
962 3375 1108 3434 mensam,
1130 3357 1196 3418 sive
1218 3355 1322 3419 altare.
1367 3356 1401 3417 ln
1430 3356 1566 3420 Concilio
1588 3355 1787 3418 Lateranensi
1816 3353 1868 3418 lv.
1898 3353 1979 3416 inter
2008 3353 2083 3416 alias

706 3453 893 3518 Graeeonrm
915 3456 1062 3520 adversus
1085 3456 1207 3518 Latinos
1230 3454 1443 3535 contumelias,
1467 3463 1602 3534 notatur,
1634 3452 1717 3535 quod
1739 3452 1894 3516 Ecclesias
1923 3460 1953 3514 et
1976 3452 2083 3516 altaria

706 3555 867 3636 inquibus
890 3555 987 3617 Latini
1010 3572 1097 3618 sacra
1120 3553 1337 3629 celebrassent,
1367 3553 1470 3617 lavare
1494 3562 1526 3618 et
1548 3553 1747 3616 reconciliare
1778 3559 1882 3615 essent
1912 3550 2006 3616 soliti.
2049 3550 2083 3614 ld

707 3670 828 3733 quoque
849 3654 953 3724 ultimo
975 3652 1099 3716 saeculo
1123 3651 1233 3715 lactum
1256 3652 1350 3715 luisse
1372 3659 1499 3715 testatur
1520 3653 1682 3716 Dositbeus
1705 3648 1877 3714 Patriaroba
1898 3649 2084 3731 llierosoly-

414 3791 445 3846 ,n
461 3797 513 3848 m
526 3797 693 3866 ww
705 3747 833 3815 mi'tanus
856 3771 873 3814 a
895 3752 1016 3816 blelctio
1040 3751 1160 3834 Syrigo,
1182 3751 1302 3814 bomine
1324 3757 1423 3814 tamea
1446 3737 1665 3836 λατινόφρονι,
1689 3753 1716 3815 si
1738 3750 1872 3815 Smitbeo
1900 3757 1931 3811 et
1954 3748 2082 3812 Claudio

378 3880 606 3944 fi„,„„,·„„·0,‚
615 3883 692 3938 M·
706 3851 867 3930 credimus,
891 3869 957 3914 oum
980 3850 1154 3914 Praefectus
1177 3851 1312 3914 Venetus
1334 3852 1366 3913 in
1388 3849 1583 3928 Cremonam,
1608 3853 1656 3914 cui
1679 3851 1808 3934 Sprigus
1832 3856 1987 3931 praeerat,
2009 3849 2082 3912 llo-

381 3965 469 4034 operu
490 3969 548 4019 aaa.
574 3951 989 4036 cyrrumnaster'iisscclesia
1011 3949 1133 4013 blissam
1156 3949 1306 4014 celebrari
1324 3950 1475 4032 jussisset.
1519 3951 1552 4013 ln
1575 3951 1641 4030 ipsa
1672 3949 1809 4013 oratione
1830 3948 1903 4011 nibil
1926 3945 2082 4028 estquod

378 4047 523 4104 moenum.
705 4048 907 4113 eludicatiooc
928 4049 1074 4134 indigeat.
