4778 6034
920 547 1245 624 PRAEFATIO.

395 739 496 817 iacile
515 737 595 816 luit:
625 737 709 815 nihil
735 749 851 815 tamen
872 741 906 814 in
928 747 1025 813 textu
1045 736 1251 815 mutandum
1269 739 1559 840 existimavimus,
1577 742 1769 817 asteriscos

395 875 606 974 apposuisse
637 874 810 948 contenti:
841 872 1123 972 sententiamque
1149 869 1320 949 similibus
1347 873 1382 948 in
1406 871 1496 950 locis
1526 875 1770 973 expressimus

395 1004 592 1084 secundum
625 1007 830 1081 versionem
857 1001 1058 1080 Arabicam.

516 1135 674 1240 Copticis
705 1133 922 1239 Graecisque
954 1136 1123 1238 Liturgiis
1159 1148 1261 1214 notas
1289 1136 1537 1241 adjunximus,
1573 1141 1608 1214 in
1640 1139 1770 1242 quibus
1819 1145 1908 1202 norae.

394 1271 613 1373 explicantur
649 1296 691 1347 ea
733 1295 824 1373 quae
865 1272 900 1345 in
930 1272 1194 1366 ,commentario
1238 1267 1282 1347 ad
1318 1273 1466 1372 primam
1504 1274 1668 1373 exposita
1696 1297 1770 1350 non

394 1404 552 1506 lucrant,
584 1416 643 1483 aut
676 1429 768 1508 iprae
798 1403 1015 1506 singularem
1043 1403 1194 1506 aliquam
1218 1402 1506 1483 observationem
1529 1404 1769 1506 merebantur,

394 1550 429 1615 et
460 1549 629 1642 quantum
658 1539 756 1615 licuit
786 1537 946 1614 brevitati
978 1535 1188 1614 studuimus.
1249 1536 1370 1640 Atque
1409 1538 1499 1615 haec
1534 1550 1635 1640 sunt,
1677 1563 1769 1644 quae

392 1675 503 1774 prima
525 1671 631 1774 hujus
655 1668 883 1748 Collectionis
907 1681 1007 1772 parte
1032 1669 1315 1748 continebuntur.
1682 1649 1690 1656 ’

514 1803 605 1896 Quia
636 1828 726 1881 vero
751 1803 797 1881 de
817 1803 1055 1906 Liturgiarum
1085 1814 1279 1903 vetustate,
1312 1802 1483 1906 dignitate
1515 1815 1551 1881 et
1582 1807 1767 1883 autoritate
1801 1815 2000 1916 praenunties
2014 1838 2093 1890 rrae·

393 1939 470 2016 talia
503 1937 575 2014 huc
604 1962 720 2040 usque
751 1935 894 2014 luerunt
925 1934 1137 2014 Criticorum
1175 1933 1327 2040 judicia,
1376 1947 1415 2013 ut
1450 1960 1570 2040 neque
1606 1941 1697 2015 inter
1728 1919 1842 2015 sevlae
1861 1905 1893 1958 ‘¹⁰
1911 1906 2041 1977 Li‘u'gffl'

394 2071 496 2148 facile
530 2072 709 2149 conciliari
741 2074 897 2173 possint,
929 2095 1048 2174 neque
1074 2073 1141 2148 nisi
1172 2069 1281 2174 longa
1310 2094 1431 2178 rerum
1462 2094 1534 2147 non
1568 2071 1770 2174 vulgarium

394 2204 644 2283 observatione
686 2207 871 2305 constitui,
915 2228 1007 2307 quae
1048 2206 1171 2306 sequi,
1214 2227 1306 2306 quae
1352 2201 1540 2304 repudiare
1585 2217 1770 2306 oporteat,

393 2338 526 2415 idcireo
549 2342 611 2415 toti
633 2341 733 2440 operi
753 2337 1048 2416 Dissertationem
1072 2335 1309 2440 adjunximus,
1331 2339 1366 2413 in
1390 2361 1460 2440 qua
1483 2333 1568 2439 quid
1592 2335 1637 2414 de
1658 2307 1770 2417 sacris

392 2473 457 2552 illis
492 2475 732 2549 monumentis
777 2474 928 2549 maxime
964 2495 1091 2548 verum
1129 2470 1333 2572 videretur,
1375 2473 1617 2573 exposuimus.
1680 2449 1770 2550 Sin-

296 2707 300 2716 ,
392 2607 554 2709 gularem
587 2605 782 2710 adjecimus
818 2605 863 2682 de
893 2604 1145 2684 Alexandrinis
1178 2604 1347 2708 Liturgiis
1380 2603 1696 2708 Dissertationem,
1734 2609 1769 2684 In

393 2765 461 2844 qua
487 2740 596 2817 rnulta
628 2722 874 2841 proponentur
906 2739 1011 2841 plane
1043 2763 1158 2840 nova,
1190 2750 1227 2816 et
1255 2750 1372 2816 tamen
1410 2737 1454 2814 ad
1489 2737 1769 2818 Eucharisticam

393 2871 611 2974 disciplinam
634 2872 872 2950 illustrandam
895 2897 1033 2951 summe
1055 2873 1163 2974 utilia,
1187 2897 1280 2976 quae
1304 2897 1350 2949 ex
1373 2868 1509 2949 Codice
1538 2871 1657 2975 Regio
1690 2874 1768 2952 solo

391 3010 543 3110 primurn
568 3009 710 3109 cognita
733 3019 835 3108 sunt,
867 3010 945 3085 sine
976 3032 1047 3111 quo
1077 3010 1138 3084 vix
1166 3006 1236 3084 ulla
1261 3017 1397 3084 extaret
1416 3004 1680 3083 Alexandrinae
1703 3006 1770 3084 Li-

391 3144 531 3244 turgiae
552 3144 742 3242 memoria,
775 3139 872 3244 quod
905 3165 983 3218 earn
1007 3139 1383 3242 Constantinopolitani
1405 3137 1631 3218 Patriarchae
1658 3165 1769 3243 pror-

392 3300 454 3354 sus
490 3278 771 3377 suppresserint:
824 3299 870 3352 ex
905 3271 1016 3353 lilarci
1054 3300 1147 3379 quae
1188 3284 1376 3377 supererat
1407 3273 1505 3376 sola,
1548 3277 1635 3352 certi
1672 3272 1769 3375 nihil,

393 3409 621 3511 conjecturae
656 3420 789 3486 tantum
823 3405 906 3485 duci
945 3422 1102 3510 possent.
1163 3409 1220 3487 De
1261 3409 1482 3488 Adoratione
1523 3407 1770 3489 Eucharistiae

392 3542 499 3620 multa
526 3540 720 3644 probabilia
740 3567 759 3618 a
778 3544 909 3618 nostris
929 3541 1131 3620 hominibus
1151 3542 1244 3620 dicta
1264 3554 1346 3622 sunt
1364 3540 1539 3620 adversus
1555 3540 1770 3620 Protestan-

392 3685 459 3778 teS,
477 3679 537 3779 qui
558 3679 713 3780 ignorari
733 3674 825 3752 illam
843 3673 886 3752 ab
900 3673 1149 3778 Orientalibus
1165 3687 1236 3753 tarn
1256 3675 1479 3753 confidenter
1491 3674 1769 3775 affirmaverunt,

392 3821 431 3886 ut
460 3810 591 3887 multos
622 3812 781 3886 insuam
804 3811 1012 3886 sententiam
1036 3811 1224 3910 traxerint,
1256 3833 1301 3885 eo
1335 3807 1490 3909 iaeilius,
1523 3807 1620 3910 quod
1657 3831 1769 3910 prae·-

394 3955 534 4045 ceptum
558 3941 605 4019 de
625 3943 797 4046 religioso
820 3941 1064 4020 Eucharistiae
1095 3944 1190 4020 cultu
1215 3944 1349 4021 nullum
1382 3946 1418 4020 in
1438 3941 1640 4021 blissalibus
1670 3941 1769 4019 libris

393 4076 593 4180 apparebat.
656 4077 834 4170 Quantum
863 4101 953 4154 vero
985 4073 1103 4155 Critici
1132 4077 1179 4154 illi
1210 4077 1409 4156 hallucinati
1432 4075 1581 4177 luerint,
1613 4076 1769 4154 demon·
1809 4083 1814 4094 “

394 4222 478 4288 strat
513 4223 676 4290 accurata
712 4212 1015 4289 caeremoniarum
1052 4215 1210 4290 omnium
1244 4211 1435 4315 descriptio
1466 4205 1670 4288 aGabriele
1693 4206 1770 4286 Pa·
1824 4207 1836 4218 “

393 4345 565 4447 triarcha,
599 4369 705 4449 quam
720 4343 964 4465 ,diversorum
996 4347 1273 4449 exemplarium,
1321 4355 1357 4422 et
1383 4356 1546 4422 autorum
1584 4347 1644 4447 qui
1666 4343 1770 4420 Ritus

395 4479 681 4582 explicaverunt,
713 4481 913 4557 testimonia
946 4479 1166 4558 confirmant.
1227 4479 1340 4556 lllulto
1374 4489 1491 4554 tamen
1520 4481 1685 4579 superior
1716 4487 1771 4554 est

394 4616 561 4692 autoritas
585 4611 711 4721 Graeci
735 4613 886 4714 codicis,
918 4616 978 4717 qui
1003 4637 1081 4690 earn
1104 4616 1295 4716 perspicue
1316 4610 1535 4713 praescribit.

516 4744 818 4824 Comnrentarium
852 4758 888 4824 et
917 4745 1029 4824 Notas
1063 4771 1109 4823 ex
1138 4746 1235 4824 libris
1269 4743 1506 4823 Orientalibus
1543 4742 1768 4845 collegimus,
1818 4774 1899 4828 unae
1918 4774 1985 4829 „nne
2000 4791 2092 4827 Μ.

393 4903 512 4985 neque
533 4893 668 4959 temere
687 4879 798 4959 ullum
818 4883 1003 4958 citavimus
1019 4881 1132 4958 aliena
1144 4879 1228 4982 fide,
1250 4883 1320 4957 imo
1342 4876 1515 4982 quosdam
1532 4875 1770 4980 negleximus,
1783 4871 1850 4932 pue.

394 5015 491 5119 quod
516 5039 642 5092 eorum
668 5019 835 5093 autoritas
858 5040 930 5093 non
958 5019 1040 5094 satis
1064 5026 1160 5093 certa
1187 5039 1269 5092 esse
1292 5012 1484 5090 videretur.
1549 5009 1654 5090 Tales
1688 5021 1771 5088 sunt

1515 5166 1534 5213 c
1542 5141 1560 5176 tt
