4684 6042
521 614 732 694 PRAEFATIO
758 614 800 693 IN
825 613 1032 692 LITURGIAM
1056 613 1176 692 MARGI
1202 613 1391 692 cumcun
1566 613 1642 688 117
1722 737 1726 744 .

268 807 348 878 inde
375 811 504 877 certum
528 805 679 893 uidetur,
712 804 862 897 officinm
892 801 976 873 illud
1009 801 1260 873 Alexandrinis
1293 800 1503 874 Ortleodoxis
1531 804 1642 896 [uisse

264 925 454 1017 proprium,
482 943 556 990 cum
582 920 672 990 duae
698 919 833 990 alterae
858 918 1041 1014 Liturpioe
1066 917 1194 990 Basilii
1220 918 1430 1014 elGreporii
1454 919 1502 989 ad
1526 919 1641 991 Jaco-

268 1039 360 1110 bitas
387 1037 576 1108 satissime
599 1038 817 1129 pertincant:
841 1041 879 1106 ut
906 1058 952 1106 ex
976 1034 1053 1105 solo
1073 1034 1295 1128 Confessione
1321 1057 1410 1130 quac
1436 1039 1517 1105 ante
1543 1056 1641 1106 com-

267 1157 456 1225 munionem
483 1155 735 1246 praemittitnr,
778 1153 1052 1223 animaduertere
1092 1154 1232 1246 quisquc
1269 1157 1404 1244 polest:
1444 1173 1522 1220 nam
1557 1151 1642 1223 Mo-

267 1269 522 1366 uopbpsilarum
548 1269 590 1338 de
616 1291 686 1338 una
713 1265 841 1338 Cbristi
866 1274 993 1338 natura
1014 1267 1116 1360 fidem
1141 1269 1316 1362 expressis
1340 1265 1455 1340 uerbis
1482 1268 1642 1338 continet.

269 1385 311 1456 ln
336 1389 406 1456 islo
430 1407 474 1456 ne
503 1380 678 1455 verbulum
710 1382 844 1477 quidem
878 1386 1032 1454 occurrit
1056 1382 1101 1454 ab
1138 1382 1342 1454 Ortluodoxa
1360 1381 1522 1454 doctrina
1547 1382 1641 1455 ulic-

269 1525 354 1572 uum.
386 1500 481 1572 Talis
502 1497 629 1591 procul
653 1497 755 1570 dubio
783 1521 857 1570 εεεε
883 1497 1030 1570 debebat
1054 1498 1236 1594 Liturpiac
1262 1519 1351 1592 qnae
1376 1498 1470 1592 apud
1488 1498 1643 1570 Graecos

270 1621 307 1688 in
333 1616 520 1688 Calabriae
546 1613 770 1686 Monastcriis
796 1618 997 1687 comtitutos
1010 1620 1112 1709 atque
1138 1613 1227 1686 adeo
1244 1613 1465 1686 Ortbodoxos
1487 1637 1641 1708 usurpa-

269 1733 370 1804 batur
399 1736 533 1827 foruna,
564 1732 601 1800 in
631 1730 734 1801 rebus
769 1731 815 1802 ud
845 1731 948 1826 fidem
978 1729 1228 1824 spectantibus,
1264 1735 1329 1802 etsi
1360 1733 1459 1802 circa
1488 1733 1577 1802 ritus
1609 1733 1646 1799 ει

269 1853 457 1936 orationes,
484 1853 574 1918 essct
599 1850 689 1918 inter
715 1869 800 1935 eam,
828 1853 863 1918 et
887 1849 1033 1918 usitatus
1065 1848 1103 1916 iu
1128 1845 1290 1917 Ecclesia
1325 1844 1642 1939 Constantinopoli-

269 1971 354 2036 tuna
378 1965 567 2059 Litnrpias,
595 1963 777 2034 discrimen
802 1985 871 2034 non
895 1962 1077 2052 mediocre,
1104 1962 1165 2033 sed
1186 1965 1370 2033 innoxium.
1396 1961 1486 2032 lllud
1510 1960 1642 2032 nibilo-

267 2084 377 2151 minus
404 2082 491 2150 tanti
517 2082 624 2149 cisum
658 2085 711 2151 εει
736 2078 1139 2173 Constantinopoliloois,
1173 2102 1197 2149 a
1230 2079 1361 2150 decimo
1388 2079 1531 2150 circiter
1556 2099 1642 2146 sae-

271 2196 347 2268 culo
374 2193 611 2283 Potricrcbis,
645 2201 682 2266 ut
716 2195 991 2266 Alexandrinam
1023 2195 1217 2289 Litnrpiam
1244 2217 1389 2288 prorsus
1419 2193 1643 2282 memorem,

266 2315 414 2405 pessimo
443 2320 477 2383 ct
503 2315 680 2383 cacteris
705 2310 887 2383 Ecclesiae
913 2308 1063 2382 moribsm
1089 2311 1294 2382 alienissimo
1322 2308 1488 2402 exemplo.
1519 2308 1643 2403 Itaque

270 2431 340 2498 ista
366 2451 466 2522 quam
492 2428 612 2500 Codex
638 2427 986 2520 Cryptoe-Ferrotae
1010 2433 1253 2520 repraesentat
1276 2426 1453 2522 Litnrpia,
1488 2427 1566 2519 ipsa
1592 2431 1645 2497 est

272 2566 361 2638 quae
388 2544 481 2637 apud
507 2541 728 2614 Ortbodoxos
752 2545 790 2613 in
814 2566 877 2615 usu
899 2546 979 2636 suit,
1010 2543 1071 2615 sub
1099 2542 1196 2616 titulo
1222 2542 1267 2615 D.
1293 2543 1424 2632 Marci,
1460 2545 1542 2636 quia
1567 2545 1644 2613 sci-

272 2657 354 2730 licet
375 2662 554 2753 proprium
578 2659 843 2731 Alexandrinae
868 2659 1060 2747 Ecclesiae,
1089 2647 1184 2752 cajus
1205 2662 1336 2756 primus
1354 2660 1547 2752 Episcopus
1564 2662 1645 2753 suit,

270 2778 373 2844 ritum
400 2773 616 2861 continebat,·
641 2797 750 2870 neque
776 2775 880 2846 uliam
913 2776 1071 2846 ridentur
1106 2783 1186 2847 tunc
1220 2774 1397 2846 babuisse:
1423 2798 1497 2846 cum
1528 2775 1644 2847 Jaco-

271 2889 365 2961 bitoe
400 2897 472 2962 tres
503 2891 685 2978 luberent,
726 2895 821 2982 cujus
855 2891 1072 2985 differentiae
1098 2915 1207 2963 causa
1232 2895 1357 2986 afferri
1381 2889 1476 2961 nulla
1508 2896 1644 2985 potest:

271 3004 532 3078 obscurissimae
558 3010 646 3078 enim
671 3013 748 3078 scunt
772 3007 864 3079 illius
890 3007 1092 3101 disciplinae
1119 3009 1280 3103 oripines.

388 3123 494 3194 Unum
528 3128 563 3193 et
603 3122 692 3194 idem
727 3127 876 3217 osticium
906 3123 1118 3216 Liturpicum
1151 3126 1260 3218 fuisse
1297 3125 1387 3194 inter
1425 3122 1645 3197 'Cbrislianos

270 3238 539 3310 Patriarcbotus
555 3239 799 3327 Alexandrini,
827 3247 907 3312 aute
928 3243 1069 3312 scissam
1091 3263 1156 3334 per
1169 3240 1337 3312 Dioscori
1361 3247 1551 3313 sectatores
1566 3242 1643 3314 Εε-

272 3354 424 3446 clesiam,
455 3355 678 3426 indubitatum
709 3362 777 3426 est:
808 3378 917 3451 neque
952 3379 1057 3451 usque
1089 3355 1136 3426 od
1162 3363 1298 3457 coptam
1320 3380 1387 3450 per
1412 3358 1642 3431 Mnbumeda-

269 3494 332 3542 nos
367 3470 567 3565 Aepppturu,
593 3475 789 3542 mutationis
824 3471 924 3541 ullius
954 3473 1107 3541 occurrit
1141 3471 1197 3543 ael
1235 3471 1435 3545 leuissimum
1473 3475 1642 3545 indicium.

269 3586 366 3659 lslud
392 3586 562 3658 duntaxat
586 3587 767 3660 discrimen
792 3591 883 3658 iuter
908 3585 1091 3658 Jacobitas
1116 3593 1151 3658 ει
1171 3587 1392 3660 Ortbodoxos
1408 3593 1506 3660 circo
1532 3590 1643 3661 disci-

264 3702 397 3796 plinam
423 3701 722 3792 animaduertitur,
756 3703 846 3797 quod
875 3705 981 3796 primi
1014 3701 1159 3794 Coptica
1183 3702 1289 3774 solum
1318 3727 1379 3774 seu
1413 3709 1533 3775 natica
1563 3707 1643 3778 Ae-

268 3821 433 3914 pppticco
463 3817 580 3912 linpua
611 3819 804 3913 Liturpiam
843 3817 1019 3889 celebrant
1058 3840 1081 3887 a
1112 3817 1224 3889 multis
1261 3819 1426 3891 succulis:
1469 3824 1528 3892 isli
1570 3820 1645 3891 sola

272 3935 421 4006 Graeca.
474 3933 573 4005 Haec
601 3955 712 4027 porro
741 3942 849 4024 certa,
882 3938 914 4006 si
948 3957 1037 4030 quae
1069 3957 1228 4029 capuan,
1260 3942 1460 4030 conjectura
1493 3935 1644 4010 uidebo-

270 4057 344 4138 tur,
384 4072 458 4119 cum
497 4049 619 4121 rsullius
659 4051 788 4122 Graeci
827 4053 957 4124 codicis
996 4051 1234 4124 lacobitarum
1272 4053 1443 4150 Liturpici
1482 4057 1645 4125 memoria

271 4170 427 4254 extaret,
452 4165 556 4235 adeo
597 4172 634 4235 ut
675 4187 720 4237 ea
758 4167 835 4240 solo
872 4172 1011 4240 ratione
1061 4169 1153 4262 quod
1190 4168 1436 4244 Alexandrina
1474 4169 1644 4266 Liturpiu,

272 4282 410 4353 Graece
442 4284 576 4374 scripta
610 4289 717 4371 esset,
745 4285 973 4356 demonstrari
1007 4283 1182 4356 videretur
1224 4307 1299 4357 eam
1338 4287 1384 4357 ud
1425 4285 1646 4359 Orlluodoxos
1735 4298 1736 4301 ’

267 4401 454 4491 pertinere.
508 4395 609 4468 Hanc
640 4404 752 4470 tameo
783 4399 998 4472 oerimmilem
1031 4407 1066 4470 et
1097 4404 1206 4474 acriis
1240 4406 1461 4497 arpumcntis·
1477 4405 1646 4497 firmatum

271 4517 502 4604 conjecturam
535 4517 654 4586 unicus
680 4515 920 4589 Bibliotbecae
946 4518 1082 4612 Rspice
1108 4519 1221 4589 codex
1247 4522 1378 4592 euertit.
1404 4519 1464 4591 Ec
1490 4541 1531 4590 co
1558 4523 1645 4591 enim
1742 4599 1750 4620 s

270 4629 497 4703 intelleximus
537 4630 735 4720 docobitas,
769 4636 833 4705 etsi
865 4655 934 4704 uon
973 4633 1091 4728 culpo,
1131 4633 1260 4706 alicubi
1300 4641 1412 4708 lamen
1454 4636 1646 4732 Liturpiam

274 4746 411 4816 Graece
438 4746 642 4835 celebrasse,
668 4750 849 4820 secundum
875 4772 950 4820 eom
976 4753 1169 4821 orationum
1195 4756 1230 4821 ει
1249 4754 1373 4822 rituum
1395 4756 1542 4847 [ormam
1556 4775 1645 4848 quoe

275 4863 311 4930 iu
339 4861 466 4933 Codice
493 4863 606 4957 Repio
634 4868 834 4938 continetur.
868 4865 990 4960 Neque
1017 4871 1068 4938 est
1093 4867 1185 4960 quood
1208 4867 1301 4938 illam
1325 4872 1552 4941 recentiorem
1571 4892 1646 4942 esse

276 4981 482 5071 suspicemur
489 5003 503 5065 ;
536 5003 610 5050 cnon
639 4987 783 5073 praeter
816 4985 1051 5092 antiquitatem
1084 5005 1172 5077 quae
1198 4990 1249 5055 est
1274 4983 1442 5056 undecimi
1467 4992 1527 5057 aut
1553 4986 1644 5058 duo-

278 5095 400 5166 decimi
424 5096 564 5186 sceculi,
591 5102 626 5167 et
647 5099 799 5189 sortasse
823 5100 999 5192 superior,
1032 5105 1160 5172 certunm
1184 5102 1231 5173 sit
1256 5123 1301 5173 ea
1325 5107 1452 5192 aetate,
1480 5109 1516 5176 ct
1539 5109 1644 5177 oulc-
