4778 6034
658 471 740 544 XVI
808 555 811 564 1
1154 469 1530 548 ntsstntlttu

658 660 731 749 rici,
763 680 861 752 quam
896 657 1075 729 Lutherani
1108 658 1173 751 ipsi
1206 664 1271 727 tam
1305 678 1420 751 parum
1453 654 1572 727 lavere
1600 655 1662 728 sibi
1688 656 1775 727 ultro
1803 666 2028 750 agnoverunt,

659 784 695 847 ut
721 795 795 846 earn
823 775 1078 868 suppresserint.
1130 769 1290 865 Reliquas
1317 774 1346 844 si
1373 769 1629 861 consuluissent,
1656 769 1713 842 vel
1740 793 1799 842 cas
1827 771 1917 845 solas
1946 791 2028 864 quas

660 888 761 960 edidit
785 885 963 976 Pamelius,
991 885 1192 978 abJecisscnt
1218 885 1334 980 procul
1367 883 1466 956 dubio
1499 887 1711 977 conjecturas
1738 907 1855 959 omncs
1882 891 1961 960 suas
1990 886 2031 957 de

661 1002 808 1076 Canouis
840 1001 990 1074 hodierni
1030 1012 1064 1073 et
1096 1004 1218 1096 antiqui
1253 1002 1487 1095 discrepantia,
1523 1009 1557 1072 et
1582 1009 1734 1072 veterem
1767 1024 1841 1071 cum
1869 1001 2029 1073 hodierna

659 1117 815 1190 Ecclesia
842 1121 1047 1189 committere
1075 1116 1262 1190 desiissent

363 1247 646 1304 temereternere
763 1232 894 1305 Scimus
931 1231 1090 1326 quosdam
1125 1233 1213 1324 zelo,
1248 1231 1310 1305 sed
1336 1234 1498 1304 scientiae
1529 1228 1789 1302 Ecclesiasticae
1824 1253 1955 1321 vacuo,
1989 1231 2031 1304 de

337 1334 433 1388 ΜΨ
443 1333 648 1434 Οἷξῗῑῑθῑὼ·
660 1350 801 1442 antiquis
828 1347 891 1418 illis
920 1346 1033 1420 olliciis
1067 1369 1184 1441 parum
1210 1346 1383 1418 commode
1406 1347 1595 1438 judicasse,
1623 1354 1657 1418 et
1683 1354 1805 1418 mutua
1832 1368 1899 1417 non
1925 1369 2031 1441 pauca

338 1431 441 1484 “mn‘'
457 1420 502 1472 ⁸¹¹¹
516 1431 646 1476 ”⁰⁰¹⁸‘m'
660 1464 694 1532 in
720 1465 820 1533 novis
848 1460 1053 1532 editionibus.
1099 1461 1175 1532 Fuit
1199 1465 1266 1533 irno
1294 1471 1370 1532 ante
1397 1483 1503 1532 annos
1529 1483 1596 1531 non
1622 1465 1666 1531 ita
1698 1460 1820 1534 multos
1854 1464 1909 1532 vir
1936 1484 2032 1534 sum-

660 1600 735 1647 mae
762 1575 943 1668 dignitatis,
969 1576 1137 1647 literarum
1164 1576 1435 1671 literatorumque
1460 1573 1570 1647 lautor
1592 1578 1746 1664 eximius,
1774 1575 1834 1648 sed
1850 1576 1937 1647 nihil
1963 1581 2032 1648 mi·

533 1687 540 1694 ’
660 1714 722 1763 nus
751 1714 847 1788 quarn
874 1690 1081 1784 Theologus,
1109 1694 1162 1787 qui
1188 1691 1344 1764 Missales
1359 1689 1590 1764 Mosarabiccs
1604 1689 1722 1782 libros,
1749 1713 1885 1786 quorum
1908 1713 2032 1764 enem-

594 1845 597 1852 ·
660 1805 766 1902 plania
792 1829 869 1877 rara
894 1809 962 1897 jam
989 1818 1095 1898 erant,
1122 1809 1312 1879 sanissimos
1342 1805 1501 1896 effecerit,
1529 1805 1605 1877 dum
1632 1828 1748 1879 omnes
1776 1828 1860 1900 quos
1887 1811 2032 1900 conqui-

662 1945 739 1994 rere
772 1930 904 2017 poterat
934 1919 1079 2016 flammis
1110 1921 1320 2010 absumeret,
1354 1931 1446 1994 ratus
1480 1943 1539 1993 eos
1581 1931 1713 1994 scatere
1747 1921 1928 2010 erroribus,
1957 1926 2033 2017 quia

661 2037 846 2109 Romanam
872 2035 1010 2109 Missam
1037 2036 1269 2110 verbotenus
1303 2040 1336 2108 in
1370 2036 1434 2111 illis
1468 2059 1535 2107 non
1570 2035 1770 2132 reperiebat.
1809 2035 1893 2110 ‹Sed
1920 2039 2032 2109 talium

660 2151 826 2223 hominum
854 2150 1111 2246 qualescumque
1136 2153 1257 2223 inerint
1279 2151 1415 2242 judicia,
1451 2173 1560 2246 neque
1591 2175 1665 2222 cum
1690 2154 1817 2224 veteris
1843 2149 2031 2244 Ecclesiae,

661 2291 748 2364 quae
773 2275 906 2339 vetusta
932 2267 989 2338 illa
1023 2266 1129 2338 ollicia
1164 2271 1357 2362 usrupavit,
1383 2259 1440 2338 aut
1474 2267 1614 2338 aliorum
1647 2268 1914 2340 doctissimorum
1937 2269 2033 2360 judi-

660 2375 734 2456 ciis'
748 2381 971 2476 comparanda
998 2381 1085 2473 sunt,
1113 2380 1228 2475 quales
1254 2405 1360 2478 nuper
1386 2381 1518 2454 luerunt
1543 2380 1738 2456 cardinales
1765 2382 1859 2453 Bona
1887 2393 1920 2454 et
1934 2383 2033 2456 Tho-

661 2499 797 2585 masius,
825 2499 881 2590 qui
907 2496 1025 2568 eadem
1053 2496 1227 2569 ediderunt
1252 2506 1286 2569 et
1312 2498 1641 2587 commendaverunt,
1669 2519 1803 2569 succum
1822 2495 2033 2570 Christianae

660 2613 839 2706 primorum
868 2613 1077 2685 saeculorum
1104 2612 1321 2706 Theologiae,
1348 2622 1382 2685 et
1406 2615 1536 2707 pietatis
1550 2615 1583 2683 in
1609 2612 1673 2684 illis
1701 2621 1934 2704 agnoscentes.
1958 2611 2033 2686 Hoc

660 2737 772 2798 mmen
799 2737 996 2818 argumento
1022 2729 1130 2800 rarius
1158 2738 1214 2799 aut
1246 2726 1335 2798 forte
1371 2749 1556 2821 nunquam,
1589 2729 1653 2800 nisi
1681 2726 1856 2799 admodum
1890 2725 2034 2822 perfim-

661 2844 787 2931 ctorie,
827 2846 879 2914 usi
914 2853 990 2916 sunt
1015 2843 1265 2932 Protestantcs3
1300 2845 1374 2916 sive
1407 2829 1497 2937 quod
1525 2845 1560 2912 in
1584 2841 1707 2914 Rituali
1744 2841 2035 2914 sacramentorum

662 2955 810 3028 doctrina
845 2980 962 3052 parum
996 2957 1140 3030 feliciter
1173 2961 1300 3031 versati
1333 2970 1427 3051 sunt,
1461 2961 1559 3031 etiam
1595 2957 1791 3032 doctissimi:
1834 2961 1909 3030 sive
1945 2959 2035 3053 quod

660 3073 749 3144 illam
786 3094 864 3145 esse
900 3073 1109 3169 opinionibus
1142 3077 1211 3147 suis
1242 3072 1489 3148 incommodam
1522 3073 1767 3148 intellexerunt.
1819 3073 1856 3144 ln
1894 3071 2033 3145 Graecis

661 3187 819 3280 Liturgiis
853 3188 929 3284 plus
968 3189 1127 3284 praesidii
1162 3188 1225 3264 sibi
1257 3188 1333 3262 iore
1367 3190 1537 3280 nonnulli,
1570 3211 1645 3260 cum
1677 3191 1919 3275 existimarent,
1946 3186 2035 3279 quod

663 3302 741 3374 clim
767 3326 846 3376 raro
874 3301 1037 3376 Catholici
1063 3295 1192 3376 illarum
1210 3308 1406 3380 testimoniis
1433 3304 1620 3393 utebantur,
1638 3325 1698 3375 eas
1725 3313 1880 3398 tanquam
1906 3300 2033 3375 Latinis

661 3417 761 3513 plane
788 3422 974 3492 contrarias
1002 3419 1178 3514 aliquando
1205 3419 1438 3495 laudaverunt:
1454 3421 1657 3517 frequentius
1683 3426 1720 3489 ut
1746 3420 1972 3513 supposititias
2000 3426 2035 3488 et

660 3531 772 3606 futiles
806 3534 1004 3626 rejiciendas
1038 3535 1284 3630 pertenderunt.
1344 3537 1392 3608 At
1423 3535 1512 3632 quod
1547 3534 1589 3606 de
1623 3532 1752 3604 Latinis
1792 3532 1918 3604 diversi
1952 3535 2034 3602 ritus

662 3669 744 3720 mcx
778 3647 989 3740 dicebamus,
1026 3648 1164 3724 Graecis
1201 3648 1419 3746 omnibusque
1453 3645 1675 3723 Orientalibus
1708 3670 1776 3719 non
1809 3641 1916 3720 ininus
1944 3669 2033 3718 con-

661 3767 765 3854 venit,
793 3765 881 3859 quod
904 3767 973 3855 jam
1001 3775 1053 3838 est
1082 3765 1381 3838 demonstrandum.

270 3921 273 3932 ·
355 3890 648 3958 tornatiorguece-
765 3879 924 3951 Formam
950 3903 1037 3974 quae
1064 3885 1217 3976 superius
1254 3882 1420 3976 descripta
1456 3889 1520 3972 est,
1556 3879 1813 3973 antiquissimam
1846 3888 1880 3949 ct
1912 3876 2034 3973 ubique

338 3975 477 4114 ffl‘lndl‘
501 3974 650 4043 AP⁰⁵¹⁰¹³⁰⁸
663 4003 844 4084 servatam,
869 3996 974 4067 veluti
1000 4019 1206 4068 commrmem
1234 4019 1405 4070 sacrorum
1426 3997 1550 4088 legem,
1577 3994 1831 4089 comparationis
1857 4001 1949 4064 recte
1975 3995 2034 4063 in-

664 4110 848 4182 stituendae
881 4111 1032 4202 regulam
1064 4110 1180 4202 haberi
1217 4123 1368 4206 oportet,
1403 4132 1471 4183 non
1507 4113 1601 4206 quasi
1641 4112 1868 4201 excogitatam
1901 4105 2053 4196 Jacohi,
2150 4157 2154 4166 -

662 4226 789 4315 Basilii,
817 4225 1049 4322 Chrysostomi
1076 4237 1133 4300 aut
1163 4228 1305 4300 aliorum
1331 4229 1487 4320 ingeniis,
1514 4225 1576 4300 scd
1611 4225 1753 4296 divinam
1771 4224 2033 4318 ¹principemque

663 4340 787 4432 legem,
822 4366 843 4412 a
875 4340 1008 4418 Christo
1042 4366 1104 4438 per
1136 4343 1318 4437 Apostolos
1352 4352 1386 4414 et
1419 4362 1533 4413 eorum
1566 4338 1747 4434 disciprdc's
1779 4337 2032 4433 promulgatam.

662 4455 752 4527 Istud
780 4467 877 4530 extra
904 4462 1171 4532 controversiam
1198 4480 1277 4532 csse
1304 4456 1421 4546 debet,
1456 4454 1721 4552 quandoquidem
1754 4476 1800 4524 ex
1833 4453 1905 4526 sola
1932 4452 2033 4524 Scri-

662 4583 758 4667 ptura
785 4593 883 4644 sacra
909 4575 1051 4646 formam
1076 4573 1365 4667 Evangelicamet
1389 4571 1621 4667 Apostolicam
1639 4569 1806 4662 designari
1822 4591 1890 4640 non
1907 4590 2033 4662 posse,

662 4687 807 4759 fatentur
832 4691 894 4783 ipsi
920 4689 1169 4774 Protestantes:
1196 4689 1349 4762 Ecclesia
1375 4688 1463 4760 illam
1480 4685 1607 4760 hahere
1629 4707 1667 4758 se
1681 4707 1726 4756 ex
1744 4684 1918 4755 traditione
1929 4683 2035 4778 Apo·
2133 4731 2136 4736 -

664 4810 781 4884 stolica
807 4807 943 4878 tirmiter
968 4801 1092 4897 ubique
1119 4815 1152 4875 et
1178 4828 1311 4900 semper
1342 4803 1498 4899 professa
1531 4812 1593 4876 est.
1645 4798 1821 4872 llahebant
1847 4819 1930 4891 ergo
1958 4799 2035 4893 pri-

663 4949 738 4998 mae
764 4924 939 4998 Ecclesiae
973 4921 1014 4994 ah
1049 4921 1224 5017 Apostolis
1249 4919 1406 4992 lundatae
1446 4918 1589 4992 formam
1620 4916 1871 5010 Apostolicam,
1907 4913 2035 4986 scilicet
