4778 6034
653 525 722 600 XX
1142 538 1535 620 nlssnttntto

333 724 468 780 orationes
488 743 536 795 pro
556 728 640 784 tono·
758 717 883 790 Postea
910 723 1079 792 orationes
1105 721 1186 793 fiunt
1211 746 1274 819 pro
1300 725 1463 798 donorum
1490 727 1720 803 oblationeet
1744 733 1887 827 petenda
1913 755 2027 808 eorum

330 828 386 863 '¹¹¹⁰
404 813 541 867 ΜΝ·
653 837 882 930 acceptatione
909 845 943 906 et
961 840 1240 910 consecratione:
1268 848 1400 912 etcum
1427 845 1461 913 in
1489 842 1683 937 quibusdam
1711 845 1824 919 officiis
1847 847 2026 942 Liturgicis

653 945 783 1042 aliquae
810 972 872 1044 pro
899 953 988 1022 vivis
1016 959 1051 1022 et
1075 956 1231 1043 mortuis,
1257 976 1320 1048 pro
1334 954 1437 1029 rebus
1464 957 1622 1031 advitam
1636 964 1860 1052 necessariis,
1888 974 1922 1035 et
1939 964 2026 1056 ahis,

650 1086 771 1157 preces
798 1069 1054 1156 interserantur,
1081 1066 1137 1138 fiat
1164 1071 1262 1140 etiam
1289 1079 1478 1143 sanctorum
1495 1079 1785 1165 commemoratio;
1811 1076 2026 1174 inplerisque

649 1183 759 1250 statim
788 1181 831 1251 ad
857 1185 1144 1255 consecrationem
1170 1182 1341 1256 Sacerdos
1367 1187 1597 1281 progreditur,
1623 1193 1770 1264 recitatis
1801 1191 1918 1266 verbis
1944 1194 2023 1265 Do-

561 1345 564 1348 -
650 1298 798 1386 minicis,
826 1304 893 1366 tam
919 1318 1021 1391 super
1046 1320 1181 1392 panem,
1211 1321 1309 1393 quam
1335 1321 1437 1394 super
1455 1301 1605 1376 calicem.
1658 1304 1792 1400 Seqitur
1813 1328 2024 1382 conuuemo-
2140 1373 2142 1376 .

650 1403 737 1482 ratio
763 1414 880 1485 mortis
909 1421 942 1483 et
969 1411 1178 1507 sepulturae,
1206 1418 1412 1488 ascensionis
1439 1426 1473 1486 et
1499 1417 1661 1490 adventus
1678 1420 1782 1492 ultimi
1803 1419 1926 1494 Christi
1942 1425 2022 1496 Do-

649 1530 744 1598 mini:
773 1549 910 1620 quarum
942 1531 1148 1619 orationum,
1183 1539 1218 1600 ut
1249 1531 1536 1625 praecedentium,
1570 1537 1604 1604 in
1638 1533 1753 1606 verbis
1787 1535 1930 1611 diversis
1957 1562 2022 1611 una

648 1647 813 1715 sententia
841 1654 902 1716 est.

367 1771 499 1825 invocaro
524 1773 637 1840 sparuna
753 1759 789 1830 ln
817 1763 881 1830 ritu
909 1759 1068 1832 Orientali
1095 1763 1203 1832 statim
1230 1765 1376 1834 occurrit
1401 1763 1574 1836 invocatio
1588 1764 1730 1859 Spiritus
1748 1769 1871 1856 sancti,
1899 1778 1934 1839 ut
1954 1769 2020 1840 ad-

327 1861 418 1910 ⁸¹¹¹¹⁰¹l
649 1876 790 1948 veniens
824 1881 857 1948 in
890 1875 975 1948 dona
1008 1880 1178 1972 proposita
1214 1887 1247 1948 et
1276 1880 1346 1969 jam
1378 1902 1440 1974 per
1473 1876 1614 1951 verbum
1649 1876 1770 1952 Christi
1802 1882 2019 1972 sanctificata,

649 2014 690 2062 ea
717 1991 836 2064 efficiat
862 2015 984 2088 corpus
1012 2003 1046 2064 et
1072 1996 1267 2086 sanguinem
1295 1995 1444 2085 ejusdem
1471 1993 1593 2066 Christi
1610 1994 1763 2066 Domini:
1791 2018 1900 2091 eoque
1918 2021 2020 2072 sensu

646 2107 732 2179 haec
758 2111 864 2180 oratio
890 2107 1104 2199 intelligenda
1131 2118 1203 2197 cst,
1233 2132 1297 2202 quo
1324 2109 1437 2204 plnres
1458 2131 1565 2204 prope
1584 2111 1707 2182 similes
1731 2108 1912 2202 Gallicani,
1941 2112 2019 2185 Oo-

645 2222 741 2314 thici,
781 2234 815 2295 et
851 2221 1055 2296 illosarahici
1089 2227 1186 2296 ritus:
1226 2233 1261 2293 ut
1293 2223 1470 2295 nonnullae
1506 2246 1638 2318 quoque
1675 2225 1819 2296 Romani
1860 2225 2019 2319 Canonis,

645 2339 825 2410 secundum
854 2362 936 2432 quas
964 2338 1215 2412 Invocationem
1242 2360 1336 2410 suam
1363 2340 1550 2433 intelligere
1577 2363 1634 2431 se,
1663 2340 1785 2413 Graeci
1811 2344 1845 2412 in
1872 2340 2019 2418 Floren-

644 2457 713 2524 tino
739 2453 901 2549 Spnodo,
929 2465 963 2525 et
989 2463 1087 2526 antea
1115 2451 1294 2528 Cahasilas
1316 2460 1428 2530 testati
1444 2466 1528 2530 sunt.
1581 2455 1671 2529 Illius
1699 2479 1831 2553 quoque
1852 2458 2019 2531 Orationis

644 2567 783 2660 Patres,
810 2572 1008 2664 praesertim
1034 2568 1178 2659 Graeci,
1205 2569 1314 2642 multis
1334 2571 1424 2643 locis
1450 2575 1680 2643 meminerunt.

346 2690 481 2744 ⁰¹⁸⁸i⁰¹¹0³
497 2709 547 2759 rw
564 2695 633 2745 aaa
750 2684 927 2757 Orationes
954 2706 1016 2780 pro
1042 2687 1132 2758 vivis
1160 2695 1193 2756 et
1219 2689 1374 2778 mortuis,
1402 2691 1554 2782 quamvis
1581 2690 1663 2758 istas
1681 2687 1873 2758 sustulerint
1892 2687 2018 2760 Prote·

290 2819 292 2828 ’
322 2784 348 2827 ⁸¹
364 2778 492 2830 ''m''
645 2809 793 2892 stantes,
824 2811 977 2874 veterum
1005 2803 1230 2893 antiquissima
1258 2807 1417 2875 autoritas
1443 2802 1671 2892 commendat,
1706 2813 1740 2873 et
1772 2812 1848 2874 ante
1875 2805 2018 2874 omnium

644 2917 866 3009 Liturgiarum
894 2915 1027 3010 puhlice
1055 2915 1239 3010 descriptas
1272 2917 1397 2990 formas
1432 2917 1640 3014 Cyprianus,
1671 2921 1944 3014 Augustinusque
1971 2940 2018 2990 ex

643 3032 817 3106 Ecclesiae
844 3032 1031 3132 traditione·
1045 3031 1078 3101 id
1104 3031 1176 3102 lieri
1204 3031 1395 3104 docuerunt.

321 3145 409 3200 ⁰t¹¹¹i⁰
426 3145 567 3199 oomnua.
747 3149 800 3220 De
829 3151 981 3219 oratione
1006 3148 1197 3234 Dominica,
1226 3171 1310 3244 quae
1338 3147 1555 3221 aSacerdote
1576 3151 1640 3220 ritu
1653 3147 1878 3239 Occidentali,
1906 3171 2016 3244 apo·

642 3266 721 3362 pulo
748 3287 811 3361 per
837 3273 940 3335 toturn
968 3263 1138 3336 Orientem
1165 3261 1302 3353 dicitur,
1329 3264 1417 3335 nulla
1436 3264 1613 3356 singularis
1636 3263 1830 3336 observatio
1852 3275 1914 3354 est,
1942 3287 2016 3336 cum

640 3402 740 3452 nemo
767 3377 894 3451 dubitet
920 3383 996 3474 quin
1023 3389 1205 3474 praecepto
1234 3378 1376 3472 Christi,
1403 3390 1437 3452 et
1466 3383 1610 3452 omnium
1628 3379 1836 3454 saeculorum
1848 3382 2016 3476 exemplo,

641 3493 726 3567 haec
753 3496 925 3592 disciplina
952 3493 1144 3568 stabiliatur.

319 3625 419 3679 praeno
437 3625 550 3680 nostrae.
750 3611 884 3684 Fractio
917 3611 1046 3683 hostiae
1077 3613 1255 3702 imaginem
1290 3611 1395 3683 refert
1435 3613 1588 3706 corporis
1622 3609 1747 3683 Christi
1781 3609 1945 3680 confracti
1981 3621 2016 3683 et

640 3726 810 3821 suppliciis
837 3726 988 3814 lacerati,
1017 3736 1052 3797 ut
1077 3736 1215 3800 veteres
1242 3749 1358 3800 ornnes
1392 3737 1596 3820 agnoscunt:
1631 3725 1798 3821 quomodo
1832 3728 1865 3796 iu
1899 3729 2013 3819 primis

639 3839 816 3916 Ecclesiae
844 3842 987 3915 saeculis
1014 3843 1125 3934 lieret,
1152 3847 1330 3939 perspicue
1353 3844 1451 3917 nobis
1474 3867 1542 3916 non
1565 3841 1751 3934 significant
1773 3839 2014 3913 Ecclesiastico

641 3969 871 4029 monumenta:
895 3981 958 4030 nec
978 3961 1064 4027 enim
1084 3979 1205 4029 aroana
1226 3958 1282 4029 illa
1304 3981 1419 4049 sacra,
1448 3982 1534 4054 prae
1554 3960 1587 4028 in
1607 3961 1681 4053 ipso
1696 3959 1879 4029 ministerio
1903 3957 2013 4028 doce-

640 4070 760 4145 bantur
786 4074 1011 4160 Sacerdotes,
1039 4073 1196 4166 evulgari
1222 4074 1273 4146 fas
1301 4086 1392 4148 erat:
1420 4075 1481 4146 sed
1502 4076 1579 4169 quin
1596 4095 1723 4145 summa
1750 4093 1824 4142 cum
1850 4071 2012 4162 religione

640 4184 754 4278 lieret,
781 4187 933 4260 dubitare
955 4210 1021 4260 non
1040 4210 1227 4283 possumus.
1279 4190 1375 4263 Ritus
1393 4212 1479 4262 vcro
1505 4187 1761 4285 qualescumque
1788 4189 1869 4276 sint,
1896 4208 2012 4260 omnes

640 4303 681 4374 ad
708 4304 807 4378 realis
834 4307 1047 4399 praesentiae
1073 4304 1170 4376 iidem
1196 4308 1241 4377 ita
1269 4316 1344 4379 sunt
1369 4307 1523 4395 instituti,
1557 4315 1593 4375 ut
1625 4301 1681 4374 uhi
1715 4301 1789 4375 talis
1815 4301 1897 4372 iides
1924 4302 2012 4374 nulla

639 4431 707 4508 est,
733 4421 843 4492 locum
870 4419 995 4496 hahere
1021 4425 1251 4516 nonpossint,
1278 4444 1344 4494 non
1360 4424 1468 4514 magis
1486 4443 1583 4516 quam
1609 4421 1687 4490 unio
1715 4417 1852 4488 duarum
1873 4421 2012 4511 specie-

638 4559 731 4627 rum,
759 4559 845 4632 quae
873 4536 1001 4610 sublata
1028 4547 1080 4610 est
1106 4537 1255 4609 similiter
1281 4560 1301 4609 a
1329 4535 1627 4608 Reformatorihus.
1681 4533 1779 4605 Nulla
1811 4542 1921 4604 tamen
1946 4532 2012 4604 Li·-

639 4656 747 4745 turgia
775 4663 845 4742 est,
882 4657 917 4725 in
944 4677 1008 4747 qua
1035 4653 1109 4725 talis
1136 4656 1217 4726 ritus
1241 4676 1309 4725 non
1335 4651 1596 4748 praescribatur,
1631 4659 1664 4720 et
1691 4650 1843 4743 quamvis
1871 4645 2012 4720 diversis

642 4769 749 4841 modis
776 4770 850 4860 irat,
877 4791 1038 4841 summam
1059 4791 1193 4864 semper
1213 4767 1313 4840 hahet
1336 4767 1565 4840 Eucharistiae
1591 4767 1823 4838 reverentiam.

750 4885 883 4957 Sancto
915 4888 1043 4958 sanctia
1077 4883 1285 4958 denunciatio
1312 4886 1536 4957 vetustissima
1570 4891 1621 4954 est
1653 4883 1687 4951 in
1723 4880 1863 4952 Graecis
1894 4876 2012 4948 Litor-

640 5005 724 5092 giis,
757 5024 777 5071 a
814 4999 932 5094 quihus
966 5002 999 5071 in
1033 4998 1220 5072 Orientalos
1256 5022 1372 5073 omnes
1411 5007 1598 5094 propagata
1632 5005 1704 5086 est,
1737 4997 1889 5092 quamvis
1926 4993 2014 5087 apud

315 4928 407 4980 Sancta
424 4929 528 4980 sanctis.
