4680 6044
620 581 892 660 mluuaclnu
906 579 1101 660 colliula
1117 582 1147 660 S.
1165 583 1308 660 basuli.
1579 581 1652 658 159

758 915 879 988 Oratio
901 922 1192 1012 praeparationis.
1705 959 1768 1030 req.
1785 961 1809 1013 1.

386 1142 479 1222 Haec
502 1155 617 1236 Oratio,
639 1162 673 1218 ut
694 1155 796 1218 titulus
820 1155 969 1237 admonet,
990 1161 1219 1240 praeparatoria
1242 1165 1298 1236 est,
1321 1158 1489 1240 diciturque
1512 1160 1657 1225 aSacer-
1705 1164 1870 1235 Praeponam
1884 1168 1917 1220 ad
1931 1169 1978 1222 Lt-

299 1259 370 1323 dote
393 1276 480 1321 sacra
502 1255 691 1320 celebraturo
714 1255 812 1318 statim
834 1263 924 1338 atque
946 1258 983 1328 ad
1006 1265 1200 1338 conspectum
1222 1259 1384 1321 sanctuarii
1406 1258 1584 1342 ingreditur,
1607 1262 1657 1324 ubi
1671 1254 1977 1324 urgiameelebrmmm.

295 1360 434 1441 deposita
456 1355 602 1420 exteriori
632 1362 714 1436 toga,
737 1355 938 1435 procumbens
961 1375 1063 1420 caram
1085 1359 1170 1420 altari
1197 1377 1254 1440 per
1276 1357 1396 1440 aliquod
1419 1361 1561 1439 temporis
1583 1379 1658 1442 spa-

295 1461 368 1523 tium
399 1475 487 1520 orare
516 1455 604 1520 solet.
651 1453 786 1528 Qualiter
812 1461 911 1518 autem
948 1464 1070 1538 paratus
1101 1457 1249 1520 accedere
1280 1456 1388 1520 debeat
1420 1457 1519 1522 multis
1554 1459 1658 1522 verbis

230 1545 232 1552 ’
295 1569 421 1624 autores
444 1555 607 1637 explicant,
630 1562 689 1616 tam
716 1556 880 1618 secundum
903 1557 1096 1636 exteriorem,
1126 1574 1214 1636 quam
1241 1557 1416 1620 interiorem
1445 1558 1657 1638 castimoniam,

294 1677 374 1742 quae
402 1659 506 1738 paucis
532 1653 776 1736 complectemur.
821 1653 969 1728 Quantum
997 1656 1034 1719 ad
1057 1657 1182 1737 primam
1205 1657 1320 1736 attinet,
1350 1674 1556 1738 quaecumque
1579 1673 1658 1719 con-

294 1759 426 1822 ditiones
448 1753 698 1838 praescribuntur
720 1754 758 1816 ad
780 1756 1016 1817 communionem
1037 1754 1273 1836 percipiendam,
1296 1754 1417 1818 easdem
1440 1756 1469 1818 in
1493 1754 1658 1818 Sacerdote

294 1859 332 1922 ad
361 1854 571 1919 celebrandam
599 1852 764 1938 liturgiam
795 1855 890 1938 exigit
919 1853 1104 1935 Coptitarum
1131 1864 1162 1917 et
1188 1855 1317 1918 amnium
1339 1854 1536 1918 Orientalium
1563 1854 1658 1916 disci-

291 1956 386 2039 plina.
431 1952 464 2015 ln
492 1961 576 2017 casto
606 1952 700 2016 luisse
731 1953 823 2031 illum,
851 1961 940 2016 nocte
963 1954 1173 2035 praecedenti,
1201 1961 1252 2017 aut
1274 1954 1384 2032 triduo,
1406 1954 1579 2017 secundum
1594 1954 1657 2018 Ca-

292 2073 391 2120 nones
420 2061 551 2135 oportet,
573 2053 600 2115 si
625 2053 805 2137 conjugatus
834 2052 941 2116 luerit:
972 2054 1080 2134 siper
1107 2053 1254 2116 insomnia
1276 2052 1434 2116 ludibrium
1461 2071 1568 2134 passus
1599 2063 1656 2134 est,

293 2154 453 2222 celebrare
482 2152 667 2235 prohibetur.
712 2153 882 2234 Eapropter
911 2152 1011 2216 solent
1032 2151 1209 2234 plerumque
1231 2152 1413 2216 Sacerdotes
1435 2161 1554 2217 noctem
1579 2170 1656 2233 quae

291 2253 459 2336 Liturgiam
483 2251 633 2315 antecedit
655 2251 686 2314 in
707 2252 845 2314 Ecclesia
874 2253 1056 2335 transigere,
1085 2271 1284 2336 magnamque
1314 2253 1379 2334 ejus
1402 2259 1518 2333 partem
1540 2255 1657 2316 oratio-

291 2353 382 2417 nibus
405 2352 589 2432 impendere.
614 2350 764 2416 Sacerdos
786 2351 881 2432 pedes
895 2359 925 2414 et
947 2369 1050 2414 manus
1065 2351 1169 2415 lavare
1191 2353 1299 2416 debet:
1318 2352 1473 2434 jejunasse
1496 2353 1584 2415 etiam
1608 2351 1656 2416 die

292 2451 503 2535 praecedenti,
526 2459 557 2514 et
578 2450 617 2513 ad
630 2469 788 2531 vesperam
809 2449 992 2516 abstinuisse
1014 2451 1116 2514 avino
1130 2459 1162 2514 et
1184 2458 1258 2533 potu
1280 2453 1369 2530 omni,
1393 2466 1452 2533 quo
1475 2451 1564 2530 caput
1586 2458 1656 2514 ten-

291 2554 352 2616 tari
379 2557 500 2632 posset,
532 2556 621 2632 atque
650 2549 726 2612 baec
755 2551 919 2632 praecipua
945 2557 1108 2632 praecepta
1137 2558 1217 2630 sunt,
1245 2558 1386 2632 quantum
1413 2549 1450 2612 ad
1474 2552 1656 2614 exteriorem

291 2652 476 2716 munditiam.
499 2650 608 2714 Postea
631 2649 721 2712 debet
743 2667 870 2712 examen
891 2651 1048 2714 instituere
1071 2651 1149 2712 intra
1170 2669 1204 2713 se
1227 2651 1334 2731 ipsum,
1356 2668 1425 2712 num
1440 2649 1563 2732 alicujus
1578 2669 1657 2732 pec-

292 2753 353 2817 cati
375 2769 447 2814 reus
470 2751 518 2829 sit,
542 2767 602 2830 quo
624 2767 685 2812 non
706 2747 804 2812 solum
827 2767 844 2810 a
866 2749 1070 2813 celebratione
1092 2749 1309 2829 Eucharistiae,
1342 2749 1395 2812 sed
1419 2749 1508 2812 etiam
1530 2748 1567 2811 ab
1590 2751 1655 2831 ejus

292 2851 504 2916 communione
533 2857 704 2912 arceretur:
731 2867 801 2911 num
831 2849 920 2912 alicui
951 2849 1088 2931 injuriam
1115 2856 1165 2911 aut
1194 2849 1331 2912 damnum
1359 2847 1476 2924 lecerit,
1498 2857 1530 2911 ut
1558 2851 1656 2912 statim

291 2951 434 3035 proximo
456 2947 629 3027 satisfaciat,
647 2950 733 3030 juxta
755 2947 829 3010 illud
851 2947 961 3012 Christi
983 2957 1189 3030 praeceptum,
1211 2951 1241 3012 ai
1261 2946 1351 3030 offers
1372 2967 1479 3010 monaca
1506 2956 1587 3012 tuam
1615 2949 1657 3010 cd

292 3049 584 3126 comedendae
602 3049 691 3130 prius
717 3049 912 3110 reconciliari
936 3048 1032 3128 [mna
1052 3055 1112 3113 too.
1141 3047 1223 3112 llaec
1249 3047 1344 3110 lusius
1373 3046 1494 3110 Gabriel
1520 3048 1656 3110 l’atriar-

293 3153 369 3230 cba,
405 3147 537 3213 Scientia
565 3146 795 3225 Ecclesiastica,
825 3147 1024 3227 canonesque
1057 3147 1132 3210 varii
1172 3154 1401 3230 repraesentant
1434 3166 1475 3209 ex
1509 3147 1657 3210 communi

291 3265 355 3311 non
377 3247 467 3312 modo
490 3245 693 3312 Orientalibus
717 3244 893 3310 Christianis
916 3246 1068 3324 amnibus,
1097 3245 1153 3309 sed
1174 3245 1299 3310 Graecis
1321 3245 1426 3325 etiam,
1449 3244 1616 3328 disciplina,
1639 3265 1656 3308 a

294 3347 403 3430 quibus
425 3347 505 3410 illam
527 3353 720 3427 acceperunt.

383 3445 417 3508 ln
438 3445 658 3509 recentioribus
680 3446 804 3508 istorum
827 3444 910 3508 libris
933 3445 984 3526 qui
1006 3444 1125 3509 modum
1147 3451 1178 3508 et
1199 3444 1285 3528 leges
1308 3445 1518 3508 celebrationis
1534 3445 1656 3508 Eucba-
1712 3477 1836 3532 md„
1862 3479 1977 3533 mm

265 3534 400 3610 ¹ristiae
423 3547 577 3609 continent
598 3545 814 3628 praescribitur
842 3553 875 3607 ut
903 3544 1051 3610 Sacerdos
1080 3543 1317 3628 Exomologesin
1345 3544 1444 3626 iaciat,
1473 3543 1588 3607 scilicet
1617 3562 1656 3606 ex
1670 3565 1755 3620 deber.

292 3647 668 3729 posteriorumtemporum
677 3645 980 3725 consuetudine,quia
989 3645 1273 3726 antiquitusprivata
1288 3643 1338 3707 illa
1352 3644 1432 3726 apud
1442 3632 1658 3722 πνευματικὸν
1670 3652 1774 3706 ductu.
1789 3670 1816 3721 p.
1826 3653 1869 3705 aa.
1881 3651 1942 3706 109.

294 3763 351 3810 scu
374 3739 588 3808 consessorem
617 3745 801 3826 poenitentia
831 3743 931 3807 locum
964 3761 1024 3806 non
1053 3742 1190 3807 babebat.
1233 3743 1347 3806 Eadem
1375 3762 1495 3826 quoque
1517 3743 1570 3806 lex
1591 3745 1658 3827 pri-

297 3847 387 3908 mitus
417 3843 495 3924 apud
523 3842 690 3906 Orientales
720 3841 784 3921 luit,
815 3841 913 3906 donec
942 3850 1053 3906 rnutma
1082 3843 1181 3906 multis
1204 3842 1242 3906 de
1266 3844 1384 3924 causis,
1415 3843 1593 3926 pracsertim
1616 3861 1657 3904 ex

295 3941 481 4006 Graecorum
503 3942 653 4024 exemplo,
677 3941 764 4004 aliam
786 3941 1009 4022 poenitentialis
1032 3942 1206 4025 disciplinae
1229 3941 1355 4006 sormam
1376 3943 1502 4025 accepit.
1526 3943 1658 4026 Contigit

293 4043 325 4106 id
353 4049 422 4104 ante
448 4059 557 4104 annum
586 4041 787 4118 millesimum,
818 4061 858 4104 ex
880 4060 940 4123 quo
963 4043 1115 4106 rarissima
1144 4051 1214 4106 sunt
1246 4042 1441 4124 depositionis
1464 4042 1658 4108 sacerdotum

295 4139 444 4222 exempla,
467 4141 506 4205 ob
529 4149 679 4206 secretum
701 4141 828 4220 cumen,
851 4140 907 4204 sed
930 4149 1041 4204 tantum
1063 4142 1101 4204 ob
1124 4142 1275 4224 publicum
1304 4141 1443 4222 aliquod,
1470 4142 1559 4222 idque
1581 4159 1658 4225 gra-

294 4241 459 4306 vissimum.
482 4240 572 4322 Apud
595 4240 688 4323 Syros
709 4239 879 4320 Jacabitas,
903 4260 969 4304 oum
982 4241 1091 4304 Franci
1112 4241 1143 4304 in
1164 4241 1331 4306 Palaestina
1353 4249 1527 4325 regnarent,
1550 4257 1657 4302 novam

295 4340 334 4403 de
357 4338 553 4405 sacerdotum
574 4341 759 4423 poenitentia
781 4341 918 4424 regulam
940 4341 1086 4424 viguisse,
1113 4342 1253 4406 discimus
1282 4361 1322 4406 ex
1345 4341 1487 4404 Tractatu
1514 4341 1552 4404 de
1574 4342 1658 4403 reci-

294 4438 414 4521 piendis
436 4441 671 4520 poenitentibus,
694 4439 831 4522 Dionysii
847 4439 994 4503 Barsalibi
1014 4441 1225 4522 Metropolitae
1239 4441 1390 4520 Amideni,
1403 4441 1453 4524 qui
1466 4449 1536 4503 tunc
1549 4457 1657 4522 magna
1689 4481 1771 4532 Tm,
1785 4481 1815 4532 d,
1827 4485 1904 4552 ,πῃ
1912 4498 1977 4556 W-

296 4539 376 4621 apud
399 4557 454 4602 eos
476 4539 631 4604 doctrinae
653 4539 731 4603 lama
752 4540 890 4604 florebat.
918 4542 962 4604 lla
974 4558 1066 4623 porro
1089 4540 1143 4603 luit
1164 4549 1197 4603 ut
1218 4540 1256 4604 ad
1278 4539 1713 4623 privatamconlessianemm,
1724 4567 1776 4619 ps,
1791 4567 1848 4634 εν,

295 4645 327 4701 et
349 4639 562 4720 poenitentiam
585 4639 765 4705 Sacerdotes
789 4639 891 4702 etalii
914 4661 953 4704 ex
976 4640 1066 4704 Clero
1089 4640 1332 4717 admitterentur,
1361 4641 1402 4704 ita
1424 4648 1522 4703 tamen
1544 4647 1577 4702 ot
1597 4639 1657 4700 da-

291 4739 463 4819 pb'corctar
491 4741 570 4819 ipsis
599 4738 722 4817 Conon,
752 4739 818 4804 sive
847 4757 947 4821 poena
976 4742 1136 4819 canonica,
1164 4741 1245 4823 quod
1273 4742 1303 4804 in
1339 4740 1418 4803 hunc
1446 4738 1565 4803 modum
1591 4735 1657 4798 lieri

295 4837 523 4919 praescribitur.
568 4838 677 4903 Laicus
699 4847 858 4921 peccatum
880 4841 1042 4919 commisit,
1065 4841 1150 4923 cujus
1172 4858 1271 4922 poena
1293 4848 1340 4904 cst
1361 4841 1501 4923 jejunium
1524 4856 1580 4921 per
1595 4845 1656 4900 tres

295 4934 560 5019 quadragesimas,
589 4947 641 5002 aut
669 4958 728 5021 per
756 4957 885 5003 annum:
915 4940 1109 5021 eleemosyna
1138 4947 1183 5003 tot
1206 4955 1380 5004 aureorum:
1402 4947 1580 5002 metanoeae
1602 4955 1659 5018 per

295 5043 397 5100 certos
420 5037 484 5101 dies
507 5045 641 5102 centum:
672 5040 698 5102 si
720 5037 869 5104 Sacerdos
891 5038 930 5104 de
960 5039 1067 5103 eodem
1088 5041 1212 5104 crimine
1239 5057 1275 5103 se
1302 5047 1423 5105 accuset
1445 5039 1524 5122 apud
1546 5039 1658 5102 Poeni-

326 5195 443 5238 romnsr.
1403 5182 1451 5254 36
