4778 6034
630 597 773 672 xxvlrt
1129 597 1512 677 Disserururo

632 787 760 861 dicibus
787 795 975 874 occurrunt,
1002 806 1068 857 nou
1097 783 1162 857 alio
1188 786 1264 858 loco
1291 783 1465 858 habendae
1491 797 1578 877 sunt,
1605 810 1703 882 quam
1728 799 1764 861 ut
1790 792 1908 862 variae
1933 788 1991 864 le-

631 905 758 976 ctiones
774 905 944 991 innoxiae,
968 899 1083 996 quales
1105 900 1222 974 multas
1250 899 1498 994 diligentissime
1516 901 1652 995 collegit
1670 902 1819 978 lacobus
1836 904 1992 995 (locrius,

631 1041 677 1089 ex
704 1017 821 1114 quibus
855 1040 898 1089 nc
931 1017 1103 1090 levissima
1136 1016 1268 1113 quidem
1294 1021 1440 1114 suspicio
1473 1019 1684 1114 corruptelae
1711 1019 1827 1113 colligi
1860 1032 1992 1118 potest:

631 1157 706 1206 cnm
733 1154 848 1206 omnes
875 1153 981 1229 prope
1007 1132 1051 1205 ad
1076 1136 1157 1206 ritus
1185 1143 1352 1229 spernent,
1385 1137 1441 1229 qui
1468 1134 1671 1208 enucleatius
1697 1139 1731 1207 in
1758 1136 1932 1232 aliquibus,
1958 1140 1992 1208 in

632 1248 705 1324 aliis
738 1249 874 1322 brevius
908 1247 1133 1344 explicantur:
1166 1252 1206 1320 in
1224 1248 1389 1322 nonnullis
1422 1253 1630 1339 emittimur,
1664 1253 1740 1345 quie
1767 1251 1898 1325 aliunde
1923 1256 1991 1348 peti

632 1365 807 1439 debebant.
834 1365 881 1438 At
908 1369 939 1436 iu
967 1365 1042 1453 illis,
1069 1387 1156 1460 quae
1181 1377 1336 1460 tanquam
1370 1369 1599 1462 superstitiose
1632 1365 1841 1459 condemnat,
1877 1367 1990 1442 audax

631 1505 737 1578 aeque
765 1505 805 1554 ac
832 1485 1000 1577 imperitus
1035 1480 1189 1570 criticus,
1221 1485 1389 1553 memoriis
1423 1481 1632 1572 Sanctorum,
1665 1493 1698 1554 et
1732 1504 1849 1555 eorum
1883 1487 1989 1555 invo-

508 1645 514 1652 -
631 1603 777 1671 catione:
820 1601 1135 1670 commemoratione
1178 1595 1425 1684 deductorum,
1464 1608 1498 1670 et
1538 1597 1610 1670 aliis
1655 1620 1741 1693 prae
1780 1597 1988 1672 Reformatio

610 1713 771 1802 sussum,
798 1712 895 1786 lateri
922 1712 1103 1800 debuisset,
1129 1717 1245 1786 mirem
1265 1735 1343 1786 esse
1369 1715 1506 1786 istarum
1521 1713 1744 1806 Liturgiarnm
1770 1725 1804 1786 et
1829 1718 1915 1788 iuter
1940 1737 1989 1805 se,

630 1842 763 1902 etcum
791 1829 863 1904 aliis
890 1829 1113 1901 concordiam.

329 1940 617 2011 oraecrrsosnrnrgus
732 1948 847 2040 ltaque
882 1949 911 2018 si
944 1944 1119 2040 quidquam
1153 1948 1398 2041 imperitissimo
1430 1944 1553 2018 homini
1587 1945 1797 2020 absurditatis
1832 1946 1990 2019 excidere

310 2044 360 2082 '³⁰¹¹
379 2036 581 2099 ⁰⁰''¹¹'⁰⁸'¹⁰'¹¹¹¹‘'
630 2072 773 2160 poterat,
785 2059 863 2133 illud
883 2071 934 2134 est
947 2083 1012 2156 quo
1030 2065 1145 2132 miram
1168 2085 1262 2134 suam
1279 2061 1420 2133 Rivetus
1442 2083 1614 2135 censuram
1639 2061 1820 2135 concludit:
1838 2060 1988 2136 Graecos

629 2177 689 2252 has
723 2176 891 2269 Liturgias
926 2179 1155 2273 composuisse
1191 2187 1224 2248 et
1255 2175 1339 2249 falso
1377 2177 1565 2250 attribuisse
1601 2176 1823 2274 crysostomo
1855 2189 1888 2250 et
1913 2180 1988 2251 Ba-

630 2295 714 2369 silio.
741 2293 827 2366 Nam
855 2291 1004 2364 Graecas
1039 2291 1211 2364 Ecclesiae
1244 2291 1307 2365 illis
1339 2291 1381 2364 ed
1408 2297 1566 2390 mysteria
1600 2293 1800 2366 celebranda
1834 2294 1989 2366 amultis

629 2409 773 2484 saeculis
805 2432 885 2481 usas
922 2431 999 2481 esse
1026 2418 1060 2479 et
1090 2430 1193 2503 porro
1227 2412 1285 2497 uti,
1318 2413 1437 2501 negari
1470 2432 1538 2482 nou
1572 2419 1697 2505 potest:
1731 2413 1855 2505 scripto
1891 2412 1990 2502 igitur

629 2531 848 2619 consignatae
873 2535 962 2614 suot,
988 2546 1056 2596 nou
1083 2529 1216 2620 privato
1244 2525 1394 2616 alicujus,
1422 2524 1482 2598 scd
1500 2525 1632 2621 publico
1661 2524 1813 2614 consilio,
1841 2528 1875 2597 in
1901 2521 1990 2618 quod

577 2643 583 2659 '
628 2642 721 2715 fraus
748 2640 870 2713 cadere
896 2662 1105 2734 nequaquem
1130 2651 1250 2737 potest.
1302 2639 1386 2712 Eam
1421 2663 1507 2735 quae
1541 2641 1654 2714 Basilii
1687 2641 1804 2714 dicitur
1830 2645 1864 2712 iu
1891 2639 1989 2712 Con-

629 2758 920 2853 stantinopolitano
958 2753 1112 2828 Ecclesia
1146 2757 1309 2829 celebrari
1352 2760 1446 2829 statis
1480 2756 1597 2830 diebus
1638 2779 1706 2829 nou
1744 2761 1851 2829 minus
1892 2776 1990 2848 quam

630 2874 873 2971 chrysostomiq
902 2876 956 2968 qui
982 2875 1125 2964 ignmat
1154 2873 1238 2946 alios
1266 2873 1389 2945 docere
1414 2895 1482 2945 nou
1508 2883 1627 2969 potest.
1661 2875 1720 2961 At,
1747 2875 1851 2968 inquit
1876 2871 1988 2943 Rive-

628 3002 694 3080 tus‚
721 2989 864 3061 Carolus
892 2989 1013 3068 Calvus
1038 2989 1229 3081 Imperator
1263 2993 1299 3059 io
1326 2989 1469 3082 qondam
1501 2989 1658 3082 Epistola
1684 2989 1730 3060 cd
1755 2989 1989 3061 Rauennatem

628 3105 818 3178 Ecclesium
840 3103 1008 3197 semotos
1035 3109 1106 3195 spus
1119 3105 1247 3176 Missae
1266 3109 1465 3175 mentionem
1487 3109 1631 3198 faciens,
1660 3108 1796 3198 quaein
1816 3104 1988 3176 Coastes-

630 3221 857 3315 tioopolituoc
890 3219 1050 3291 Ecclesia
1085 3227 1249 3314 usurpato
1289 3223 1348 3308 sil,
1386 3243 1460 3292 eom
1494 3221 1619 3292 Basilii
1658 3241 1727 3291 ooo
1762 3220 1989 3313 Cbrpsostomi

625 3339 732 3428 fuisse
758 3342 878 3430 operte
904 3335 997 3421 dicit,
1026 3337 1115 3429 quod
1139 3340 1256 3408 misma
1274 3344 1372 3424 esset,
1398 3339 1429 3408 si
1444 3337 1696 3430 chrysostomos
1722 3341 1794 3428 ejus
1811 3335 1989 3408 Ecclesiae

541 3449 551 3468 '
628 3451 917 3546 Arcbiepiscopus
950 3451 1138 3548 Litcrqicm
1173 3456 1419 3546 composuisset.
1473 3451 1600 3524 Verum
1632 3455 1662 3524 si
1692 3449 1749 3523 vel
1783 3471 1989 3524 communem

628 3564 851 3658 Liturgiarum
886 3565 1016 3656 librum,
1041 3567 1207 3639 multoties
1241 3566 1389 3642 Venetiis
1422 3566 1544 3640 editum
1578 3568 1801 3640 consuluisset
1835 3566 1989 3654 Rivetus‚

630 3681 718 3777 quod
744 3683 790 3755 illi
814 3681 1003 3755 laciendum
1030 3693 1114 3772 erat,
1142 3687 1197 3778 qui
1229 3682 1357 3756 illarum
1392 3705 1568 3758 censorem
1603 3707 1641 3758 se
1667 3681 1894 3780 profitebatur,
1921 3685 1989 3754 mi-

628 3802 696 3871 rari
722 3799 888 3891 desiisset,
915 3799 976 3874 sed
1003 3794 1172 3896 stuporem
1198 3803 1269 3896 ipse
1295 3823 1389 3902 snum
1407 3804 1622 3893 agnovissem
1650 3811 1683 3872 et
1710 3799 1880 3896 puduisset
1901 3797 1989 3870 illum

628 3917 779 3987 inscitiae
806 3916 958 3988 Momaei
993 3928 1027 3988 et
1058 3915 1264 4011 Hospiuiani‚
1300 3940 1320 3988 a
1352 3915 1469 4011 quibus
1496 3927 1563 3989 tam
1594 3915 1787 4012 praeclaras
1818 3914 1989 3988 observa·
2120 3977 2124 3985 .

628 4034 736 4105 tiones
764 4055 801 4105 se
829 4036 1003 4128 accepisse
1030 4043 1177 4104 testatur.

317 4167 615 4238 urmeersuppooome
733 4146 817 4220 (lum
842 4170 927 4220 vero
954 4148 1047 4220 fictas
1074 4145 1147 4220 illas
1175 4172 1195 4219 a
1228 4146 1381 4236 Graecis,
1414 4158 1481 4221 mm
1511 4147 1714 4221 confidenter
1741 4145 1893 4236 affirmat,
1919 4145 1988 4218 do-

308 4269 360 4308 ¹¹⁰¹¹
376 4264 442 4309 mus
629 4263 726 4336 cendi
745 4286 889 4352 eramus,
916 4289 935 4336 a
964 4262 1081 4358 quibus
1102 4261 1244 4352 tandem,
1269 4287 1335 4359 quo
1351 4265 1499 4354 sacculo,
1527 4288 1592 4360 quo
1619 4262 1684 4335 fine
1709 4262 1800 4337 iraus
1823 4263 1878 4336 illa
1897 4261 1987 4334 iacta

628 4379 758 4456 brissei.
785 4379 995 4452 Architectos
1024 4400 1105 4451 saue
1132 4376 1256 4452 fraudis
1283 4377 1368 4452 illius
1395 4401 1437 4451 ne
1463 4402 1526 4474 per
1561 4380 1831 4452 obscurissimam
1858 4377 1988 4473 quidam

629 4498 854 4587 conjecturam
880 4496 1057 4589 designare
1084 4498 1254 4590 quisquam
1280 4505 1409 4591 potest:
1436 4519 1511 4569 cum
1542 4501 1576 4568 in
1608 4517 1681 4567 eam
1714 4494 1989 4569 celebrandorum

629 4615 861 4708 mysteriomm
877 4612 1018 4686 iormam
1035 4609 1188 4684 Graecae
1215 4633 1329 4686 omnes
1355 4609 1531 4684 Ecclesiae
1557 4614 1805 4702 consenserim,
1833 4636 1854 4684 a
1880 4611 1988 4686 multis

629 4727 783 4802 saeculis.
810 4727 897 4800 Acta
924 4728 1046 4824 aliqua,
1063 4726 1119 4801 vel
1144 4731 1358 4801 instrumenta
1385 4726 1552 4800 fabricare
1566 4725 1715 4802 homines
1743 4727 1786 4800 ed
1811 4725 1988 4800 fallendum

629 4848 738 4940 parati
764 4855 922 4941 possunt,
949 4865 1035 4938 quae
1060 4866 1122 4917 suo
1149 4854 1299 4939 tempore
1324 4847 1357 4915 in
1385 4843 1493 4916 lucem
1518 4843 1740 4939 proferantur,
1766 4854 1801 4917 ct
1826 4844 1988 4939 aliquibus

629 4957 740 5031 fucum
766 4959 900 5049 iaciant,
927 4962 981 5053 qui
1008 4981 1069 5031 suo
1103 4963 1288 5033 testimonio
1315 4958 1399 5034 alios
1425 4963 1459 5032 irr
1485 4981 1634 5032 errorem
1659 4959 1822 5032 inducunt
1861 4959 1898 5032 In
1925 4982 1988 5032 sa-

631 5078 818 5150 cratissimo
846 5085 880 5146 et
914 5071 1097 5164 tremendo,
1123 5084 1159 5146 ut
1193 5074 1317 5149 Graeci
1348 5087 1485 5168 vocant,
1511 5078 1691 5173 mysterio,
1722 5075 1810 5172 quod
1845 5075 1990 5172 quotidie
