4778 6034
1228 564 1535 642 PRAEFATIO.

403 763 442 816 De
457 764 608 817 illisaciae
622 765 684 819 Cri·
805 755 874 849 Qui
899 760 992 834 circa
1023 756 1201 860 liturgias
1228 756 1304 834 illas
1336 752 1491 834 Critioen
1525 767 1763 835 exercuerunt
1785 781 1887 836 suam
1915 758 2064 862 duplicis

369 851 478 903 ticorum
495 854 647 906 sentcntiae.

695 888 829 978 ordinis
856 891 1009 968 fuemnt
1064 889 1155 968 Nam
1190 887 1360 968 Catholici
1393 891 1609 994 complures,
1641 894 1741 993 quasi
1766 895 1899 992 periret
1928 893 2064 972 illarum

695 1029 882 1126 autoritas,
924 1029 954 1103 si
988 1024 1223 1127 Apostoliois,
1256 1036 1315 1102 aut
1341 1025 1416 1102 aliis
1448 1028 1534 1102 viris
1567 1028 1749 1104 sanctitate
1773 1030 1976 1129 conspicuis
1997 1027 2067 1106 ab-

689 1158 945 1262 judicarentur,
966 1159 1085 1237 titulos
1109 1159 1389 1262 qualescumque
1404 1158 1534 1260 forent,
1559 1158 1792 1237 vindicandos
1812 1173 2065 1262 susceperunt:

693 1303 729 1368 et
755 1304 873 1371 tamen
899 1296 935 1370 in
964 1297 1049 1396 ipsis
1075 1292 1243 1397 Litargiis
1276 1304 1442 1395 suspecta
1469 1291 1668 1371 habuerunt
1702 1318 1775 1370 non
1808 1319 1933 1404 pauca,
1964 1300 2066 1398 quasi

576 1492 581 1504 .
692 1451 712 1504 a
744 1427 1001 1506 recentioribus
1030 1427 1171 1505 inducta
1199 1437 1334 1506 essent:
1372 1438 1431 1504 aut
1464 1430 1509 1504 ita
1544 1438 1625 1504 sunt
1662 1431 1901 1530 interpretati,
1936 1440 1975 1506 ut
2003 1434 2065 1508 vix

394 3989 424 4042 la
437 3991 526 4045 ritibus
538 3995 671 4063 explican-

360 4073 450 4130 disvin
463 4079 600 4149 quidquam
610 4082 671 4135 olim

359 4167 514 4230 praestitum.

691 1564 758 1662 ipsi
787 1561 866 1663 sibi,
900 1573 993 1639 tanta
1024 1572 1079 1640 est
1106 1565 1197 1638 inter
1231 1585 1295 1638 eos
1328 1559 1525 1662 diversitas,
1561 1559 1821 1662 satisfacerent,
1851 1563 1961 1640 multo
1993 1566 2064 1640 mi-

691 1720 760 1774 nus
789 1694 978 1773 Ecclesiae
1013 1693 1215 1773 Catholicae
1246 1692 1480 1795 adversariis,
1514 1719 1666 1797 quorum
1702 1698 1855 1772 maxime
1884 1699 2063 1798 intererat,

691 1841 729 1907 ut
764 1832 1006 1932 supposititiae
1038 1840 1073 1905 et
1100 1828 1210 1908 falsae
1245 1827 1479 1905 haberentur:
1518 1852 1600 1906 oum
1639 1828 1718 1906 illos
1746 1831 1891 1908 nimium
1926 1841 2064 1932 premat

690 1963 826 2040 illarum
859 1966 1036 2040 autoritas.
1097 1962 1148 2040 lta
1185 1986 1312 2040 omnes
1345 1960 1498 2041 Graecas
1526 1962 1681 2041 editores
1712 1965 1835 2064 primi,
1876 1963 2062 2066 Baronius,

688 2097 922 2176 Bellarrninus
954 2109 990 2173 et
1019 2096 1141 2199 plures
1175 2097 1231 2172 alii
1258 2095 1453 2174 defendere
1487 2101 1652 2200 aggressi
1691 2109 1784 2198 sunt,
1824 2123 1972 2200 prorsus
2002 2102 2088 2175 in-.

688 2230 856 2332 feliciter,
888 2231 1100 2333 plerumque
1133 2256 1179 2307 ex
1221 2229 1570 2334 Pseudepigraphis,
1607 2243 1666 2308 aut
1695 2232 1910 2334 conjecturis
1940 2236 2062 2308 incor-

687 2369 840 2445 tissimis.
895 2365 984 2442 lnde
1015 2364 1142 2443 accidit
1167 2376 1203 2442 ut
1222 2367 1313 2441 inter
1334 2367 1432 2466 ipsos
1457 2361 1659 2442 Catholicos
1692 2367 1757 2441 viri
1786 2389 1858 2442 non
1885 2365 2061 2467 ineruditi,

685 2498 863 2603 Liturgias
883 2500 959 2577 illas
992 2524 1130 2601 omnes,
1156 2509 1215 2576 aut
1244 2502 1446 2601 suppositas
1469 2523 1564 2600 esse,
1596 2511 1655 2575 aut
1685 2497 1790 2575 valde
1822 2499 2061 2601 interpolatas,

687 2645 747 2711 aut
777 2633 820 2710 ab
853 2633 1040 2712 haereticis
1066 2615 1263 2735 corruptas,
1294 2645 1353 2710 aut
1380 2633 1522 2710 tandem
1553 2633 1670 2711 multis
1697 2632 1849 2710 saeculis
1876 2637 2061 2710 recentio-

687 2794 747 2845 res
774 2793 869 2868 esse,
903 2793 1009 2871 quam
1032 2768 1146 2871 vulgo
1178 2766 1351 2844 creditum
1388 2766 1514 2869 luerat,
1546 2765 1830 2845 Protestantibus
1859 2791 2060 2845 conoesse-

686 2905 764 2980 rint.
825 2899 996 3005 Reliquas
1028 2903 1138 2980 multo
1173 2905 1287 3004 magis
1319 2905 1495 3002 aspernati
1532 2912 1632 2980 sunt:
1658 2905 1900 3001 turpissimum
1935 2904 2061 2978 existi-

686 3048 835 3138 mantes,
855 3061 1056 3139 agnoscere
1078 3035 1209 3137 Basilii,
1231 3047 1270 3112 ut
1293 3036 1458 3136 exemplo
1480 3047 1631 3135 utamur,
1650 3035 1845 3138 Liturgiam
1864 3032 2060 3137 Copticam,

687 3175 746 3274 qui
779 3168 963 3272 Graecam,
997 3181 1035 3249 ut
1066 3174 1206 3248 noviter
1237 3173 1469 3272 compositam
1497 3171 1696 3273 rejicerent.
1758 3169 1836 3247 lmo
1863 3195 1945 3247 oum
1963 3194 2062 3246 non-

686 3304 791 3382 nullis
814 3303 999 3384 diversitas
1022 3303 1261 3408 Litargiarum
1286 3302 1418 3407 Basilii,
1443 3301 1613 3404 Graecae,
1638 3301 1808 3405 Copticae
1832 3315 1869 3380 et
1892 3302 2061 3405 Syriacae

687 3450 935 3542 argumentum
961 3441 1195 3518 certissimum
1225 3437 1419 3540 videretur,
1443 3463 1523 3541 ¹quo
1548 3438 1680 3515 nullam
1709 3437 1847 3515 illarum
1882 3464 1902 3514 a
1929 3436 2059 3516 Basilio

686 3577 851 3676 scriptam
879 3597 962 3652 esse
995 3583 1190 3674 constaret,
1233 3595 1358 3650 omnes
1389 3596 1504 3675 prope
1535 3574 1750 3649 teterrimam
1781 3570 1827 3648 de
1865 3571 1930 3650 illis
1970 3597 2060 3650 sen-

685 3711 828 3786 tentiam
857 3709 1023 3810 tulerunt,
1067 3719 1106 3785 ut
1147 3706 1288 3785 inutiles
1319 3706 1424 3809 plane
1459 3705 1504 3783 ad
1540 3705 1816 3784 confirmandam
1851 3731 1898 3784 ex
1927 3705 2060 3784 Orien-

685 3843 803 3920 talium
831 3841 1075 3920 Ecclesiarum
1109 3841 1300 3919 concordia
1334 3838 1552 3919 Catholicam
1581 3840 1688 3918 iidem
1724 3839 1962 3918 ellioerentur.
2096 3839 2102 3856 ⁸

792 3976 833 4054 ln
866 3989 917 4055 tot
950 4002 1042 4055 vero
1072 3973 1288 4054 Graecarum
1329 3974 1567 4079 Litargiarum
1604 3974 1836 4075 editionibus,
1882 3984 1920 4050 ut
1955 3977 2059 4052 etiam

683 4113 891 4191 versionum
923 4111 1060 4189 illarum
1087 4135 1179 4213 quae
1206 4107 1443 4188 Orientalibus
1472 4112 1637 4211 propriae
1668 4119 1779 4208 erant,
1807 4106 2059 4186 nihilomnino

684 4271 857 4324 annorum
887 4245 1074 4348 plusquam
1105 4257 1247 4322 centum
1279 4242 1458 4344 decursu,
1489 4268 1510 4318 a
1538 4267 1717 4345 quoquam
1749 4245 1955 4342 praestitum
1983 4240 2060 4342 luit,

582 4436 591 4460 0
683 4405 756 4484 quo
801 4383 889 4458 ritus
933 4383 1023 4458 sacri
1072 4389 1346 4480 exponerentur.
1423 4375 1514 4454 Nam
1556 4401 1648 4479 quae
1691 4373 1860 4454 Claudius
1904 4372 2060 4453 Sancte-

683 4518 757 4594 sius
803 4513 1000 4618 eollegerat
1044 4537 1090 4590 ex
1127 4511 1406 4616 chrysostomo,
1453 4524 1572 4615 partes
1611 4510 1782 4614 quasdam
1826 4510 2057 4611 illustrabant,

683 4648 749 4727 sed
784 4673 845 4727 eas
878 4648 973 4726 solas
1011 4672 1103 4750 quae
1136 4651 1197 4725 toti
1235 4645 1422 4726 Ecclesiae
1460 4671 1691 4748 communes,
1736 4670 1809 4724 non
1850 4649 1965 4750 magis
2009 4645 2055 4722 ad

685 4783 883 4862 Orientales
909 4806 1014 4884 quam
1045 4781 1089 4858 ad
1125 4780 1373 4862 Occidentales
1410 4782 1642 4886 pertinebant.
1704 4777 1851 4862 Rituum
1886 4793 1921 4858 et
1948 4783 2055 4858 totius
2182 4835 2184 4842 ι

684 4917 889 5020 disciplinae
923 4914 1191 4994 Eucharisticae
1219 4917 1298 4996 talis
1338 4927 1413 4996 erat
1432 4916 1642 5018 obscuritas,
1670 4929 1709 4994 ut
1739 4916 1852 4994 verba
1881 4919 1956 5017 ipsa
1982 4937 2055 4990 non
2172 4901 2175 4910 ’

683 5051 977 5153 intelligerentur,
1006 5049 1103 5152 quod
1123 5075 1169 5127 ex
1190 5054 1312 5154 primis
1334 5050 1560 5133 versionibus
1580 5051 1805 5132 manifestum
1824 5060 1889 5130 est
1927 5046 2057 5151 Neque
