4670 6046
743 599 821 674 248
1224 594 1628 674 COMMENTARIUS

686 797 693 809 “
744 791 859 846 certum
882 790 929 846 est
951 782 1165 860 elevationem,
1196 783 1222 845 si
1244 781 1419 844 necessaria
1436 780 1605 862 Judicatur,
1633 779 1815 844 sufficienter
1844 779 1967 860 probari
1998 799 2039 844 ex
2066 798 2102 846 ao

744 885 805 946 ritu
827 900 916 964 quem
937 899 1042 944 omnes
1064 881 1187 943 Latinae
1209 880 1320 944 Missae
1349 887 1532 964 agnoscunt,
1557 879 1676 959 quando
1699 879 1796 943 hostia
1819 897 1886 942 oum
1915 879 2011 942 calice
2040 879 2105 942 eie·

744 990 833 1044 vatur
854 980 990 1059 modice,
1022 979 1113 1061 paulo
1141 987 1210 1043 ante
1238 980 1404 1043 orationem
1431 978 1624 1042 Dominicam.
1669 979 1742 1042 Nam
1770 979 2003 1059 antiquissimam
2027 977 2104 1040 iiiam

747 1099 816 1144 esse
838 1079 1015 1142 elevationis
1037 1078 1225 1160 disciplinam
1248 1097 1352 1142 omnes
1375 1079 1468 1141 ferme
1491 1086 1669 1162 agnoscunt.
1693 1079 1748 1142 Vir
1770 1078 1958 1141 Clarissimus
1971 1077 2103 1142 ioannes

745 1179 935 1244 liabiiionius
958 1176 1177 1241 Commentario
1207 1178 1332 1259 praevio
1361 1177 1399 1240 ad
1429 1177 1571 1240 Ordinem
1599 1177 1773 1241 Romanum.
1817 1177 1885 1240 Non
1913 1178 2016 1240 statim
2039 1183 2108 1255 post

747 1280 1003 1344 consecrationem
1024 1280 1056 1340 r'n
1078 1278 1170 1340 aliurn
1191 1297 1212 1339 a
1232 1277 1409 1354 Sacerdote,
1436 1277 1538 1340 hostio
1558 1278 1684 1359 r'tenrqae
1712 1278 1797 1340 colia
1819 1277 1929 1356 pra'rrrr's
1948 1276 2010 1338 tota
2031 1283 2107 1336 tara-

743 1377 871 1458 porr‘has
892 1375 1101 1458 efferebantur,
1124 1379 1179 1438 sed
1200 1377 1255 1439 suh
1274 1379 1363 1456 finan
1378 1376 1520 1453 Cononis,
1543 1395 1610 1440 cam
1632 1378 1746 1440 dicaret
1755 1377 1909 1439 Sacerdos
1913 1397 1927 1449 ;
1949 1374 2007 1437 Per
2020 1391 2106 1455 qaam

746 1478 821 1539 haec
852 1475 965 1551 omnia,
996 1483 1054 1541 cic.
1077 1475 1212 1556 eripehat
1237 1495 1271 1537 sc
1297 1475 1541 1539 Archidr'aeorras
1569 1476 1669 1538 solas.-
1698 1484 1728 1538 ei
1756 1494 1823 1538 cunr
1852 1476 2023 1548 discretam
2050 1472 2107 1536 Per

745 1578 843 1656 ipsum
873 1581 904 1637 et
932 1592 999 1636 cum
1026 1576 1109 1655 ipso,
1144 1574 1265 1636 ienahat
1291 1593 1357 1636 cam
1383 1573 1539 1655 offertoria
1565 1576 1690 1637 salicara
1709 1595 1766 1656 per
1794 1592 1904 1648 ansas,
1932 1581 1962 1634 et
1990 1572 2108 1634 tenebat

746 1676 887 1739 exaltans
907 1675 989 1736 dmm
1003 1677 1097 1753 Juxta
1119 1673 1301 1752 Pontificem.
1322 1672 1513 1754 iir'crolopns,
1535 1693 1645 1754 eorpus
1667 1693 1734 1736 com
1763 1674 1860 1735 colice
1888 1672 2109 1734 metaverant

743 1776 858 1857 faisse,
880 1773 955 1835 dicit
975 1775 1008 1834 r'rr
1035 1791 1104 1852 cap.
1136 1772 1185 1835 15.
1214 1771 1268 1834 uhi
1287 1773 1399 1835 nullom
1427 1773 1553 1835 atterius
1577 1783 1648 1853 post
1668 1775 1923 1836 amrsecrair'onem
1949 1769 2109 1860 motionis

746 1876 922 1937 mentionem
942 1872 1030 1951 [acii.
1075 1870 1243 1934 orientales
1264 1871 1298 1933 r'd
1322 1881 1484 1950 praestant
1504 1873 1599 1952 panto
1629 1880 1699 1935 ante
1721 1873 1962 1934 cmmaaionem.
2007 1868 2108 1932 Porro

745 1974 873 2036 eieoatr'o
898 1983 968 2054 posi
993 1975 1250 2036 consecrationem
1276 1973 1307 2032 r‘rs
1335 1971 1453 2048 Gallio,
1479 1980 1549 2052 post
1576 1972 1705 2034 mediam
1734 1971 1887 2032 scendum
1921 1970 2108 2032 undecimam
2150 2015 2153 2022 .

744 2072 864 2134 addetam
881 2075 949 2152 fier-r*
969 2080 1087 2152 coepto,
1115 2072 1199 2134 houd
1220 2073 1285 2132 scio
1315 2089 1356 2131 on
1380 2072 1473 2150 panio
1494 2073 1595 2133 serias
1621 2072 1654 2133 r'rr
1679 2070 1820 2133 Ecclesia
1841 2070 1990 2132 Romana.
2034 2067 2109 2130 Cum

746 2173 838 2254 igitur
859 2172 954 2249 initio,
977 2172 1176 2235 elevationem
1198 2169 1403 2233 Eucharistiae
1425 2171 1455 2232 in
1478 2169 1615 2254 Ecclesia
1646 2169 1778 2233 Romana
1807 2187 1844 2231 eo
1873 2170 1902 2231 in
1925 2167 1994 2231 loco
2019 2183 2107 2247 quero

745 2289 825 2334 nunc
845 2271 936 2334 hahet
957 2289 1018 2334 non
1041 2269 1145 2348 luisse,
1168 2268 1325 2331 doctorum
1349 2267 1496 2331 hominum
1519 2269 1687 2332 testimonio
1716 2275 1853 2346 constet,
1880 2285 1981 2348 neque
2008 2275 2106 2330 tamen

743 2371 814 2433 inde
836 2371 943 2434 merito
968 2371 1123 2450 quisquam
1145 2367 1258 2430 inferre
1279 2370 1393 2451 possit,
1415 2369 1547 2449 ignotam
1581 2367 1674 2432 luisse
1703 2376 1773 2431 tunc
1803 2366 1991 2430 Sacramenti
2021 2383 2107 2446 quam

745 2470 920 2551 proiitemur
941 2468 1039 2542 sidem,
1063 2484 1142 2547 quae
1164 2468 1238 2530 satis
1259 2467 1376 2551 magnis
1388 2467 1507 2530 aliunde
1530 2469 1714 2550 argumentis
1729 2467 1931 2545 confirmatur,
1954 2467 1996 2528 ita
2018 2465 2107 2546 plana

745 2566 884 2632 concludi
906 2586 966 2631 non
992 2566 1083 2630 dehet
1105 2561 1284 2644 Orientaies,
1307 2568 1376 2648 qnia
1399 2567 1598 2630 elevationem
1620 2567 1727 2630 eodem
1749 2567 1819 2630 ioco
1841 2585 1902 2630 non
1926 2572 2106 2651 agnoscunt,

745 2685 837 2747 posse
859 2666 973 2730 idcirco
996 2666 1026 2728 in
1049 2666 1251 2746 suspicionem
1273 2667 1387 2746 vocari,
1411 2668 1495 2748 quasi
1517 2684 1578 2729 non
1605 2674 1719 2729 rectam
1746 2667 1783 2729 de
1805 2665 1993 2729 Eucharistia
2017 2664 2105 2728 iidem

745 2765 884 2828 habeant.
928 2766 1035 2846 Neque
1057 2766 1135 2828 enim
1158 2763 1239 2846 quod
1259 2765 1301 2827 ita
1319 2763 1531 2847 judicaverunt
1554 2766 1713 2847 Theologi,
1736 2773 1786 2828 aut
1807 2767 2032 2829 itinerariorum
2050 2781 2107 2826 au-

745 2873 829 2928 tores
852 2855 952 2945 aliqui,
977 2881 1068 2927 oausa
1090 2863 1152 2928 ulla
1173 2861 1238 2941 luit,
1261 2865 1316 2926 nisi
1339 2864 1486 2942 silentium
1508 2866 1725 2948 liturgiarum:
1756 2873 1816 2928 tum
1846 2865 2020 2953 observatio
2049 2881 2106 2946 pa-

743 2981 811 3028 rurn
840 2970 980 3028 accurata
1010 2963 1265 3026 caeremoniarum
1299 2962 1510 3043 Orientalium,
1538 2965 1579 3026 ita
1608 2974 1656 3041 ut,
1690 2965 1759 3046 quia
1787 2965 1885 3026 statim
1914 2971 1985 3045 post
2012 2962 2105 3025 verba

745 3063 854 3128 Christi
881 3063 1096 3146 pronunciata,
1130 3080 1191 3125 non
1219 3059 1360 3124 videbant
1388 3063 1483 3126 levari
1518 3063 1750 3140 Eucharistiam,
1784 3081 1910 3145 prorsus
1939 3063 2020 3126 iliam
2048 3080 2106 3124 nou

474 3161 547 3216 uam,
574 3181 592 3216 a
615 3161 679 3216 θοι*
701 3163 732 3215 a
745 3164 863 3228 ostendi
892 3162 1080 3225 crediderint.
1124 3161 1168 3226 lta
1197 3177 1317 3242 quoque
1342 3162 1487 3242 judicavit
1515 3162 1674 3243 Zagazaho
1701 3163 1848 3245 Aethiops
1884 3165 1915 3226 in
1943 3163 2105 3242 Lusitania,

422 3248 485 3303 Μ’
503 3251 655 3320 Aethopia.
745 3283 813 3328 cum
834 3263 872 3326 de
894 3263 956 3326 suis
979 3264 1020 3324 ita
1041 3259 1180 3324 reierret.
1220 3260 1380 3342 Apadnas
1393 3261 1590 3326 Eucharistia
1610 3281 1670 3324 rma
1692 3263 1866 3338 ostenditur,
1888 3264 1966 3326 sicat
1987 3263 2038 3325 iric
2057 3264 2107 3324 or'-

744 3365 803 3428 deo
821 3363 900 3444 fieri.
924 3362 981 3426 Sed
1005 3380 1045 3424 ex
1066 3360 1172 3422 relatis
1195 3367 1331 3422 autorum
1353 3361 1529 3422 testimoniis
1551 3358 1627 3422 haec
1650 3360 1845 3441 quorumdam
1866 3361 2016 3424 hominum
2039 3362 2107 3441 opi-

745 3464 795 3526 nio
818 3469 923 3542 aperte
945 3460 1117 3523 revincitur.
1162 3457 1238 3522 Nam
1265 3457 1345 3540 quod
1368 3457 1488 3522 Gabriel
1510 3459 1698 3538 Patriarcha,
1721 3461 1801 3540 quod
1823 3460 1986 3523 Abusehah
2009 3460 2107 3522 Autor

746 3560 903 3626 Tractatus
925 3558 963 3622 de
986 3558 1117 3623 Solantia
1139 3557 1364 3638 Ecclesiastico,
1386 3558 1466 3640 quod
1489 3557 1623 3623 ilituales
1646 3559 1696 3622 alii
1717 3560 1785 3621 lihri
1808 3567 1957 3623 testantur
1979 3559 2018 3622 de
2041 3559 2107 3622 Ae-

744 3659 917 3739 gyptiorum
939 3657 1141 3738 incubituram
1162 3657 1220 3721 hac
1242 3657 1272 3720 in
1294 3665 1380 3739 parte
1403 3657 1569 3738 disciplina,
1593 3677 1660 3722 eam
1681 3677 1743 3722 non
1764 3660 1884 3722 noviter
1895 3658 2104 3735 introductam,

746 3756 801 3820 sed
824 3758 986 3839 antiquitus
1009 3767 1181 3840 usurpatam
1204 3775 1273 3820 esse
1296 3758 1369 3819 satis
1392 3755 1584 3821 demonstrat.
1629 3757 1710 3821 idem
1733 3757 1771 3822 de
1794 3759 1879 3841 Syris
1902 3757 2006 3821 dicare
2033 3776 2108 3839 pos·

747 3874 860 3935 sumus,
890 3876 1016 3938 quorvun
1038 3859 1112 3920 ritus
1134 3874 1195 3920 non
1217 3855 1496 3938 praescripserunt,
1528 3865 1579 3920 aut
1606 3859 1726 3922 noviter
1754 3859 1947 3920 instituerunt
1976 3857 2107 3921 Sevenrs

747 3955 968 4037 Antiochenus,
998 3957 1099 4021 etalii
1128 3975 1167 4020 ex
1196 3956 1261 4038 ejus
1291 3960 1376 4018 secta
1406 3963 1538 4034 autores,
1562 3956 1693 4020 lacobus
1723 3957 1914 4034 Edessenus,
1944 3955 2107 4037 Dionysius

748 4050 894 4119 Barsaiihi
917 4065 948 4120 et
969 4057 1194 4140 Ahuiiaragius,
1218 4056 1268 4136 qui
1291 4072 1345 4117 eos
1368 4056 1397 4117 in
1412 4054 1625 4120 Nomocanone
1649 4052 1782 4139 collegit,
1805 4056 1860 4118 sed
1883 4054 1988 4137 quales
2012 4061 2107 4130 erant,

747 4152 892 4220 referunt.
921 4155 1050 4221 Accedit
1072 4162 1142 4218 nota
1165 4163 1249 4218 certa
1270 4155 1346 4216 ritus
1369 4154 1575 4218 ostendendae
1588 4154 1794 4218 Eucharistiae
1815 4154 1906 4236 paulo
1929 4163 2108 4217 antecom-

746 4255 927 4335 munionem,
951 4274 1018 4318 cum
1040 4256 1255 4337 pronunciatur
1278 4252 1448 4332 Confessio,
1471 4254 1509 4317 de
1532 4274 1590 4337 qua
1613 4271 1683 4316 mox
1706 4255 1846 4318 dicemus.
1891 4253 1951 4318 Sed
1974 4253 2106 4336 nequid

748 4352 826 4417 desit
853 4354 891 4417 ad
919 4354 1133 4419 ostendendam
1161 4360 1337 4436 perpetuam
1366 4353 1569 4417 Ecclesiamm
1601 4354 1829 4418 consensionem
1860 4355 1889 4416 in
1911 4355 2111 4418 veneratione*

747 4453 966 4533 Eucharistiae,
995 4454 1167 4536 adjiciemus
1189 4455 1278 4516 ritum
1300 4452 1388 4514 alium
1417 4471 1505 4534 quem
1535 4453 1673 4517 Canones
1701 4453 1738 4518 de
1767 4454 1923 4535 disciplina
1951 4453 2107 4518 Ecclesia·

747 4554 822 4617 stica
845 4555 983 4636 anonymi
1005 4553 1230 4637 praescribunt:
1254 4553 1395 4634 iegamtur
1416 4561 1514 4616 autern
1535 4554 1565 4615 in
1589 4553 1701 4617 Codice
1724 4555 1938 4618 satisvetusto.
1967 4553 2108 4629 Quoties-

746 4671 884 4734 cumque,
923 4656 1074 4736 inquiunt,
1109 4653 1274 4716 eieoohr'tor
1306 4651 1502 4716 Eucharistio
1527 4653 1727 4733 mahairrmhtr
1759 4672 1945 4732 campanae:
1978 4653 2108 4716 minores

748 4753 866 4818 scilicet
888 4771 961 4833 quas
984 4761 1105 4836 gestant
1133 4752 1284 4829 manibus,
1313 4759 1344 4816 et
1379 4769 1453 4833 quas
1483 4759 1610 4836 tangere
1638 4760 1726 4815 extra
1754 4752 1909 4815 Ecclesias
1935 4769 1997 4814 non
2026 4752 2107 4830 iicet,

748 4852 804 4914 sub
827 4849 1109 4916 hiuhamedanorum
1130 4852 1301 4933 tyrannide.
1338 4852 1412 4914 Nam
1436 4853 1466 4913 in
1489 4851 1584 4915 Nuhia
1607 4860 1637 4915 et
1659 4853 1838 4933 Aethiopia,
1865 4851 1916 4914 uiri
1945 4851 2107 4914 Christiani

477 4989 539 5048 ,Μ
564 4991 635 5045 Perr.
662 4993 735 5046 Ales.
749 4949 926 5032 regnabant,
949 4949 1143 5031 pulsabantur
1166 4970 1206 5014 ex
1227 4951 1376 5033 superiori
1397 4951 1478 5031 ioco,
1507 4960 1541 5015 ut
1562 4951 1753 5016 observatum
1783 4959 1830 5014 ast
1858 4953 1889 5014 in
1911 4951 1973 5014 vita
1995 4949 2106 5030 iuqahi

422 5091 449 5145 ρ,
467 5077 528 5130 282.
749 5048 939 5112 Patriarchae
959 5048 1155 5115 Alexandrini
1177 5049 1237 5116 Lii.
1261 5049 1298 5114 de
1328 5050 1460 5134 Georgia
1488 5051 1548 5114 lilio
1577 5051 1739 5115 Zachariae
1769 5051 1863 5136 Regis
1892 5049 2026 5132 Nuhiae,
2057 5050 2106 5134 qui
