4684 6042
670 597 742 670 122
1183 587 1543 666 ttuuttutt

665 781 809 878 Spiritu,
836 803 922 853 nunc
942 791 976 851 et
993 800 1144 875 semper,
1160 779 1241 849 etin
1257 797 1341 850 sae·
1386 778 1479 868 ποιῷ
1504 795 1573 846 σου
1597 768 1797 866 πνεύματι,
1820 775 1891 845 νῦν
1920 768 1981 844 καί
2004 765 2067 842 ‚ciri

665 886 741 956 cuia
769 883 987 958 saeculorum.
1385 875 1446 950 καί
1466 876 1512 959 τίς
1526 872 1611 958 τοός
1632 877 1765 958 αίολνοις
1780 879 1857 949 τῶν
1872 871 2028 948 αἰώνιον.

717 1005 880 1097 Populus.
932 1001 1054 1076 Amen.
1242 1017 1247 1028 ·
1352 1021 1369 1048 ·
1435 1001 1470 1072 Ὁ
1490 995 1595 1082 Λαός.
1620 989 1743 1091 Ἀμήν.

717 1123 903 1194 Sacerdos.
956 1120 1032 1194 Pax
1059 1118 1221 1192 omnibus.
1436 1117 1470 1193 ‘O
1490 1115 1613 1217 Ἱερεύς.
1651 1110 1787 1212 Εἰρήνη
1812 1119 1933 1189 πᾶσιν.

719 1243 881 1336 Populus.
933 1240 978 1312 Et
1004 1243 1132 1336 spiritui
1157 1249 1226 1312 tuo.
1436 1237 1471 1310 ‘O
1491 1234 1596 1321 Λαός.
1622 1232 1697 1308 Καί
1712 1238 1766 1329 τῷ
1785 1229 1964 1327 πνεύματί
1984 1257 2064 1308 σου.

720 1362 909 1433 Diaconos.
963 1361 1067 1434 Orate
1102 1380 1163 1455 pro
1189 1361 1282 1454 Papa
1309 1366 1344 1428 et
1434 1356 1469 1430 ‘O
1490 1353 1660 1440 Διόκονος.
1696 1350 1954 1450 Προςεύξασθε
1973 1351 2064 1451 ὑπὲρ

665 1464 849 1561 Episcopo.
1386 1465 1453 1530 τοῦ
1467 1451 1582 1529 Πόπα
1595 1453 1877 1530 καὶέπισκόπου.

719 1584 882 1677 Popuius.
934 1582 1041 1678 ttyrte
1068 1578 1206 1654 eleison.
1237 1579 1343 1677 Kyrie
1437 1577 1471 1651 Ὁ
1491 1579 1596 1663 Λαός.
1630 1572 1744 1672 Κύριε
1769 1579 1922 1671 ἐλέησον.
1950 1571 2065 1674 Κύριε

667 1686 806 1760 eleison.
858 1686 967 1782 Kyrie
995 1683 1134 1758 eleison.
1385 1679 1539 1774 ἐλέησον.
1572 1675 1685 1776 Κύριε
1701 1682 1854 1775 ἐλέησον.

929 1824 1077 1912 Sacerdos,
1650 1841 1683 1896 Ὁ
1696 1840 1795 1910 Ἱερεύς·

719 1976 918 2047 Dominator
930 1974 1094 2059 Domine,
1120 1970 1214 2045 Deus
1229 1975 1342 2044 omni·
1438 1970 1604 2040 Δέσποτα
1620 1961 1721 2063 κύριε
1736 1963 1757 2036 ὁ
1773 1961 1871 2054 θοός,
1884 1963 2064 2054 όπαντο-

669 2087 811 2175 potens,
837 2078 939 2150 Pater
964 2076 1117 2162 Domini,
1143 2084 1178 2146 et
1201 2074 1281 2165 Dei,
1310 2083 1345 2146 et
1388 2066 1554 2168 κροίτσρ,
1574 2066 1597 2141 ό
1619 2065 1738 2166 πατὴρ
1760 2077 1828 2142 τοῦ
1851 2068 1982 2167 κυρίου
2002 2070 2066 2144 καὶ

669 2181 865 2254 Servatoris
881 2181 988 2252 nostri
1008 2179 1090 2250 Jesu
1104 2176 1243 2266 Christi,
1259 2200 1345 2272 pre·
1387 2175 1481 2247 θεοῦ
1491 2171 1552 2246 καί
1563 2178 1722 2269 σωτῆρος
1732 2167 1952 2268 ἦμιῦνληοού
1961 2178 2066 2272 Χρι-

668 2306 782 2355 camur
809 2291 844 2354 et
877 2280 1095 2354 obsecramus
1128 2289 1180 2370 tc,
1214 2278 1346 2350 humani
1388 2281 1491 2366 στοῦ,
1517 2272 1679 2369 δεόμεθα
1700 2273 1761 2348 καί
1785 2280 2067 2372 παρακαλοῦμιν

669 2388 805 2479 generis
833 2391 980 2473 amator,
1007 2381 1116 2471 hone,
1142 2392 1178 2453 ut
1195 2386 1346 2455 sanctis-
1389 2403 1429 2454 σι
1446 2376 1699 2477 φιλάνθρωπα,
1716 2374 1849 2476 ἀγαθέ,
1865 2375 1932 2454 τόν
1948 2377 2067 2478 όγιαί-

670 2491 788 2562 simum
821 2495 855 2558 et
892 2485 1118 2559 beatissimum
1151 2484 1345 2557 Pontificem
1389 2509 1501 2557 τατον
1523 2480 1584 2556 καί
1599 2477 1880 2577 μακαριώτατον
1903 2479 2067 2580 ἀρχιερέα

668 2600 821 2663 nostrum
847 2591 973 2685 Papam
986 2587 1028 2658 N.
1056 2597 1089 2658 ct
1107 2587 1345 2661 Reverendis-
1389 2585 1496 2680 ἡμῶν
1512 2581 1650 2660 Πάπαν
1667 2582 1727 2658 A‘.
1749 2581 1809 2658 καί
1824 2582 1890 2658 τόν
1907 2583 2068 2660 ὁσιώτα-

670 2697 789 2767 sirnum
819 2691 1026 2786 Episcopum
1065 2689 1107 2761 N.
1148 2711 1344 2762 conserves.
1387 2685 1934 2785 τονέπίσκοπονΔ’.συντηρῶν.
1960 2693 2069 2763 Συν-

671 2794 849 2868 Conserva
869 2793 973 2878 ¹nobis
1007 2815 1069 2865 eos
1103 2797 1201 2865 ¹arnus
1235 2791 1344 2866 multis
1387 2789 1546 2889 τήρησον
1563 2789 1653 2885 ἡμῖν
1666 2786 1797 2874 αὐτούς
1814 2793 1905 2864 ι”τισι
1921 2796 2068 2874 πολλοῖς

668 2897 827 2994 pacifice,
853 2894 1094 2992 perfungentes
1126 2906 1244 2968 sancto
1280 2917 1345 2968 sa·
1388 2897 1582 2992 εἰρηνικῶς,
1591 2897 1817 2976 ἐνειλοῦντας
1833 2892 1898 2990 τήν
1911 2891 1984 2968 ὑπό
1996 2919 2068 2968 σου

669 2999 820 3071 cerdotio
847 3023 867 3070 a
895 3009 927 3070 te
944 3001 1025 3091 ipsis
1040 2997 1254 3086 concredita,
1282 3020 1346 3070 se·
1388 3001 1716 3092 ipaeatuceopa'apv
1746 2995 1855 3096 οίγίαν
1888 2994 2068 3096 ἀρχιερω-

671 3101 813 3174 cuntium
838 3111 988 3174 sanctam
1015 3110 1049 3171 et
1066 3099 1199 3172 beatam
1217 3101 1345 3172 volun·
1389 3096 1517 3196 σόνην,
1544 3098 1636 3173 κατοί
1662 3097 1705 3172 τό
1731 3097 1838 3198 όίγιον
1863 3099 1925 3173 καί
1941 3098 2068 3194 μακοί-

670 3213 772 3276 tatem
787 3214 896 3292 tuam,
923 3202 1064 3276 verbum
1085 3207 1237 3278 veritatis
1253 3212 1346 3281 recte
1389 3200 1472 3300 ριόν
1497 3225 1567 3276 σου
1589 3204 1748 3298 θέλημα,
1769 3200 2069 3296 όρθοτομοῦντας

672 3307 922 3402 dispensantes,
950 3329 1023 3377 cum
1044 3305 1197 3379 omnibus
1216 3305 1345 3379 Ortho-
1388 3304 1455 3380 τόν
1471 3302 1584 3405 λόγον
1599 3312 1659 3402 τῆς
1675 3303 1857 3401 ἀληθείας,
1869 3304 1941 3381 σόν
1955 3313 2069 3382 πᾶσιν

671 3410 772 3482 doxis
792 3408 1236 3506 Episcopisfflreshyteris,
1255 3409 1346 3480 Dia·
1389 3405 1609 3506 όρθοιίόξοις
1626 3405 1841 3498 ἐπισκόποις,
1865 3412 2070 3506 πρεσβυτί-

671 3514 788 3600 coniS,
841 3509 1079 3600 SubdiaconiS,
1132 3511 1347 3601 tectoribus,
1392 3507 1684 3611 ροις,ὃιακόνοις,
1698 3509 2071 3602 ὑποδιακόνοις,ἀνα-

672 3612 894 3700 Cantoribus,
931 3624 965 3686 et
997 3614 1112 3704 iaicis,
1148 3637 1223 3688 cunr
1259 3616 1349 3688 omui
1391 3612 1588 3714 γνιόσταις,
1614 3611 1767 3712 ψοίλταις
1788 3644 1825 3694 τι
1841 3614 1903 3689 καί
1919 3621 2069 3706 λαικοῖς,

671 3715 872 3813 plenitudine
899 3728 1036 3788 sanctae
1064 3728 1099 3788 et
1129 3716 1233 3790 solius
1268 3721 1347 3789 uni·
1392 3716 1463 3793 σόν
1477 3716 1588 3792 παντί
1602 3723 1655 3812 τῷ
1667 3715 1882 3814 πληρώματι
1896 3725 1957 3814 τῆς
1965 3718 2070 3818 ἁγίας

671 3819 815 3892 versatis
841 3816 1035 3908 Ecclesiae,
1067 3843 1187 3915 pacem
1220 3830 1254 3892 et
1280 3843 1343 3892 sa-
1392 3821 1453 3895 καί
1464 3822 1579 3916 μόνης
1594 3822 1792 3916 καθολικῆς
1804 3822 1999 3918 ἐκκλησίας,
2015 3824 2070 3895 εί-

671 3924 807 3992 nitatem
816 3930 849 3992 et
858 3920 998 3994 salutern
1008 3925 1057 3993 eis
1067 3922 1225 4014 largiens.
1253 3923 1344 3994 Pre-
1388 3921 1502 4023 ρήνην
1510 3923 1570 3996 καί
1581 3923 1719 4022 ὑγιείαν
1730 3923 1791 3997 καί
1805 3925 1986 4023 σωτηρίαν
1998 3923 2072 3998 αὐ-

672 4047 730 4096 ces
758 4032 867 4094 autem
894 4047 1025 4112 eorum,
1055 4047 1136 4119 quas
1163 4047 1225 4120 pro
1245 4024 1344 4098 nobis
1387 4037 1462 4110 τοῖς
1470 4023 1718 4122 χαριζόμενος.
1748 4025 1819 4110 Τός
1834 4025 2071 4124 όὲεὐχοίςαύ-

673 4126 832 4213 offerant,
860 4137 894 4197 et
908 4149 970 4198 nos
987 4149 1050 4222 pro
1066 4130 1169 4221 ipsis,
1196 4128 1344 4219 admitte,
1391 4137 1486 4220 τῶν,
1511 4127 1552 4213 ἃς
1567 4137 1735 4205 ποιοῦσιν
1757 4130 1845 4228 ὑπὲρ
1863 4129 1985 4224 ἡμῶν,
2008 4131 2071 4205 καί

671 4229 836 4318 Domine,
871 4228 913 4299 ad
945 4239 1095 4302 sanctum
1126 4241 1159 4302 et
1186 4231 1348 4322 coeleste,
1391 4232 1490 4328 ἡμεῖς
1504 4232 1593 4331 ὑπὲρ
1607 4231 1741 4323 αὐτῶν,
1754 4231 1943 4332 πρόςόιξαι
1955 4231 2070 4332 κύριε,

671 4331 900 4425 rationalequc
927 4331 1031 4404 aitare
1058 4343 1157 4405 tuum.
1208 4335 1348 4407 Omnem
1392 4339 1439 4420 τίς
1450 4334 1492 4409 τό
1503 4335 1622 4436 όίγιον,
1630 4335 1691 4410 καί
1700 4335 1929 4435 ἐπουράνιον,
1938 4337 1998 4411 καί
2009 4344 2071 4411 λο-

673 4442 781 4505 autem
792 4433 1022 4507 adversarium
1034 4445 1173 4508 sanctae
1188 4436 1347 4510 tuaeEc-
1392 4435 1500 4539 γικόν
1511 4464 1580 4513 σου
1594 4437 1870 4538 θυσιαστήριον.
1889 4439 2020 4517 Πάντα
2029 4438 2072 4514 δὲ

672 4535 798 4608 clesiac
823 4537 964 4633 pedihus
989 4561 1104 4611 eorum
1122 4543 1189 4611 cito
1210 4537 1349 4632 subjice.
1394 4541 1532 4640 ἐχθρόν
1540 4549 1601 4637 τῆς
1613 4542 1716 4642 οίγίας
1724 4538 1793 4617 σου
1806 4545 1990 4640 ἐκκλησίας
2001 4573 2073 4619 κα-

674 4637 791 4710 Gratia
820 4649 854 4710 et
880 4641 1149 4715 miserationibus
1183 4653 1216 4714 et
1247 4642 1350 4716 heni—
1396 4642 1611 4725 θυπόταξον
1625 4644 1696 4720 ὑπό
1711 4645 1795 4729 τούς
1817 4645 1931 4731 πόιλας
1948 4645 2072 4722 αὐτῶν

674 4743 802 4832 gnitate
834 4746 994 4835 unigeniti
1026 4745 1100 4816 Filii
1132 4749 1199 4836 tui,
1244 4747 1353 4818 Elaia
1397 4753 1436 4823 ίν
1452 4747 1564 4844 τοίχει,
1578 4746 1701 4848 χάριτι
1719 4749 1779 4823 καί
1797 4751 1994 4848 οἰκτιρμοῖς
2010 4749 2073 4824 καί

675 4865 780 4930 cuce,
815 4846 883 4916 Per
914 4867 1012 4938 quem
1039 4857 1174 4920 etcum
1202 4873 1266 4945 quo
1295 4850 1354 4922 tibi
1393 4854 1662 4952 ’φιλανθρωπίᾳ
1678 4859 1745 4927 τοῦ
1760 4881 1835 4949 μον
1882 4861 1980 4938 ινοῦς
2003 4881 2075 4928 σου

675 4944 786 5036 gioria
815 4957 848 5018 et
877 4950 1068 5042 imperium,
1096 4975 1169 5022 cum
1195 4955 1353 5026 wsanctis-
1396 4956 1487 5029 οἱοῦ.
1525 4958 1702 5055 ’Exponam
1747 4955 1796 5030 δι’
1822 4982 1885 5047 ου,
1902 4957 1963 5031 καί
1985 4954 2075 5053 μεθ’

675 5049 780 5138 simo,
815 5057 848 5119 et
874 5049 966 5122 hono
994 5062 1029 5124 et
1053 5055 1189 5128 viviiico
1216 5054 1353 5152 Spiritu,
1398 5053 1455 5150 οὗ,
1480 5058 1538 5133 σοί
1561 5061 1584 5157 ἡ
1609 5058 1700 5139 δόξα
1717 5059 1778 5135 καὶ
1793 5059 1836 5134 τό
1853 5059 1982 5160 κρότος
2003 5058 2077 5137 σόν
