4736 6064
670 537 747 611 um
953 499 1309 614 annuncia
1361 535 1743 616 connunus

775 724 958 797 Sacerdos.
1010 722 1178 797 Enaltabo
1206 735 1239 794 tc
1265 745 1329 794 rex
1354 746 1448 796 meus
1476 736 1510 797 ct
1536 727 1629 798 Deus
1656 747 1763 818 meus,
1789 736 1823 798 et
1841 724 2035 800 benedicam

670 842 794 913 nomini
821 851 877 913 tuo
903 843 937 912 in
964 839 1144 930 saeculum,
1171 842 1263 911 etin
1290 841 1457 914 saeculum
1487 840 1623 915 saeculi

772 955 932 1050 Populus.
984 956 1085 1028 Pater
1119 965 1235 1028 noster
1270 959 1324 1049 qui
1357 979 1394 1030 ee
1430 959 1463 1028 in
1498 956 1622 1045 coelis,
1658 979 1701 1028 ne
1734 979 1797 1030 nos
1832 957 1969 1030 inducas
2003 961 2037 1029 in

668 1076 898 1160 tentationem,
933 1096 1006 1145 cum
1033 1077 1211 1169 participes
1246 1071 1341 1144 lacti·
1357 1071 1516 1147 fuerimus
1555 1076 1708 1169 corporis
1744 1075 1850 1147 sancti
1885 1083 1919 1144 et
1951 1095 2036 1146 san-

670 1193 778 1280 guinis
804 1191 959 1284 pretiosi:
987 1191 1178 1284 gratiasque
1205 1192 1345 1280 agimus,
1373 1187 1460 1283 quod
1486 1211 1548 1262 nos
1576 1190 1695 1282 dignos
1721 1189 1857 1274 fecerit,
1884 1212 2038 1262 commu-

669 1304 801 1376 nicandi
836 1311 998 1402 mysterio
1031 1305 1162 1398 gloriae
1196 1316 1229 1376 et
1264 1307 1463 1393 sanctitatis,
1499 1305 1589 1401 quod
1622 1328 1755 1378 omnem
1788 1303 2037 1397 intelligentiam

668 1430 820 1518 superat:
847 1422 1041 1495 benedicam
1070 1420 1127 1493 tibi
1153 1433 1187 1494 et
1212 1420 1356 1494 laudabo
1383 1442 1504 1493 nomen
1531 1431 1637 1508 tuum,
1665 1424 1697 1492 in
1724 1419 1909 1516 saeculum,
1943 1433 1977 1494 et
2003 1425 2038 1493 iu

667 1538 839 1610 saeculum
867 1538 1001 1610 sacculi
1659 1545 1662 1566 ¹

647 1689 652 1699 ·
774 1654 934 1748 Papulae.
986 1655 1088 1727 Pater
1112 1665 1237 1726 noster.

772 1767 955 1842 Sacerdos.
1008 1770 1158 1843 Laudem
1183 1769 1315 1842 Domini
1342 1768 1494 1865 loquetur
1520 1791 1560 1842 os
1587 1792 1713 1858 meum,
1748 1779 1782 1840 et
1815 1770 1922 1840 omnis
1954 1789 2035 1840 caro

667 1885 846 1958 benedicet
871 1907 992 1958 nomen
1020 1897 1169 1958 sanctum
1196 1889 1287 1978 ejus,
1313 1889 1345 1958 in
1373 1884 1561 1973 saeculum,
1588 1896 1621 1957 et
1646 1889 1680 1957 in
1706 1887 1873 1958 saeculum
1901 1883 2035 1956 saeculi.

772 2001 933 2094 Papulae
985 2001 1086 2074 Pater
1111 2011 1236 2074 noster.

771 2117 954 2189 Sacerdos.
1016 2118 1144 2191 Rector
1177 2121 1377 2207 animarum,
1413 2129 1602 2190 sanctorum
1642 2117 1805 2205 director,
1846 2128 2036 2189 sanctorum

668 2233 793 2328 gloria:
822 2233 863 2305 da
889 2233 986 2306 nobis
1012 2236 1154 2306 Domine
1182 2231 1298 2305 oculos
1325 2231 1581 2326 intelligentiae,
1597 2235 1663 2328 qui
1689 2243 1851 2329 perpetuo
1879 2243 1913 2304 te
1939 2235 2036 2328 aspi-

669 2352 775 2440 ciant3
808 2358 842 2422 et
876 2371 973 2423 aures
1008 2372 1093 2445 quae
1127 2348 1333 2424 solummodo
1368 2360 1401 2420 te
1436 2349 1583 2434 audiant,
1617 2359 1792 2445 postquam
1826 2349 1943 2422 satiata
1977 2348 2038 2420 fuit

668 2469 778 2539 anima
805 2477 932 2554 nostra,
959 2470 1066 2558 gratia
1093 2475 1157 2538 tua.
1212 2465 1282 2538 Cor
1308 2465 1461 2537 mundum
1487 2488 1566 2537 crea
1593 2464 1690 2538 nobis
1711 2466 1864 2552 Domine,
1891 2476 1927 2537 ut
1951 2486 2035 2560 per-

666 2593 768 2680 petuo
805 2581 1026 2674 intelligamus
1061 2582 1242 2654 bonitatem
1275 2593 1309 2654 et
1341 2603 1488 2654 amorem
1523 2603 1606 2676 erga
1640 2581 1791 2654 homines
1817 2580 1881 2652 Dei
1915 2584 2034 2652 nostn':

667 2695 832 2790 benignus
864 2707 938 2770 esto
971 2701 1101 2770 animae
1135 2710 1288 2787 nostrae,
1319 2708 1528 2792 mentemque
1562 2720 1679 2794 puram
1714 2707 1748 2768 et
1779 2707 1905 2768 rectam
1937 2697 2035 2770 nobis

666 2811 804 2906 largire,
832 2816 887 2908 qui
913 2836 1035 2910 corpus
1061 2823 1151 2884 tuum
1178 2824 1212 2885 et
1237 2818 1431 2908 sanguinem
1457 2817 1679 2910 percepimuS,
1706 2835 1770 2884 nos
1789 2811 1928 2884 humiles
1943 2814 2035 2884 servi

667 2932 729 3002 tui:
757 2931 833 3024 quia
860 2938 949 3001 tuum
976 2940 1027 3002 est
1053 2951 1193 3022 regnum
1219 2931 1378 3021 Domine,
1407 2931 1481 3005 laus
1508 2942 1541 3003 et
1566 2929 1773 3017 benedictio,
1806 2929 1926 3017 Pater,
1960 2928 2033 3014 Fili,

668 3056 702 3117 et
727 3044 869 3141 Spiritus
897 3056 1023 3136 sancte,
1049 3067 1136 3117 nunc
1163 3055 1198 3116 et
1223 3069 1367 3142 semper,
1394 3051 1485 3120 etin
1513 3046 1646 3120 saecula
1669 3045 1887 3120 saeculorum.
1914 3045 2033 3116 Amen.

1145 3323 1266 3393 Oratio
1293 3319 1549 3394 benedictionis.

768 3511 952 3584 Sacerdos.
1005 3513 1147 3585 Domine
1173 3511 1267 3584 Deus
1293 3523 1426 3599 noster,
1458 3511 1568 3584 lumen
1600 3508 1868 3603 inextinguibile,
1901 3514 2034 3605 respice

665 3649 786 3700 servos
820 3638 895 3701 tuos
928 3639 963 3700 et
995 3627 1131 3700 aneiDas
1166 3639 1261 3715 tuas,
1295 3649 1438 3722 seraque
1470 3630 1503 3698 in
1537 3628 1693 3706 cordibus
1728 3651 1843 3701 eorum
1881 3629 2033 3698 timorem

569 3769 572 3776 ·
665 3746 807 3816 nominis
844 3747 909 3832 tui,
942 3755 976 3816 et
1008 3767 1146 3816 numera
1173 3743 1260 3830 illos,
1287 3753 1323 3814 ut
1347 3743 1544 3816 fructificent
1569 3747 1603 3816 ia
1629 3743 1878 3831 benedictione,
1914 3743 2032 3838 quibus

666 3859 775 3931 datum
803 3869 856 3932 est
882 3881 1003 3956 corpus
1030 3871 1119 3932 tuum
1146 3870 1181 3932 et
1206 3863 1342 3951 sanguis
1369 3869 1458 3932 mus:
1484 3869 1585 3956 utque
1610 3859 1735 3933 habitet
1761 3883 1863 3954 super
1888 3883 1949 3934 eos
1977 3864 2033 3956 qui

542 4057 551 4068 ,
664 3973 822 4048 inclinant
849 3980 957 4072 capita
985 3998 1045 4048 sua
1073 3998 1188 4048 coram
1213 3985 1258 4063 te,
1284 3978 1440 4072 populum
1466 3986 1568 4066 tuum,
1594 3981 1706 4064 viros,
1734 3977 1888 4049 mulieres
1914 3987 1949 4049 et
1973 3979 2032 4048 in-

663 4091 785 4181 fantes,
812 4103 846 4164 et
871 4114 933 4165 nos
961 4095 1058 4164 ctiam
1084 4091 1148 4167 illis
1175 4092 1331 4184 adjunge,
1357 4103 1512 4189 protege,
1539 4092 1645 4186 dirige
1673 4103 1707 4165 et
1732 4093 1840 4183 salva,
1866 4115 1927 4188 per
1953 4095 2031 4164 vir-

663 4217 764 4280 tutem
802 4208 1086 4301 Archangelorum
1118 4218 1257 4282 tuorum
1309 4208 1365 4282 Ab
1398 4211 1488 4281 omni
1521 4230 1624 4305 opere
1657 4209 1745 4282 malo
1777 4230 1918 4283 remove
1949 4230 2030 4281 uos:

664 4321 705 4394 nd
731 4345 831 4395 omne
858 4347 942 4420 opus
969 4323 1091 4397 bonum
1118 4324 1263 4419 adjunge
1288 4347 1367 4398 nos:
1405 4347 1467 4420 per
1494 4323 1657 4398 Christum
1684 4328 1887 4419 unigenitum
1913 4323 2031 4396 Filium

663 4447 753 4512 tuum
779 4462 841 4535 per
868 4462 985 4535 quem,
1014 4451 1075 4512 etc.

768 4555 835 4627 llic
860 4559 961 4650 ficara
986 4557 1089 4628 babet
1103 4557 1420 4653 Litarqa'al'atram
1444 4565 1635 4630 acolaco-raa
1650 4559 1905 4651 Apostolorum,
1934 4557 2030 4628 Ora-

664 4673 775 4742 tioaeo
802 4693 918 4742 coram
945 4679 979 4744 ct
1005 4670 1258 4746 benedictiones
1284 4697 1399 4746 aarum
1425 4675 1597 4747 aobiecam
1622 4677 1697 4747 aiat.
1750 4676 1870 4746 ulmea

769 4785 927 4878 Sanctus,
967 4787 1126 4882 Sanctus,
1162 4788 1303 4863 Sanctus
1339 4789 1482 4864 Trinitas
1512 4787 1771 4887 inexplicabilis:
1807 4789 1850 4862 da
1884 4787 1963 4861 mihi
1995 4798 2031 4860 ut

616 4995 620 5002 Ι
667 4904 827 4998 accipiam
856 4903 897 4975 ad
923 4907 1045 4993 vitam,
1073 4914 1107 4977 et
1133 4905 1259 5001 absque
1286 4907 1561 5002 condemnatione
1587 4930 1708 5003 corpus
1734 4916 1834 4979 tuum.
1873 4904 1928 4978 Da
1955 4902 2031 4976 mibi

664 5028 700 5089 ut
725 5017 845 5092 faciam
872 5019 1011 5095 fructum
1039 5026 1094 5120 qui
1120 5024 1180 5097 tibi
1205 5022 1346 5120 placeat,
1374 5032 1408 5098 ct
1434 5046 1613 5121 appaream
1640 5027 1673 5097 ia
1700 5023 1807 5118 gloria
1823 5031 1891 5112 tua,
1918 5031 1953 5094 et
1970 5023 2030 5092 vi-
