<?xml version="1.0" encoding="UTF-8"?>
<!DOCTYPE html PUBLIC "-//W3C//DTD XHTML 1.0 Transitional//EN"
    "http://www.w3.org/TR/xhtml1/DTD/xhtml1-transitional.dtd">
<html xmlns="http://www.w3.org/1999/xhtml" xml:lang="en" lang="en">
 <head>
  <title>
</title>
<meta http-equiv="Content-Type" content="text/html;charset=utf-8" />
  <meta name='ocr-system' content='tesseract 3.04.00' />
  <meta name='ocr-capabilities' content='ocr_page ocr_carea ocr_par ocr_line ocrx_word'/>
</head>
<body>
  <div class='ocr_page' id='page_1' title='image "./liturgiarumorie03renagoog_0149.png"; bbox 0 0 4760 6038; ppageno 0'>
   <div class='ocr_carea' id='block_1_1' title="bbox 681 469 1544 574">
    <p class='ocr_par' dir='ltr' id='par_1_1' title="bbox 681 469 1544 574">
     <span class='ocr_line' id='line_1_1' title="bbox 681 469 1544 574; baseline 0.002 -32"><span class='ocrx_word' id='word_1_1' title='bbox 681 469 775 542; x_wconf 88' lang='lat' dir='ltr'>oxu</span> <span class='ocrx_word' id='word_1_2' title='bbox 1162 470 1544 574; x_wconf 74' lang='lat' dir='ltr'>nrssunrarro</span> 
     </span>
    </p>
   </div>
   <div class='ocr_carea' id='block_1_2' title="bbox 354 653 2071 4779">
    <p class='ocr_par' dir='ltr' id='par_1_2' title="bbox 679 653 2057 2016">
     <span class='ocr_line' id='line_1_2' title="bbox 680 653 2055 750; baseline 0.002 -22"><span class='ocrx_word' id='word_1_3' title='bbox 680 655 767 728; x_wconf 89' lang='lat' dir='ltr'>Nam</span> <span class='ocrx_word' id='word_1_4' title='bbox 794 659 879 727; x_wconf 88' lang='lat' dir='ltr'>inter</span> <span class='ocrx_word' id='word_1_5' title='bbox 905 654 1100 745; x_wconf 84' lang='lat' dir='ltr'>Glossaria,</span> <span class='ocrx_word' id='word_1_6' title='bbox 1136 678 1222 750; x_wconf 87' lang='lat' dir='ltr'>quae</span> <span class='ocrx_word' id='word_1_7' title='bbox 1253 655 1358 746; x_wconf 85' lang='lat' dir='ltr'>vulgo</span> <span class='ocrx_word' id='word_1_8' title='bbox 1391 654 1517 726; x_wconf 70' lang='lat' dir='ltr'>Scolon</span> <span class='ocrx_word' id='word_1_9' title='bbox 1542 663 1685 744; x_wconf 91' lang='lat' dir='ltr'>vocant,</span> <span class='ocrx_word' id='word_1_10' title='bbox 1711 653 1874 726; x_wconf 86' lang='lat' dir='ltr'>babentm</span> <span class='ocrx_word' id='word_1_11' title='bbox 1899 660 2055 731; x_wconf 91' lang='lat' dir='ltr'>nonnulla</span> 
     </span>
     <span class='ocr_line' id='line_1_3' title="bbox 681 767 2057 864; baseline 0.002 -21"><span class='ocrx_word' id='word_1_12' title='bbox 681 771 808 843; x_wconf 89' lang='lat' dir='ltr'>diversi</span> <span class='ocrx_word' id='word_1_13' title='bbox 833 774 988 864; x_wconf 88' lang='lat' dir='ltr'>generis,</span> <span class='ocrx_word' id='word_1_14' title='bbox 1025 769 1067 840; x_wconf 87' lang='lat' dir='ltr'>ab</span> <span class='ocrx_word' id='word_1_15' title='bbox 1104 792 1146 841; x_wconf 91' lang='lat' dir='ltr'>eo</span> <span class='ocrx_word' id='word_1_16' title='bbox 1180 769 1268 864; x_wconf 92' lang='lat' dir='ltr'>quod</span> <span class='ocrx_word' id='word_1_17' title='bbox 1302 767 1483 840; x_wconf 88' lang='lat' dir='ltr'>Kircberus</span> <span class='ocrx_word' id='word_1_18' title='bbox 1510 769 1628 858; x_wconf 86' lang='lat' dir='ltr'>edidit,</span> <span class='ocrx_word' id='word_1_19' title='bbox 1654 793 1718 841; x_wconf 91' lang='lat' dir='ltr'>nec</span> <span class='ocrx_word' id='word_1_20' title='bbox 1745 769 1800 840; x_wconf 92' lang='lat' dir='ltr'>illa</span> <span class='ocrx_word' id='word_1_21' title='bbox 1827 770 1967 844; x_wconf 91' lang='lat' dir='ltr'>viderat</span> <span class='ocrx_word' id='word_1_22' title='bbox 2019 775 2057 846; x_wconf 93' lang='lat' dir='ltr'>ln</span> 
     </span>
     <span class='ocr_line' id='line_1_4' title="bbox 680 884 2057 980; baseline 0.001 -24"><span class='ocrx_word' id='word_1_23' title='bbox 680 885 744 957; x_wconf 88' lang='lat' dir='ltr'>illis</span> <span class='ocrx_word' id='word_1_24' title='bbox 770 907 838 956; x_wconf 92' lang='lat' dir='ltr'>non</span> <span class='ocrx_word' id='word_1_25' title='bbox 864 885 988 980; x_wconf 85' lang='lat' dir='ltr'>duplex</span> <span class='ocrx_word' id='word_1_26' title='bbox 1014 893 1158 974; x_wconf 88' lang='lat' dir='ltr'>tantum,</span> <span class='ocrx_word' id='word_1_27' title='bbox 1193 887 1289 955; x_wconf 90' lang='lat' dir='ltr'>utin</span> <span class='ocrx_word' id='word_1_28' title='bbox 1316 887 1380 954; x_wconf 87' lang='lat' dir='ltr'>isto</span> <span class='ocrx_word' id='word_1_29' title='bbox 1407 895 1441 956; x_wconf 87' lang='lat' dir='ltr'>et</span> <span class='ocrx_word' id='word_1_30' title='bbox 1466 884 1611 976; x_wconf 87' lang='lat' dir='ltr'>vulgatis</span> <span class='ocrx_word' id='word_1_31' title='bbox 1645 885 1800 957; x_wconf 91' lang='lat' dir='ltr'>columna</span> <span class='ocrx_word' id='word_1_32' title='bbox 1827 895 1892 976; x_wconf 88' lang='lat' dir='ltr'>est,</span> <span class='ocrx_word' id='word_1_33' title='bbox 1921 909 2057 980; x_wconf 89' lang='lat' dir='ltr'>quarum</span> 
     </span>
     <span class='ocr_line' id='line_1_5' title="bbox 680 997 2056 1095; baseline 0.001 -23"><span class='ocrx_word' id='word_1_34' title='bbox 680 1023 746 1072; x_wconf 92' lang='lat' dir='ltr'>una</span> <span class='ocrx_word' id='word_1_35' title='bbox 773 1023 880 1073; x_wconf 85' lang='lat' dir='ltr'>voces</span> <span class='ocrx_word' id='word_1_36' title='bbox 908 998 1080 1095; x_wconf 90' lang='lat' dir='ltr'>Copticas,</span> <span class='ocrx_word' id='word_1_37' title='bbox 1108 998 1213 1070; x_wconf 89' lang='lat' dir='ltr'>altera</span> <span class='ocrx_word' id='word_1_38' title='bbox 1239 997 1370 1070; x_wconf 89' lang='lat' dir='ltr'>illarum</span> <span class='ocrx_word' id='word_1_39' title='bbox 1401 999 1584 1072; x_wconf 74' lang='lat' dir='ltr'>Arabicam</span> <span class='ocrx_word' id='word_1_40' title='bbox 1615 1003 1917 1095; x_wconf 90' lang='lat' dir='ltr'>interpretationem</span> <span class='ocrx_word' id='word_1_41' title='bbox 1944 1006 2056 1073; x_wconf 92' lang='lat' dir='ltr'>conti-</span> 
     </span>
     <span class='ocr_line' id='line_1_6' title="bbox 680 1113 2056 1209; baseline 0.002 -24"><span class='ocrx_word' id='word_1_42' title='bbox 680 1124 768 1186; x_wconf 92' lang='lat' dir='ltr'>neat.</span> <span class='ocrx_word' id='word_1_43' title='bbox 821 1113 948 1186; x_wconf 88' lang='lat' dir='ltr'>Verum</span> <span class='ocrx_word' id='word_1_44' title='bbox 975 1114 1128 1202; x_wconf 85' lang='lat' dir='ltr'>columna</span> <span class='ocrx_word' id='word_1_45' title='bbox 1154 1113 1277 1207; x_wconf 89' lang='lat' dir='ltr'>triplex</span> <span class='ocrx_word' id='word_1_46' title='bbox 1303 1124 1368 1203; x_wconf 87' lang='lat' dir='ltr'>est,</span> <span class='ocrx_word' id='word_1_47' title='bbox 1396 1125 1494 1209; x_wconf 92' lang='lat' dir='ltr'>atque</span> <span class='ocrx_word' id='word_1_48' title='bbox 1520 1119 1554 1185; x_wconf 93' lang='lat' dir='ltr'>in</span> <span class='ocrx_word' id='word_1_49' title='bbox 1579 1117 1687 1209; x_wconf 91' lang='lat' dir='ltr'>primo</span> <span class='ocrx_word' id='word_1_50' title='bbox 1713 1114 1877 1187; x_wconf 86' lang='lat' dir='ltr'>latercrdo</span> <span class='ocrx_word' id='word_1_51' title='bbox 1903 1113 2056 1188; x_wconf 78' lang='lat' dir='ltr'><strong>Graecae</strong></span> 
     </span>
     <span class='ocr_line' id='line_1_7' title="bbox 679 1228 2053 1323; baseline 0 -21"><span class='ocrx_word' id='word_1_52' title='bbox 679 1253 788 1303; x_wconf 86' lang='lat' dir='ltr'>voces</span> <span class='ocrx_word' id='word_1_53' title='bbox 816 1229 1022 1302; x_wconf 91' lang='lat' dir='ltr'>scribuntur:</span> <span class='ocrx_word' id='word_1_54' title='bbox 1054 1233 1087 1300; x_wconf 94' lang='lat' dir='ltr'>in</span> <span class='ocrx_word' id='word_1_55' title='bbox 1122 1228 1269 1300; x_wconf 92' lang='lat' dir='ltr'>secundo</span> <span class='ocrx_word' id='word_1_56' title='bbox 1302 1250 1417 1301; x_wconf 89' lang='lat' dir='ltr'>earum</span> <span class='ocrx_word' id='word_1_57' title='bbox 1447 1231 1674 1323; x_wconf 74' lang='lat' dir='ltr'>interpretatio</span> <span class='ocrx_word' id='word_1_58' title='bbox 1712 1228 1871 1323; x_wconf 76' lang='lat' dir='ltr'>Coptica:</span> <span class='ocrx_word' id='word_1_59' title='bbox 1896 1232 1930 1299; x_wconf 95' lang='lat' dir='ltr'>in</span> <span class='ocrx_word' id='word_1_60' title='bbox 1956 1234 2053 1304; x_wconf 89' lang='lat' dir='ltr'>tertio</span> 
     </span>
     <span class='ocr_line' id='line_1_8' title="bbox 680 1342 2054 1438; baseline -0.003 -20"><span class='ocrx_word' id='word_1_61' title='bbox 680 1345 838 1419; x_wconf 84' lang='lat' dir='ltr'>Arabica.</span> <span class='ocrx_word' id='word_1_62' title='bbox 892 1346 973 1416; x_wconf 91' lang='lat' dir='ltr'>Inde</span> <span class='ocrx_word' id='word_1_63' title='bbox 1000 1354 1130 1416; x_wconf 88' lang='lat' dir='ltr'>constat</span> <span class='ocrx_word' id='word_1_64' title='bbox 1156 1365 1263 1417; x_wconf 86' lang='lat' dir='ltr'>voces</span> <span class='ocrx_word' id='word_1_65' title='bbox 1291 1365 1408 1414; x_wconf 91' lang='lat' dir='ltr'>omnes</span> <span class='ocrx_word' id='word_1_66' title='bbox 1435 1347 1580 1438; x_wconf 90' lang='lat' dir='ltr'>quaein</span> <span class='ocrx_word' id='word_1_67' title='bbox 1605 1343 1698 1416; x_wconf 90' lang='lat' dir='ltr'>libris</span> <span class='ocrx_word' id='word_1_68' title='bbox 1725 1342 1971 1415; x_wconf 87' lang='lat' dir='ltr'>Ecclesiastlcis</span> <span class='ocrx_word' id='word_1_69' title='bbox 1996 1344 2054 1414; x_wconf 90' lang='lat' dir='ltr'>le-</span> 
     </span>
     <span class='ocr_line' id='line_1_9' title="bbox 680 1455 2054 1553; baseline -0.003 -21"><span class='ocrx_word' id='word_1_70' title='bbox 680 1471 814 1553; x_wconf 82' lang='lat' dir='ltr'>gumtru,</span> <span class='ocrx_word' id='word_1_71' title='bbox 842 1459 1004 1550; x_wconf 87' lang='lat' dir='ltr'>Graecas,</span> <span class='ocrx_word' id='word_1_72' title='bbox 1031 1459 1074 1531; x_wconf 92' lang='lat' dir='ltr'>ad</span> <span class='ocrx_word' id='word_1_73' title='bbox 1101 1458 1342 1531; x_wconf 86' lang='lat' dir='ltr'>Grammatices</span> <span class='ocrx_word' id='word_1_74' title='bbox 1356 1455 1520 1553; x_wconf 89' lang='lat' dir='ltr'>Copticae</span> <span class='ocrx_word' id='word_1_75' title='bbox 1545 1457 1686 1529; x_wconf 87' lang='lat' dir='ltr'>formam</span> <span class='ocrx_word' id='word_1_76' title='bbox 1710 1458 1869 1549; x_wconf 89' lang='lat' dir='ltr'>inflexas,</span> <span class='ocrx_word' id='word_1_77' title='bbox 1897 1461 2054 1531; x_wconf 91' lang='lat' dir='ltr'>nonnisi</span> 
     </span>
     <span class='ocr_line' id='line_1_10' title="bbox 681 1571 2055 1670; baseline -0.004 -23"><span class='ocrx_word' id='word_1_78' title='bbox 681 1579 789 1648; x_wconf 89' lang='lat' dir='ltr'>serius</span> <span class='ocrx_word' id='word_1_79' title='bbox 816 1579 850 1646; x_wconf 91' lang='lat' dir='ltr'>in</span> <span class='ocrx_word' id='word_1_80' title='bbox 876 1574 1021 1667; x_wconf 84' lang='lat' dir='ltr'>linguam</span> <span class='ocrx_word' id='word_1_81' title='bbox 1047 1577 1261 1666; x_wconf 77' lang='lat' dir='ltr'>migravisse,</span> <span class='ocrx_word' id='word_1_82' title='bbox 1288 1596 1362 1644; x_wconf 91' lang='lat' dir='ltr'>cum</span> <span class='ocrx_word' id='word_1_83' title='bbox 1389 1572 1468 1646; x_wconf 90' lang='lat' dir='ltr'>olim</span> <span class='ocrx_word' id='word_1_84' title='bbox 1485 1577 1641 1670; x_wconf 91' lang='lat' dir='ltr'>proprias</span> <span class='ocrx_word' id='word_1_85' title='bbox 1658 1571 1799 1644; x_wconf 86' lang='lat' dir='ltr'>baberet</span> <span class='ocrx_word' id='word_1_86' title='bbox 1814 1595 1943 1662; x_wconf 91' lang='lat' dir='ltr'>omncs,</span> <span class='ocrx_word' id='word_1_87' title='bbox 1970 1594 2055 1666; x_wconf 92' lang='lat' dir='ltr'>quae</span> 
     </span>
     <span class='ocr_line' id='line_1_11' title="bbox 680 1687 2056 1783; baseline -0.004 -21"><span class='ocrx_word' id='word_1_88' title='bbox 680 1695 716 1762; x_wconf 93' lang='lat' dir='ltr'>in</span> <span class='ocrx_word' id='word_1_89' title='bbox 743 1689 866 1762; x_wconf 88' lang='lat' dir='ltr'>Olllciis</span> <span class='ocrx_word' id='word_1_90' title='bbox 893 1692 999 1764; x_wconf 86' lang='lat' dir='ltr'>sacris</span> <span class='ocrx_word' id='word_1_91' title='bbox 1026 1699 1081 1760; x_wconf 93' lang='lat' dir='ltr'>aut</span> <span class='ocrx_word' id='word_1_92' title='bbox 1107 1689 1300 1782; x_wconf 89' lang='lat' dir='ltr'>Scripturae</span> <span class='ocrx_word' id='word_1_93' title='bbox 1326 1688 1538 1762; x_wconf 86' lang='lat' dir='ltr'>versionibus</span> <span class='ocrx_word' id='word_1_94' title='bbox 1564 1691 1786 1783; x_wconf 90' lang='lat' dir='ltr'>reperiuntur,</span> <span class='ocrx_word' id='word_1_95' title='bbox 1812 1688 1877 1760; x_wconf 86' lang='lat' dir='ltr'>illis</span> <span class='ocrx_word' id='word_1_96' title='bbox 1898 1687 2056 1759; x_wconf 82' lang='lat' dir='ltr'>duntaxat</span> 
     </span>
     <span class='ocr_line' id='line_1_12' title="bbox 682 1800 2054 1901; baseline -0.001 -25"><span class='ocrx_word' id='word_1_97' title='bbox 682 1809 846 1901; x_wconf 88' lang='lat' dir='ltr'>exceptis,</span> <span class='ocrx_word' id='word_1_98' title='bbox 875 1828 961 1899; x_wconf 91' lang='lat' dir='ltr'>quae</span> <span class='ocrx_word' id='word_1_99' title='bbox 988 1827 1062 1876; x_wconf 92' lang='lat' dir='ltr'>cum</span> <span class='ocrx_word' id='word_1_100' title='bbox 1089 1803 1255 1895; x_wconf 90' lang='lat' dir='ltr'>religione</span> <span class='ocrx_word' id='word_1_101' title='bbox 1281 1800 1468 1877; x_wconf 89' lang='lat' dir='ltr'>Christiana</span> <span class='ocrx_word' id='word_1_102' title='bbox 1495 1815 1595 1877; x_wconf 88' lang='lat' dir='ltr'>natac</span> <span class='ocrx_word' id='word_1_103' title='bbox 1621 1813 1655 1874; x_wconf 88' lang='lat' dir='ltr'>et</span> <span class='ocrx_word' id='word_1_104' title='bbox 1679 1813 1899 1899; x_wconf 78' lang='lat' dir='ltr'>propagatae,</span> <span class='ocrx_word' id='word_1_105' title='bbox 1925 1807 1960 1876; x_wconf 91' lang='lat' dir='ltr'>in</span> <span class='ocrx_word' id='word_1_106' title='bbox 1984 1827 2054 1877; x_wconf 93' lang='lat' dir='ltr'>ve-</span> 
     </span>
     <span class='ocr_line' id='line_1_13' title="bbox 681 1916 1694 2016; baseline -0.002 -25"><span class='ocrx_word' id='word_1_107' title='bbox 681 1925 746 1992; x_wconf 89' lang='lat' dir='ltr'>teri</span> <span class='ocrx_word' id='word_1_108' title='bbox 771 1921 885 2012; x_wconf 87' lang='lat' dir='ltr'>lingua</span> <span class='ocrx_word' id='word_1_109' title='bbox 906 1923 1121 2016; x_wconf 77' lang='lat' dir='ltr'>Aegyptiaca</span> <span class='ocrx_word' id='word_1_110' title='bbox 1148 1917 1259 1991; x_wconf 90' lang='lat' dir='ltr'>locum</span> <span class='ocrx_word' id='word_1_111' title='bbox 1284 1916 1411 1992; x_wconf 90' lang='lat' dir='ltr'>babere</span> <span class='ocrx_word' id='word_1_112' title='bbox 1435 1941 1504 1991; x_wconf 92' lang='lat' dir='ltr'>non</span> <span class='ocrx_word' id='word_1_113' title='bbox 1530 1928 1694 2015; x_wconf 90' lang='lat' dir='ltr'>poterant.</span> 
     </span>
    </p>

    <p class='ocr_par' dir='ltr' id='par_1_3' title="bbox 373 2031 2053 2146">
     <span class='ocr_line' id='line_1_14' title="bbox 373 2031 2053 2146; baseline -0.001 -39"><span class='ocrx_word' id='word_1_114' title='bbox 373 2077 548 2144; x_wconf 52' lang='lat' dir='ltr'>„mm</span> <span class='ocrx_word' id='word_1_115' title='bbox 562 2078 667 2146; x_wconf 56' lang='lat' dir='ltr'>ungu„</span> <span class='ocrx_word' id='word_1_116' title='bbox 772 2037 901 2130; x_wconf 88' lang='lat' dir='ltr'>&#39;ltaque</span> <span class='ocrx_word' id='word_1_117' title='bbox 932 2039 967 2106; x_wconf 95' lang='lat' dir='ltr'>in</span> <span class='ocrx_word' id='word_1_118' title='bbox 1002 2031 1144 2130; x_wconf 79' lang='lat' dir='ltr'>Coptica</span> <span class='ocrx_word' id='word_1_119' title='bbox 1176 2033 1290 2125; x_wconf 87' lang='lat' dir='ltr'>lingua</span> <span class='ocrx_word' id='word_1_120' title='bbox 1324 2038 1534 2129; x_wconf 89' lang='lat' dir='ltr'>reperiuntur</span> <span class='ocrx_word' id='word_1_121' title='bbox 1569 2045 1626 2105; x_wconf 92' lang='lat' dir='ltr'>aut</span> <span class='ocrx_word' id='word_1_122' title='bbox 1665 2055 1771 2106; x_wconf 89' lang='lat' dir='ltr'>voces</span> <span class='ocrx_word' id='word_1_123' title='bbox 1816 2038 1929 2129; x_wconf 84' lang='lat' dir='ltr'>ipsae,</span> <span class='ocrx_word' id='word_1_124' title='bbox 1972 2055 2053 2128; x_wconf 89' lang='lat' dir='ltr'>quas</span> 
     </span>
    </p>

    <p class='ocr_par' dir='ltr' id='par_1_4' title="bbox 357 2148 2054 2250">
     <span class='ocr_line' id='line_1_15' title="bbox 357 2148 2054 2250; baseline -0.003 -24"><span class='ocrx_word' id='word_1_125' title='bbox 357 2165 453 2250; x_wconf 68' lang='lat' dir='ltr'>vaae</span> <span class='ocrx_word' id='word_1_126' title='bbox 475 2179 552 2214; x_wconf 80' lang='lat' dir='ltr'>voces</span> <span class='ocrx_word' id='word_1_127' title='bbox 572 2163 667 2213; x_wconf 70' lang='lat' dir='ltr'>multae</span> <span class='ocrx_word' id='word_1_128' title='bbox 682 2152 887 2226; x_wconf 88' lang='lat' dir='ltr'>Graecorum</span> <span class='ocrx_word' id='word_1_129' title='bbox 914 2162 1067 2224; x_wconf 90' lang='lat' dir='ltr'>veterum</span> <span class='ocrx_word' id='word_1_130' title='bbox 1093 2151 1168 2222; x_wconf 90' lang='lat' dir='ltr'>libri</span> <span class='ocrx_word' id='word_1_131' title='bbox 1193 2149 1292 2223; x_wconf 90' lang='lat' dir='ltr'>nobis</span> <span class='ocrx_word' id='word_1_132' title='bbox 1319 2161 1560 2240; x_wconf 90' lang='lat' dir='ltr'>servaverunt,</span> <span class='ocrx_word' id='word_1_133' title='bbox 1592 2159 1649 2220; x_wconf 92' lang='lat' dir='ltr'>aut</span> <span class='ocrx_word' id='word_1_134' title='bbox 1679 2149 1809 2221; x_wconf 92' lang='lat' dir='ltr'>illarum</span> <span class='ocrx_word' id='word_1_135' title='bbox 1839 2170 1909 2220; x_wconf 93' lang='lat' dir='ltr'>non</span> <span class='ocrx_word' id='word_1_136' title='bbox 1936 2148 2054 2222; x_wconf 90' lang='lat' dir='ltr'>dubiae</span> 
     </span>
    </p>

    <p class='ocr_par' dir='ltr' id='par_1_5' title="bbox 356 2247 2071 3630">
     <span class='ocr_line' id='line_1_16' title="bbox 356 2247 2054 2360; baseline -0.002 -19"><span class='ocrx_word' id='word_1_137' title='bbox 356 2249 383 2299; x_wconf 64' lang='lat'>³¹¹</span> <span class='ocrx_word' id='word_1_138' title='bbox 397 2247 504 2314; x_wconf 66' lang='lat'>⁶⁰⁹¹³⁰²</span> <span class='ocrx_word' id='word_1_139' title='bbox 521 2257 667 2315; x_wconf 67' lang='lat' dir='ltr'>supersunt</span> <span class='ocrx_word' id='word_1_140' title='bbox 682 2268 841 2360; x_wconf 81' lang='lat' dir='ltr'>origines.</span> <span class='ocrx_word' id='word_1_141' title='bbox 895 2267 1078 2338; x_wconf 88' lang='lat' dir='ltr'>Nonnullas</span> <span class='ocrx_word' id='word_1_142' title='bbox 1107 2265 1196 2337; x_wconf 91' lang='lat' dir='ltr'>dedit</span> <span class='ocrx_word' id='word_1_143' title='bbox 1221 2264 1420 2356; x_wconf 88' lang='lat' dir='ltr'>Kircbenrs,</span> <span class='ocrx_word' id='word_1_144' title='bbox 1456 2264 1517 2338; x_wconf 91' lang='lat' dir='ltr'>sed</span> <span class='ocrx_word' id='word_1_145' title='bbox 1552 2275 1587 2335; x_wconf 94' lang='lat' dir='ltr'>ut</span> <span class='ocrx_word' id='word_1_146' title='bbox 1612 2286 1733 2335; x_wconf 89' lang='lat' dir='ltr'>verum</span> <span class='ocrx_word' id='word_1_147' title='bbox 1766 2262 1932 2335; x_wconf 83' lang='lat' dir='ltr'>fateamur</span> <span class='ocrx_word' id='word_1_148' title='bbox 1964 2287 2054 2360; x_wconf 89' lang='lat' dir='ltr'>pau-</span> 
     </span>
     <span class='ocr_line' id='line_1_17' title="bbox 682 2378 2055 2478; baseline -0.002 -22"><span class='ocrx_word' id='word_1_149' title='bbox 682 2388 856 2474; x_wconf 89' lang='lat' dir='ltr'>cissimas,</span> <span class='ocrx_word' id='word_1_150' title='bbox 884 2393 918 2454; x_wconf 91' lang='lat' dir='ltr'>et</span> <span class='ocrx_word' id='word_1_151' title='bbox 943 2383 1138 2478; x_wconf 91' lang='lat' dir='ltr'>plerumque</span> <span class='ocrx_word' id='word_1_152' title='bbox 1163 2381 1286 2455; x_wconf 84' lang='lat' dir='ltr'>falsas:</span> <span class='ocrx_word' id='word_1_153' title='bbox 1315 2384 1477 2452; x_wconf 90' lang='lat' dir='ltr'>certiores</span> <span class='ocrx_word' id='word_1_154' title='bbox 1504 2380 1630 2475; x_wconf 87' lang='lat' dir='ltr'>aliquot</span> <span class='ocrx_word' id='word_1_155' title='bbox 1655 2379 1847 2452; x_wconf 87' lang='lat' dir='ltr'>Salmasius.</span> <span class='ocrx_word' id='word_1_156' title='bbox 1888 2378 1942 2450; x_wconf 89' lang='lat' dir='ltr'>De</span> <span class='ocrx_word' id='word_1_157' title='bbox 1967 2403 2055 2453; x_wconf 92' lang='lat' dir='ltr'>voce</span> 
     </span>
     <span class='ocr_line' id='line_1_18' title="bbox 682 2492 2055 2594; baseline -0.001 -24"><span class='ocrx_word' id='word_1_158' title='bbox 682 2497 807 2571; x_wconf 86' lang='lat' dir='ltr'>celebri</span> <span class='ocrx_word' id='word_1_159' title='bbox 834 2503 869 2570; x_wconf 92' lang='lat' dir='ltr'>in</span> <span class='ocrx_word' id='word_1_160' title='bbox 896 2519 994 2571; x_wconf 89' lang='lat' dir='ltr'>sacra</span> <span class='ocrx_word' id='word_1_161' title='bbox 1021 2499 1213 2594; x_wconf 77' lang='lat' dir='ltr'>Scriptura,</span> <span class='ocrx_word' id='word_1_162' title='bbox 1241 2500 1442 2589; x_wconf 89' lang='lat' dir='ltr'>cognomine</span> <span class='ocrx_word' id='word_1_163' title='bbox 1468 2495 1595 2570; x_wconf 90' lang='lat' dir='ltr'>scilicet</span> <span class='ocrx_word' id='word_1_164' title='bbox 1622 2517 1688 2589; x_wconf 90' lang='lat' dir='ltr'>quo</span> <span class='ocrx_word' id='word_1_165' title='bbox 1703 2492 1887 2588; x_wconf 88' lang='lat' dir='ltr'>Josepbum</span> <span class='ocrx_word' id='word_1_166' title='bbox 1901 2494 2055 2568; x_wconf 84' lang='lat' dir='ltr'>Patrinr-</span> 
     </span>
     <span class='ocr_line' id='line_1_19' title="bbox 682 2610 2071 2708; baseline -0.006 -23"><span class='ocrx_word' id='word_1_167' title='bbox 682 2613 777 2686; x_wconf 91' lang='lat' dir='ltr'>cbam</span> <span class='ocrx_word' id='word_1_168' title='bbox 804 2613 935 2685; x_wconf 88' lang='lat' dir='ltr'>Pharao</span> <span class='ocrx_word' id='word_1_169' title='bbox 962 2614 1169 2703; x_wconf 84' lang='lat' dir='ltr'>honestavit,</span> <span class='ocrx_word' id='word_1_170' title='bbox 1196 2610 1507 2701; x_wconf 83' lang='lat' dir='ltr'>multallircberus,</span> <span class='ocrx_word' id='word_1_171' title='bbox 1534 2615 1630 2705; x_wconf 89' lang='lat' dir='ltr'>quasi</span> <span class='ocrx_word' id='word_1_172' title='bbox 1649 2630 1939 2708; x_wconf 77' lang='grc' dir='ltr'><em>ψομτομφανηκ,</em></span> <span class='ocrx_word' id='word_1_173' title='bbox 1966 2610 2071 2706; x_wconf 64' lang='lat' dir='ltr'>quod.</span> 
     </span>
     <span class='ocr_line' id='line_1_20' title="bbox 680 2724 2054 2824; baseline -0.005 -23"><span class='ocrx_word' id='word_1_174' title='bbox 680 2732 714 2801; x_wconf 93' lang='lat' dir='ltr'>in</span> <span class='ocrx_word' id='word_1_175' title='bbox 750 2727 969 2824; x_wconf 84' lang='lat' dir='ltr'>Septuaginta</span> <span class='ocrx_word' id='word_1_176' title='bbox 1005 2729 1222 2824; x_wconf 90' lang='lat' dir='ltr'>Interpretum</span> <span class='ocrx_word' id='word_1_177' title='bbox 1257 2731 1418 2800; x_wconf 90' lang='lat' dir='ltr'>versione</span> <span class='ocrx_word' id='word_1_178' title='bbox 1452 2727 1593 2818; x_wconf 90' lang='lat' dir='ltr'>legitur,</span> <span class='ocrx_word' id='word_1_179' title='bbox 1632 2726 1814 2821; x_wconf 88' lang='lat' dir='ltr'>simplicem</span> <span class='ocrx_word' id='word_1_180' title='bbox 1848 2724 1988 2798; x_wconf 88' lang='lat' dir='ltr'>baberet</span> <span class='ocrx_word' id='word_1_181' title='bbox 2021 2727 2054 2795; x_wconf 91' lang='lat' dir='ltr'>in</span> 
     </span>
     <span class='ocr_line' id='line_1_21' title="bbox 680 2838 2053 2938; baseline -0.003 -24"><span class='ocrx_word' id='word_1_182' title='bbox 680 2843 793 2937; x_wconf 91' lang='lat' dir='ltr'>lingua</span> <span class='ocrx_word' id='word_1_183' title='bbox 822 2844 963 2938; x_wconf 87' lang='lat' dir='ltr'>Coptica</span> <span class='ocrx_word' id='word_1_184' title='bbox 990 2843 1274 2936; x_wconf 86' lang='lat' dir='ltr'>significationem.</span> <span class='ocrx_word' id='word_1_185' title='bbox 1310 2843 1439 2938; x_wconf 92' lang='lat' dir='ltr'>Nempe</span> <span class='ocrx_word' id='word_1_186' title='bbox 1465 2845 1499 2912; x_wconf 91' lang='lat' dir='ltr'>in</span> <span class='ocrx_word' id='word_1_187' title='bbox 1527 2842 1709 2915; x_wconf 87' lang='lat' dir='ltr'>Glossariis</span> <span class='ocrx_word' id='word_1_188' title='bbox 1734 2839 1792 2912; x_wconf 93' lang='lat' dir='ltr'>ubi</span> <span class='ocrx_word' id='word_1_189' title='bbox 1818 2838 1941 2912; x_wconf 90' lang='lat' dir='ltr'>multae</span> <span class='ocrx_word' id='word_1_190' title='bbox 1968 2862 2053 2934; x_wconf 91' lang='lat' dir='ltr'>quae</span> 
     </span>
     <span class='ocr_line' id='line_1_22' title="bbox 680 2952 2053 3051; baseline -0.004 -21"><span class='ocrx_word' id='word_1_191' title='bbox 680 2963 714 3030; x_wconf 92' lang='lat' dir='ltr'>in</span> <span class='ocrx_word' id='word_1_192' title='bbox 741 2962 847 3032; x_wconf 88' lang='lat' dir='ltr'>sacris</span> <span class='ocrx_word' id='word_1_193' title='bbox 874 2960 979 3034; x_wconf 91' lang='lat' dir='ltr'>literis</span> <span class='ocrx_word' id='word_1_194' title='bbox 1006 2970 1185 3031; x_wconf 90' lang='lat' dir='ltr'>occurrunt</span> <span class='ocrx_word' id='word_1_195' title='bbox 1210 2979 1317 3032; x_wconf 89' lang='lat' dir='ltr'>voces</span> <span class='ocrx_word' id='word_1_196' title='bbox 1343 2957 1549 3046; x_wconf 84' lang='lat' dir='ltr'>referuntur,</span> <span class='ocrx_word' id='word_1_197' title='bbox 1576 2959 1742 3051; x_wconf 93' lang='lat' dir='ltr'>reperitur</span> <span class='ocrx_word' id='word_1_198' title='bbox 1768 2958 1867 3026; x_wconf 88' lang='lat' dir='ltr'>etiam</span> <span class='ocrx_word' id='word_1_199' title='bbox 1885 2959 1966 3044; x_wconf 89' lang='lat' dir='ltr'>ista;</span> <span class='ocrx_word' id='word_1_200' title='bbox 1993 2952 2053 3026; x_wconf 90' lang='lat' dir='ltr'>sed</span> 
     </span>
     <span class='ocr_line' id='line_1_23' title="bbox 680 3069 2052 3166; baseline -0.003 -22"><span class='ocrx_word' id='word_1_201' title='bbox 680 3077 775 3145; x_wconf 92' lang='lat' dir='ltr'>utin</span> <span class='ocrx_word' id='word_1_202' title='bbox 803 3074 943 3146; x_wconf 88' lang='lat' dir='ltr'>Graecis</span> <span class='ocrx_word' id='word_1_203' title='bbox 969 3073 1082 3165; x_wconf 79' lang='lat' dir='ltr'>libris,</span> <span class='ocrx_word' id='word_1_204' title='bbox 1109 3074 1197 3147; x_wconf 90' lang='lat' dir='ltr'>unde</span> <span class='ocrx_word' id='word_1_205' title='bbox 1224 3084 1331 3146; x_wconf 88' lang='lat' dir='ltr'>sumta</span> <span class='ocrx_word' id='word_1_206' title='bbox 1357 3072 1418 3145; x_wconf 85' lang='lat' dir='ltr'>luit</span> <span class='ocrx_word' id='word_1_207' title='bbox 1450 3073 1590 3166; x_wconf 89' lang='lat' dir='ltr'>legitur,</span> <span class='ocrx_word' id='word_1_208' title='bbox 1623 3071 1760 3144; x_wconf 90' lang='lat' dir='ltr'>totidem</span> <span class='ocrx_word' id='word_1_209' title='bbox 1795 3069 1949 3166; x_wconf 77' lang='lat' dir='ltr'>syllabis:</span> <span class='ocrx_word' id='word_1_210' title='bbox 1983 3092 2052 3140; x_wconf 82' lang='lat' dir='ltr'>ex-</span> 
     </span>
     <span class='ocr_line' id='line_1_24' title="bbox 680 3183 2053 3285; baseline -0.007 -23"><span class='ocrx_word' id='word_1_211' title='bbox 680 3192 802 3285; x_wconf 91' lang='lat' dir='ltr'>positio</span> <span class='ocrx_word' id='word_1_212' title='bbox 835 3199 944 3261; x_wconf 87' lang='lat' dir='ltr'>autem</span> <span class='ocrx_word' id='word_1_213' title='bbox 979 3189 1066 3262; x_wconf 92' lang='lat' dir='ltr'>illius</span> <span class='ocrx_word' id='word_1_214' title='bbox 1100 3212 1146 3261; x_wconf 86' lang='lat' dir='ltr'>ex</span> <span class='ocrx_word' id='word_1_215' title='bbox 1176 3213 1217 3267; x_wconf 89' lang='lat' dir='ltr'>ea</span> <span class='ocrx_word' id='word_1_216' title='bbox 1254 3212 1341 3285; x_wconf 91' lang='lat' dir='ltr'>quae</span> <span class='ocrx_word' id='word_1_217' title='bbox 1373 3189 1451 3260; x_wconf 90' lang='lat' dir='ltr'>olim</span> <span class='ocrx_word' id='word_1_218' title='bbox 1467 3185 1705 3283; x_wconf 72' lang='lat' dir='ltr'>¹usurpabatur</span> <span class='ocrx_word' id='word_1_219' title='bbox 1730 3187 1861 3278; x_wconf 88' lang='lat' dir='ltr'>lingua,</span> <span class='ocrx_word' id='word_1_220' title='bbox 1889 3183 1994 3279; x_wconf 84' lang='lat' dir='ltr'>qualis</span> <span class='ocrx_word' id='word_1_221' title='bbox 2020 3186 2053 3254; x_wconf 93' lang='lat' dir='ltr'>iu</span> 
     </span>
     <span class='ocr_line' id='line_1_25' title="bbox 679 3302 2052 3398; baseline -0.004 -22"><span class='ocrx_word' id='word_1_222' title='bbox 679 3304 774 3378; x_wconf 89' lang='lat' dir='ltr'>libris</span> <span class='ocrx_word' id='word_1_223' title='bbox 800 3302 959 3394; x_wconf 87' lang='lat' dir='ltr'>babetur,</span> <span class='ocrx_word' id='word_1_224' title='bbox 986 3303 1075 3376; x_wconf 93' lang='lat' dir='ltr'>nulla</span> <span class='ocrx_word' id='word_1_225' title='bbox 1102 3309 1274 3377; x_wconf 88' lang='lat' dir='ltr'>succurrit.</span> <span class='ocrx_word' id='word_1_226' title='bbox 1327 3304 1452 3374; x_wconf 91' lang='lat' dir='ltr'>Verum</span> <span class='ocrx_word' id='word_1_227' title='bbox 1489 3313 1603 3376; x_wconf 90' lang='lat' dir='ltr'>servat</span> <span class='ocrx_word' id='word_1_228' title='bbox 1635 3304 1854 3398; x_wconf 85' lang='lat' dir='ltr'>antiquissimi</span> <span class='ocrx_word' id='word_1_229' title='bbox 1889 3302 2052 3372; x_wconf 90' lang='lat' dir='ltr'>sermonis</span> 
     </span>
     <span class='ocr_line' id='line_1_26' title="bbox 679 3404 2052 3515; baseline -0.004 -25"><span class='ocrx_word' id='word_1_230' title='bbox 679 3420 842 3514; x_wconf 77' lang='lat' dir='ltr'>Aegyptii</span> <span class='ocrx_word' id='word_1_231' title='bbox 867 3418 1042 3514; x_wconf 89' lang='lat' dir='ltr'>reliquias,</span> <span class='ocrx_word' id='word_1_232' title='bbox 1069 3443 1178 3515; x_wconf 92' lang='lat' dir='ltr'>neque</span> <span class='ocrx_word' id='word_1_233' title='bbox 1205 3417 1416 3494; x_wconf 86' lang='lat' dir='ltr'>dubitandrun</span> <span class='ocrx_word' id='word_1_234' title='bbox 1445 3422 1523 3513; x_wconf 93' lang='lat' dir='ltr'>quin</span> <span class='ocrx_word' id='word_1_235' title='bbox 1549 3404 1667 3490; x_wconf 84' lang='lat' dir='ltr'>eadem</span> <span class='ocrx_word' id='word_1_236' title='bbox 1694 3421 1754 3507; x_wconf 90' lang='lat' dir='ltr'>sit,</span> <span class='ocrx_word' id='word_1_237' title='bbox 1782 3437 1847 3510; x_wconf 89' lang='lat' dir='ltr'>qua</span> <span class='ocrx_word' id='word_1_238' title='bbox 1864 3413 2052 3507; x_wconf 88' lang='lat' dir='ltr'>indigenae,</span> 
     </span>
     <span class='ocr_line' id='line_1_27' title="bbox 681 3533 1499 3630; baseline 0.005 -26"><span class='ocrx_word' id='word_1_239' title='bbox 681 3538 736 3628; x_wconf 92' lang='lat' dir='ltr'>qui</span> <span class='ocrx_word' id='word_1_240' title='bbox 763 3533 896 3606; x_wconf 88' lang='lat' dir='ltr'>Graece</span> <span class='ocrx_word' id='word_1_241' title='bbox 923 3533 1134 3626; x_wconf 89' lang='lat' dir='ltr'>nesciebant,</span> <span class='ocrx_word' id='word_1_242' title='bbox 1160 3541 1287 3630; x_wconf 91' lang='lat' dir='ltr'>passim</span> <span class='ocrx_word' id='word_1_243' title='bbox 1313 3537 1499 3611; x_wconf 90' lang='lat' dir='ltr'>utebantur.</span> 
     </span>
    </p>

    <p class='ocr_par' dir='ltr' id='par_1_6' title="bbox 356 3645 2052 3746">
     <span class='ocr_line' id='line_1_28' title="bbox 356 3645 2052 3746; baseline -0.006 -18"><span class='ocrx_word' id='word_1_244' title='bbox 356 3677 667 3730; x_wconf 75' lang='lat' dir='ltr'>Advcleranronumenta</span> <span class='ocrx_word' id='word_1_245' title='bbox 786 3649 839 3722; x_wconf 76' lang='lat' dir='ltr'>Ad</span> <span class='ocrx_word' id='word_1_246' title='bbox 869 3663 989 3723; x_wconf 72' lang='lat' dir='ltr'>vebel&#39;ss</span> <span class='ocrx_word' id='word_1_247' title='bbox 1022 3662 1255 3744; x_wconf 75' lang='lat' dir='ltr'>monumenta,</span> <span class='ocrx_word' id='word_1_248' title='bbox 1288 3652 1541 3742; x_wconf 75' lang='lat' dir='ltr'>obeliscorum,</span> <span class='ocrx_word' id='word_1_249' title='bbox 1579 3653 1606 3724; x_wconf 84' lang='grc' dir='ltr'>Ρ</span> <span class='ocrx_word' id='word_1_250' title='bbox 1608 3648 1816 3746; x_wconf 67' lang='lat' dir='ltr'>ylamidtllll,</span> <span class='ocrx_word' id='word_1_251' title='bbox 1858 3645 2052 3742; x_wconf 73' lang='lat' dir='ltr'>sphingum,</span> 
     </span>
    </p>

    <p class='ocr_par' dir='ltr' id='par_1_7' title="bbox 355 3761 2052 3863">
     <span class='ocr_line' id='line_1_29' title="bbox 355 3761 2052 3863; baseline 0 -35"><span class='ocrx_word' id='word_1_252' title='bbox 355 3762 667 3863; x_wconf 62' lang='lat' dir='ltr'>rprarpreranaaeouu-</span> <span class='ocrx_word' id='word_1_253' title='bbox 681 3775 714 3835; x_wconf 92' lang='lat' dir='ltr'>et</span> <span class='ocrx_word' id='word_1_254' title='bbox 742 3787 894 3838; x_wconf 90' lang='lat' dir='ltr'>arcarum</span> <span class='ocrx_word' id='word_1_255' title='bbox 921 3765 1155 3860; x_wconf 88' lang='lat' dir='ltr'>sepulcralium</span> <span class='ocrx_word' id='word_1_256' title='bbox 1182 3768 1400 3863; x_wconf 85' lang='lat' dir='ltr'>explicanda,</span> <span class='ocrx_word' id='word_1_257' title='bbox 1426 3767 1548 3840; x_wconf 91' lang='lat' dir='ltr'>inutilis</span> <span class='ocrx_word' id='word_1_258' title='bbox 1574 3766 1674 3862; x_wconf 90' lang='lat' dir='ltr'>plane</span> <span class='ocrx_word' id='word_1_259' title='bbox 1701 3761 1867 3835; x_wconf 90' lang='lat' dir='ltr'>censenda</span> <span class='ocrx_word' id='word_1_260' title='bbox 1887 3771 1959 3850; x_wconf 89' lang='lat' dir='ltr'>cst,</span> <span class='ocrx_word' id='word_1_261' title='bbox 1984 3781 2052 3829; x_wconf 93' lang='lat' dir='ltr'>ne-</span> 
     </span>
    </p>

    <p class='ocr_par' dir='ltr' id='par_1_8' title="bbox 354 3853 2061 4779">
     <span class='ocr_line' id='line_1_30' title="bbox 354 3853 2061 3976; baseline -0.005 -24"><span class='ocrx_word' id='word_1_262' title='bbox 354 3853 415 3904; x_wconf 70' lang='lat'>‘¹¹¹⁵&#39;</span> <span class='ocrx_word' id='word_1_263' title='bbox 682 3903 746 3975; x_wconf 90' lang='lat' dir='ltr'>que</span> <span class='ocrx_word' id='word_1_264' title='bbox 772 3885 880 3974; x_wconf 88' lang='lat' dir='ltr'>magis</span> <span class='ocrx_word' id='word_1_265' title='bbox 911 3879 1062 3953; x_wconf 91' lang='lat' dir='ltr'>abnormi</span> <span class='ocrx_word' id='word_1_266' title='bbox 1090 3880 1299 3976; x_wconf 84' lang='lat' dir='ltr'>Theologiae</span> <span class='ocrx_word' id='word_1_267' title='bbox 1331 3894 1484 3956; x_wconf 91' lang='lat' dir='ltr'>veterum</span> <span class='ocrx_word' id='word_1_268' title='bbox 1513 3885 1761 3976; x_wconf 73' lang='lat' dir='ltr'>Aegyptiorum</span> <span class='ocrx_word' id='word_1_269' title='bbox 1794 3875 2061 3969; x_wconf 84' lang='lat' dir='ltr'>cognoscendae</span> 
     </span>
     <span class='ocr_line' id='line_1_31' title="bbox 678 3989 2051 4093; baseline -0.003 -27"><span class='ocrx_word' id='word_1_270' title='bbox 678 4006 791 4090; x_wconf 89' lang='lat' dir='ltr'>potest</span> <span class='ocrx_word' id='word_1_271' title='bbox 817 3997 1016 4068; x_wconf 88' lang='lat' dir='ltr'>conducere.</span> <span class='ocrx_word' id='word_1_272' title='bbox 1070 3995 1258 4070; x_wconf 90' lang='lat' dir='ltr'>Periculum</span> <span class='ocrx_word' id='word_1_273' title='bbox 1285 4003 1313 4071; x_wconf 90' lang='lat' dir='ltr'>si</span> <span class='ocrx_word' id='word_1_274' title='bbox 1341 3998 1467 4071; x_wconf 91' lang='lat' dir='ltr'>dubitat</span> <span class='ocrx_word' id='word_1_275' title='bbox 1498 4002 1638 4093; x_wconf 89' lang='lat' dir='ltr'>quisque</span> <span class='ocrx_word' id='word_1_276' title='bbox 1670 3995 1772 4066; x_wconf 88' lang='lat' dir='ltr'>faciat</span> <span class='ocrx_word' id='word_1_277' title='bbox 1807 3997 1839 4064; x_wconf 94' lang='lat' dir='ltr'>in</span> <span class='ocrx_word' id='word_1_278' title='bbox 1873 3989 2051 4084; x_wconf 87' lang='lat' dir='ltr'>grandibus</span> 
     </span>
     <span class='ocr_line' id='line_1_32' title="bbox 678 4110 2050 4208; baseline -0.004 -28"><span class='ocrx_word' id='word_1_279' title='bbox 678 4110 879 4205; x_wconf 78' lang='lat' dir='ltr'>Aegyptiaci</span> <span class='ocrx_word' id='word_1_280' title='bbox 907 4110 1025 4206; x_wconf 89' lang='lat' dir='ltr'>Oedipi</span> <span class='ocrx_word' id='word_1_281' title='bbox 1052 4114 1170 4202; x_wconf 86' lang='lat' dir='ltr'>tomis,</span> <span class='ocrx_word' id='word_1_282' title='bbox 1197 4117 1231 4184; x_wconf 91' lang='lat' dir='ltr'>in</span> <span class='ocrx_word' id='word_1_283' title='bbox 1258 4114 1376 4208; x_wconf 93' lang='lat' dir='ltr'>quibus</span> <span class='ocrx_word' id='word_1_284' title='bbox 1404 4135 1631 4208; x_wconf 87' lang='lat' dir='ltr'>quaecumque</span> <span class='ocrx_word' id='word_1_285' title='bbox 1665 4111 1804 4200; x_wconf 70' lang='lat' dir='ltr'>alierum</span> <span class='ocrx_word' id='word_1_286' title='bbox 1839 4110 1943 4203; x_wconf 89' lang='lat' dir='ltr'>precii</span> <span class='ocrx_word' id='word_1_287' title='bbox 1974 4126 2050 4177; x_wconf 92' lang='lat' dir='ltr'>esse</span> 
     </span>
     <span class='ocr_line' id='line_1_33' title="bbox 677 4221 2051 4324; baseline -0.005 -27"><span class='ocrx_word' id='word_1_288' title='bbox 677 4237 833 4318; x_wconf 89' lang='lat' dir='ltr'>possunt,</span> <span class='ocrx_word' id='word_1_289' title='bbox 868 4226 999 4299; x_wconf 91' lang='lat' dir='ltr'>aliunde</span> <span class='ocrx_word' id='word_1_290' title='bbox 1024 4229 1129 4320; x_wconf 87' lang='lat' dir='ltr'>petita</span> <span class='ocrx_word' id='word_1_291' title='bbox 1155 4249 1254 4318; x_wconf 90' lang='lat' dir='ltr'>esse,</span> <span class='ocrx_word' id='word_1_292' title='bbox 1286 4233 1396 4302; x_wconf 88' lang='lat' dir='ltr'>statim</span> <span class='ocrx_word' id='word_1_293' title='bbox 1430 4227 1694 4324; x_wconf 89' lang='lat' dir='ltr'>deprehenditur.</span> <span class='ocrx_word' id='word_1_294' title='bbox 1754 4225 1792 4295; x_wconf 92' lang='lat' dir='ltr'>ln</span> <span class='ocrx_word' id='word_1_295' title='bbox 1826 4221 1890 4294; x_wconf 91' lang='lat' dir='ltr'>boc</span> <span class='ocrx_word' id='word_1_296' title='bbox 1925 4240 2051 4312; x_wconf 86' lang='lat' dir='ltr'>genero</span> 
     </span>
     <span class='ocr_line' id='line_1_34' title="bbox 680 4335 2052 4439; baseline -0.003 -29"><span class='ocrx_word' id='word_1_297' title='bbox 680 4337 808 4435; x_wconf 91' lang='lat' dir='ltr'>Copticl</span> <span class='ocrx_word' id='word_1_298' title='bbox 843 4341 917 4412; x_wconf 92' lang='lat' dir='ltr'>libri</span> <span class='ocrx_word' id='word_1_299' title='bbox 949 4339 1029 4412; x_wconf 91' lang='lat' dir='ltr'>nulli</span> <span class='ocrx_word' id='word_1_300' title='bbox 1065 4351 1156 4415; x_wconf 88' lang='lat' dir='ltr'>sunt:</span> <span class='ocrx_word' id='word_1_301' title='bbox 1193 4346 1227 4414; x_wconf 91' lang='lat' dir='ltr'>in</span> <span class='ocrx_word' id='word_1_302' title='bbox 1253 4343 1411 4418; x_wconf 85' lang='lat' dir='ltr'>Arabicis</span> <span class='ocrx_word' id='word_1_303' title='bbox 1448 4367 1587 4439; x_wconf 92' lang='lat' dir='ltr'>quorum</span> <span class='ocrx_word' id='word_1_304' title='bbox 1622 4359 1779 4413; x_wconf 88' lang='lat' dir='ltr'>numerus</span> <span class='ocrx_word' id='word_1_305' title='bbox 1814 4335 1957 4408; x_wconf 90' lang='lat' dir='ltr'>inlinitus</span> <span class='ocrx_word' id='word_1_306' title='bbox 1989 4345 2052 4423; x_wconf 90' lang='lat' dir='ltr'>est,</span> 
     </span>
     <span class='ocr_line' id='line_1_35' title="bbox 678 4451 2052 4555; baseline -0.005 -30"><span class='ocrx_word' id='word_1_307' title='bbox 678 4453 862 4527; x_wconf 81' lang='lat' dir='ltr'>fabularum</span> <span class='ocrx_word' id='word_1_308' title='bbox 889 4459 1168 4552; x_wconf 89' lang='lat' dir='ltr'>ineptissimarum</span> <span class='ocrx_word' id='word_1_309' title='bbox 1195 4481 1297 4551; x_wconf 90' lang='lat' dir='ltr'>seges</span> <span class='ocrx_word' id='word_1_310' title='bbox 1325 4459 1544 4555; x_wconf 73' lang='lat' dir='ltr'>amplissima,</span> <span class='ocrx_word' id='word_1_311' title='bbox 1572 4468 1607 4528; x_wconf 90' lang='lat' dir='ltr'>at</span> <span class='ocrx_word' id='word_1_312' title='bbox 1633 4455 1723 4551; x_wconf 92' lang='lat' dir='ltr'>quod</span> <span class='ocrx_word' id='word_1_313' title='bbox 1748 4453 1918 4526; x_wconf 89' lang='lat' dir='ltr'>Historiae</span> <span class='ocrx_word' id='word_1_314' title='bbox 1944 4451 2052 4523; x_wconf 87' lang='lat' dir='ltr'>veleri</span> 
     </span>
     <span class='ocr_line' id='line_1_36' title="bbox 677 4566 2051 4671; baseline -0.003 -31"><span class='ocrx_word' id='word_1_315' title='bbox 677 4571 785 4641; x_wconf 90' lang='lat' dir='ltr'>lucem</span> <span class='ocrx_word' id='word_1_316' title='bbox 814 4573 947 4661; x_wconf 90' lang='lat' dir='ltr'>allerat,</span> <span class='ocrx_word' id='word_1_317' title='bbox 975 4575 1038 4643; x_wconf 85' lang='lat' dir='ltr'>vix</span> <span class='ocrx_word' id='word_1_318' title='bbox 1065 4573 1241 4667; x_wconf 88' lang='lat' dir='ltr'>quidquam</span> <span class='ocrx_word' id='word_1_319' title='bbox 1267 4580 1429 4671; x_wconf 87' lang='lat' dir='ltr'>reperias.</span> <span class='ocrx_word' id='word_1_320' title='bbox 1461 4573 1551 4646; x_wconf 89' lang='lat' dir='ltr'>Urbs</span> <span class='ocrx_word' id='word_1_321' title='bbox 1577 4571 1667 4643; x_wconf 88' lang='lat' dir='ltr'>nulla</span> <span class='ocrx_word' id='word_1_322' title='bbox 1695 4579 1747 4642; x_wconf 90' lang='lat' dir='ltr'>est</span> <span class='ocrx_word' id='word_1_323' title='bbox 1773 4570 1866 4659; x_wconf 87' lang='lat' dir='ltr'>cujus</span> <span class='ocrx_word' id='word_1_324' title='bbox 1894 4566 2051 4639; x_wconf 88' lang='lat' dir='ltr'>condito-</span> 
     </span>
     <span class='ocr_line' id='line_1_37' title="bbox 678 4686 2053 4779; baseline -0.004 -24"><span class='ocrx_word' id='word_1_325' title='bbox 678 4707 750 4756; x_wconf 90' lang='lat' dir='ltr'>rem</span> <span class='ocrx_word' id='word_1_326' title='bbox 784 4708 851 4758; x_wconf 94' lang='lat' dir='ltr'>non</span> <span class='ocrx_word' id='word_1_327' title='bbox 885 4690 1056 4758; x_wconf 90' lang='lat' dir='ltr'>nominent</span> <span class='ocrx_word' id='word_1_328' title='bbox 1094 4686 1255 4761; x_wconf 86' lang='lat' dir='ltr'>blisraimi</span> <span class='ocrx_word' id='word_1_329' title='bbox 1281 4689 1399 4779; x_wconf 83' lang='lat' dir='ltr'>lilium,</span> <span class='ocrx_word' id='word_1_330' title='bbox 1436 4698 1491 4760; x_wconf 90' lang='lat' dir='ltr'>aut</span> <span class='ocrx_word' id='word_1_331' title='bbox 1522 4711 1569 4758; x_wconf 83' lang='lat' dir='ltr'>ex</span> <span class='ocrx_word' id='word_1_332' title='bbox 1602 4689 1674 4778; x_wconf 87' lang='lat' dir='ltr'>ejus</span> <span class='ocrx_word' id='word_1_333' title='bbox 1708 4693 1899 4758; x_wconf 89' lang='lat' dir='ltr'>stemmate:</span> <span class='ocrx_word' id='word_1_334' title='bbox 1934 4691 2053 4752; x_wconf 89' lang='lat' dir='ltr'>vetera</span> 
     </span>
    </p>
   </div>
   <div class='ocr_carea' id='block_1_3' title="bbox 679 4798 2076 5015">
    <p class='ocr_par' dir='ltr' id='par_1_9' title="bbox 679 4798 2076 5015">
     <span class='ocr_line' id='line_1_38' title="bbox 679 4798 2051 4901; baseline 0 -33"><span class='ocrx_word' id='word_1_335' title='bbox 679 4798 849 4890; x_wconf 87' lang='lat' dir='ltr'>aedilicia,</span> <span class='ocrx_word' id='word_1_336' title='bbox 876 4810 932 4872; x_wconf 90' lang='lat' dir='ltr'>aut</span> <span class='ocrx_word' id='word_1_337' title='bbox 958 4813 1169 4875; x_wconf 90' lang='lat' dir='ltr'>monumenta</span> <span class='ocrx_word' id='word_1_338' title='bbox 1195 4804 1345 4901; x_wconf 87' lang='lat' dir='ltr'>Josepbo</span> <span class='ocrx_word' id='word_1_339' title='bbox 1372 4803 1604 4893; x_wconf 89' lang='lat' dir='ltr'>Patrinrcbae,</span> <span class='ocrx_word' id='word_1_340' title='bbox 1631 4801 1804 4874; x_wconf 89' lang='lat' dir='ltr'>Salomoni</span> <span class='ocrx_word' id='word_1_341' title='bbox 1821 4809 1876 4869; x_wconf 90' lang='lat' dir='ltr'>aut</span> <span class='ocrx_word' id='word_1_342' title='bbox 1893 4799 2051 4870; x_wconf 81' lang='lat' dir='ltr'>Alexan-</span> 
     </span>
     <span class='ocr_line' id='line_1_39' title="bbox 679 4913 2076 5015; baseline 0.004 -32"><span class='ocrx_word' id='word_1_343' title='bbox 679 4913 739 4984; x_wconf 94' lang='lat' dir='ltr'>dro</span> <span class='ocrx_word' id='word_1_344' title='bbox 767 4914 936 4988; x_wconf 89' lang='lat' dir='ltr'>autoribus</span> <span class='ocrx_word' id='word_1_345' title='bbox 962 4913 1114 4991; x_wconf 90' lang='lat' dir='ltr'>tribuunt.</span> <span class='ocrx_word' id='word_1_346' title='bbox 1168 4917 1389 4994; x_wconf 90' lang='lat' dir='ltr'>Cbaracteres</span> <span class='ocrx_word' id='word_1_347' title='bbox 1411 4919 1528 5015; x_wconf 89' lang='lat' dir='ltr'>quibus</span> <span class='ocrx_word' id='word_1_348' title='bbox 1545 4917 1695 4991; x_wconf 88' lang='lat' dir='ltr'>Obelisci</span> <span class='ocrx_word' id='word_1_349' title='bbox 1722 4926 1778 4988; x_wconf 88' lang='lat' dir='ltr'>aut</span> <span class='ocrx_word' id='word_1_350' title='bbox 1801 4914 1925 4987; x_wconf 83' lang='lat' dir='ltr'>ferales</span> <span class='ocrx_word' id='word_1_351' title='bbox 1953 4933 2076 4988; x_wconf 88' lang='lat' dir='ltr'>arcae.</span> 
     </span>
    </p>
   </div>
   <div class='ocr_carea' id='block_1_4' title="bbox 0 0 2384 6038">
    <p class='ocr_par' dir='ltr' id='par_1_10' title="bbox 0 0 2384 6038">
     <span class='ocr_line' id='line_1_40' title="bbox 0 0 2384 6038; baseline 0 0"><span class='ocrx_word' id='word_1_352' title='bbox 0 0 2384 6038; x_wconf 95' lang='lat' dir='ltr'> </span> 
     </span>
    </p>
   </div>
  </div>
 </body>
</html>
