4686 6060
692 527 803 638 '302
1105 558 1710 639 onrlrarlncnl

725 759 838 824 tamen
864 773 963 823 nemo
990 752 1154 821 meminit:
1180 771 1247 820 non
1275 751 1349 844 ipse
1374 745 1617 846 Hieronymus,
1646 750 1700 842 qui
1725 769 1843 843 pamm
1868 747 1991 822 favens
2013 746 2102 844 Epi-

727 887 903 960 scopomm
932 865 1117 954 autoritati,
1144 863 1369 936 Ordinationis
1396 873 1507 935 tamen
1533 866 1829 960 praerogativam,
1863 886 1905 936 eo
1934 869 2010 959 ipso
2038 885 2102 959 quo

726 981 903 1054 abutuntur
928 980 1098 1052 Haeretici
1124 983 1313 1052 testimonio
1348 979 1538 1068 confirmat,
1572 1001 1637 1073 qua
1674 977 1842 1074 simplices
1878 979 2102 1076 Presbpteros

727 1096 917 1192 superent?
950 1095 1010 1168 His
1044 1094 1181 1187 adjungi
1208 1103 1320 1192 potest
1347 1103 1575 1187 argumentum
1602 1117 1648 1166 ex
1674 1097 1747 1190 ipso
1774 1093 1940 1190 Eutychio
1966 1099 2102 1192 petitum

728 1215 784 1308 qui
809 1221 888 1309 post
914 1223 1045 1307 captam
1072 1189 1285 1306 Aegyptum,
1320 1211 1419 1284 docet
1446 1209 1619 1282 Melcbitas
1646 1233 1748 1301 suos,
1787 1233 1862 1282 cum
1888 1210 2102 1284 Alexandri-

726 1350 804 1400 num
820 1326 1046 1399 Patriarcbam
1072 1349 1135 1423 per
1162 1349 1267 1400 annos
1294 1330 1477 1418 nonaginta
1504 1336 1633 1420 septem
1659 1348 1727 1398 non
1752 1324 1932 1413 baberent,
1960 1325 2002 1396 ad
2015 1324 2101 1420 Epi-

729 1464 853 1539 scopus
881 1443 964 1538 Tyri
999 1445 1131 1515 misisse
1167 1441 1370 1514 ordinandos
1404 1439 1603 1537 Episcopos.
1670 1441 1708 1514 Si
1740 1440 1824 1513 haee
1860 1441 1991 1514 traditio
2023 1451 2102 1514 nota

726 1558 862 1648 luisset,
890 1568 963 1629 erat
987 1565 1065 1629 tuno
1090 1559 1123 1628 in
1150 1579 1277 1630 summa
1310 1579 1422 1629 rerum
1454 1560 1657 1629 necessitate
1689 1557 1802 1646 locus,
1838 1566 1873 1627 ut
1906 1555 2101 1654 Presbyteri

723 1676 838 1750 veteri
863 1671 920 1744 illo
947 1695 1008 1746 suo
1031 1677 1109 1765 jure
1135 1683 1322 1745 uterentur:
1350 1695 1460 1768 neque
1486 1696 1561 1745 eum
1588 1675 1686 1744 tantis
1713 1673 1868 1768 periculis
1896 1683 1994 1745 extra
2016 1696 2103 1769 pro-

728 1791 871 1860 vinciam
900 1787 1127 1860 ordinationes
1153 1797 1354 1884 peterentur.
1381 1788 1528 1877 Vemm,
1555 1796 1591 1858 ut
1618 1799 1714 1860 autor
1739 1788 1908 1861 Historiae
1924 1787 2102 1861 Ecclesia-

727 1906 833 1976 sticae
859 1913 952 1976 recte
979 1903 1193 1993 observavit,
1219 1914 1287 1976 tam
1315 1907 1440 1996 exigua
1468 1912 1520 1978 est
1547 1903 1687 1976 bominis
1714 1902 1864 1996 barbari,
1899 1913 1933 1976 et
1965 1905 2101 1977 saeculo

727 2020 770 2092 X.
799 2018 973 2092 scribentis
1000 2021 1181 2110 autoritas,
1209 2019 1251 2091 de
1277 2017 1341 2091 illis
1367 2018 1470 2092 rebus
1498 2042 1585 2115 qnae
1612 2018 1760 2093 secundo
1794 2020 1853 2092 vel
1885 2023 1984 2092 tertio
2019 2042 2101 2092 sae-

730 2136 806 2209 culo
843 2145 963 2227 gestae
998 2145 1092 2224 sunt,
1129 2146 1164 2207 ut
1199 2158 1274 2207 eum
1300 2133 1406 2207 fusius
1441 2136 1599 2208 refellere
1626 2159 1731 2232 opera
1763 2139 1805 2208 sit
1836 2133 1927 2207 abuti
1957 2157 2028 2208 sua.
2068 2135 2103 2207 Si

728 2262 839 2323 tamen
866 2259 957 2324 tanta
983 2252 1116 2324 videtur
1143 2272 1222 2324 esse
1248 2251 1529 2340 Protestantibus,
1566 2261 1748 2346 sequantur
1779 2273 1856 2323 eam
1884 2255 1918 2322 in
1952 2251 2102 2324 omnibus

729 2368 803 2440 aliis
830 2367 906 2439 lidei
933 2375 989 2439 aut
1015 2367 1210 2462 disciplinae
1236 2365 1418 2462 capitibus,
1445 2378 1479 2439 et
1506 2389 1545 2442 se
1572 2377 1670 2438 extra
1687 2366 1878 2441 Ecclesiam
1896 2355 2102 2440 (letbolioam

421 1383 530 1454 Eutycb.
549 1387 715 1457 lma-385.

730 2505 808 2558 esse
835 2485 944 2556 statim
972 2492 1168 2575 agnoscent.

440 2607 717 2678 troouseugennra-
833 2598 957 2671 XXIX.
983 2598 1109 2670 Vemm
1135 2607 1172 2670 ut
1193 2600 1263 2690 jam
1292 2596 1334 2669 ad
1355 2597 1489 2670 modum
1508 2597 1681 2671 electionis
1704 2597 1952 2671 inPatriarcbis
1977 2621 2102 2670 crean-

405 2694 551 2748 irrueram.
730 2713 781 2786 dis
808 2697 1024 2784 observatum
1050 2716 1243 2802 veniamus,
1270 2734 1357 2808 quae
1384 2721 1461 2784 ante
1487 2713 1802 2787 lllubamedanomm
1837 2725 1988 2810 tempora
2014 2714 2103 2787 lacta

730 2838 818 2918 sunt,
846 2831 1036 2918 omittimus,
1064 2831 1140 2922 quia
1167 2826 1287 2899 ntrllam
1323 2827 1555 2901 Alexandrina
1589 2826 1743 2904 Ecclesia
1778 2829 1982 2922 singularem
2017 2852 2104 2902 con-

730 2943 934 3016 suetudinem
961 2941 1093 3034 babuit,
1118 2945 1183 3015 nisi
1207 2942 1356 3018 fortasse
1378 2946 1433 3035 jus
1460 2943 1539 3016 illud
1565 2943 1870 3040 Presbyteromm,
1897 2955 1932 3016 ut
1945 2968 2047 3018 unum
2061 2967 2104 3016 ex

729 3081 869 3131 numero
897 3081 959 3133 suo
987 3057 1168 3151 eligerent,
1197 3057 1285 3153 quod
1313 3057 1389 3131 alibi
1416 3063 1518 3132 etiam
1551 3058 1816 3148 observabatur,
1850 3064 1895 3132 ita
1928 3069 2039 3132 tamen
2071 3069 2104 3130 ut

730 3173 850 3247 electio
877 3174 992 3270 populi
1017 3173 1185 3266 suliragiis
1213 3174 1478 3262 confirmaretur,
1513 3183 1547 3246 et
1573 3174 1615 3247 ab
1642 3172 1822 3270 Episcopis
1850 3177 2104 3248 consecratione

729 3289 956 3385 perficeretur.
1010 3288 1213 3363 Athanasius
1240 3298 1313 3361 erat
1339 3294 1372 3360 in
1400 3289 1516 3363 ordine
1541 3290 1766 3378 Diaconatos,
1800 3313 1874 3362 cum
1907 3289 1949 3362 ad
1981 3313 2104 3386 supre-

729 3428 818 3477 mam
844 3404 1020 3477 Ecclesiae
1047 3426 1129 3478 suac
1156 3404 1348 3498 dignitatem
1376 3415 1541 3478 assumtus
1569 3415 1635 3478 est:
1664 3427 1780 3478 omnes
1801 3405 1966 3478 electione
1986 3405 2105 3501 plebis,

730 3519 942 3594 sacerdotum
967 3531 1000 3592 et
1020 3519 1266 3624 Episcoporum
1295 3519 1337 3592 ad
1363 3518 1623 3593 Patriarcbatum
1642 3531 1889 3615 pervenerunt,
1916 3544 1985 3594 non
2004 3520 2103 3594 modo

730 3636 904 3710 Athanasii
931 3658 1149 3712 successores
1176 3639 1289 3733 primi,
1316 3645 1492 3731 antequam
1517 3633 1673 3707 Ecclesia
1702 3636 1908 3708 scinderetur
1943 3658 1964 3708 a
1996 3639 2105 3710 Jaco-

728 3751 821 3824 bitis:
857 3753 917 3826 sed
949 3757 1048 3825 etiam
1084 3755 1140 3848 qui
1172 3752 1361 3842 Dioscoro,
1394 3750 1450 3824 ubi
1482 3753 1516 3822 in
1551 3751 1654 3822 exilio
1688 3759 1838 3824 mortuus
1872 3761 1942 3843 est,
1983 3776 2004 3823 a
2038 3755 2104 3826 suis

731 3868 953 3940 sectatoribus
980 3867 1108 3941 sullecti
1135 3877 1219 3940 sont.
1254 3867 1423 3942 Constans
1452 3866 1493 3939 ab
1522 3889 1564 3940 eo
1591 3877 1743 3960 temporo
1770 3866 1941 3963 disciplina
1968 3866 2047 3956 luit,
2073 3877 2107 3938 nt

729 3994 808 4078 post
850 3983 973 4056 obitum
1012 3982 1277 4056 Patriarcbamm
1314 3983 1474 4080 Episcopi
1509 3981 1751 4058 Alexandriam
1795 3985 2035 4072 convenirent,
2074 3991 2106 4053 et

702 4106 907 4194 ,postquam
933 4098 1166 4171 blobamedani
1191 4122 1303 4171 rerum
1329 4103 1424 4195 potiti
1460 4107 1553 4188 sunt,
1588 4096 1764 4191 aliquando
1799 4097 1943 4171 Cabirae
1973 4098 2105 4171 comitia

711 4213 968 4287 'Patriarcbalia
994 4213 1105 4287 habita
1133 4225 1225 4287 sunt:
1254 4213 1454 4310 abquamdiu
1480 4213 1675 4286 alternatum
1701 4221 1773 4304 est,
1808 4216 1854 4285 ita
1886 4223 1921 4284 ut
1946 4211 2105 4284 Alexan-

730 4330 842 4418 driae,
870 4342 904 4403 et
931 4331 1007 4404 dein
1034 4328 1178 4404 Cabirae
1205 4333 1450 4403 conveniretur.
1476 4328 1521 4401 Et
1548 4331 1577 4402 si
1604 4327 1736 4422 quando
1765 4330 1862 4400 vices
1895 4335 1990 4399 erant
2015 4327 2105 4402 Ale-

728 4444 967 4519 xandrinorum
995 4454 1164 4517 ettamen
1193 4449 1227 4516 in
1260 4445 1365 4517 altera
1397 4442 1482 4517 urbe
1517 4441 1784 4532 celebrarentur,
1818 4442 2042 4517 Alexandrini
2074 4445 2105 4513 in

731 4561 894 4633 electione
921 4564 1120 4656 praecipuas
1146 4571 1260 4657 partes
1287 4558 1463 4634 habebant.

449 4683 498 4747 out
515 4687 547 4740 aa
566 4684 717 4737 erectionem
835 4677 943 4749 XXX.
972 4676 1036 4762 Qui
1061 4697 1164 4770 porro
1193 4675 1234 4749 ad
1261 4699 1302 4748 ea
1330 4676 1569 4762 convenirent,
1597 4673 1696 4746 docet
1721 4695 1785 4746 nos
1813 4673 2003 4769 exemplum
2024 4672 2104 4743 lite·

404 4775 582 4827 ⁰⁰¹¹l⁰¹¹¹¹⁸¹¹l
730 4813 842 4864 rarum
869 4795 1105 4886 svstaticarum
1133 4814 1219 4886 quae
1246 4798 1363 4863 extant
1388 4794 1422 4861 in
1448 4787 1632 4861 Pontificali
1659 4797 1693 4858 et
1718 4791 1751 4860 in
1769 4787 1977 4862 Collectione
1991 4786 2104 4864 Abul-

728 4907 858 4996 bircat,
884 4929 1005 5003 nempe
1021 4905 1201 5002 Episcopi,
1223 4905 1362 4995 clerus,
1390 4913 1424 4978 et
1449 4907 1611 5000 primores
1626 4904 1874 4991 Alexandriae,
1901 4915 1969 4975 tum
1986 4901 2103 4976 Clerus

730 5033 764 5094 et
789 5025 961 5119 praecipui
986 5019 1079 5096 urbis
1105 5021 1249 5110 illisrae,
1277 5025 1354 5096 sive
1381 5019 1543 5110 Oahirac,
1570 5027 1671 5112 atque
1696 5021 1743 5091 ita
1770 5027 1960 5092 constanter
1979 5015 2104 5091 obser-
