4684 6042
670 471 744 546 132
1181 465 1539 544 LITURGIA

669 681 767 754 quem
780 655 856 748 tibi,
869 680 944 729 cnm
957 661 1031 753 ipso
1044 665 1077 728 et
1090 654 1215 750 Spiritu
1225 664 1342 727 sancto
1387 645 1432 727 οὗ
1449 675 1508 726 σοι
1528 648 1598 726 σύν
1623 649 1723 748 αὐτῷ
1747 649 1809 725 καί
1832 647 1925 750 ύγίῳ
1946 647 2060 726 πνεύ-

669 765 795 854 gratias
814 771 976 853 agoniae,
1004 760 1171 832 ollerimus
1186 762 1343 831 rationa—
1386 785 1475 845 ματι
1495 752 1795 853 εὐχαριστοῦντες,
1811 757 2059 853 προςφίρομον

668 863 769 936 bdem
796 873 829 934 et
853 867 1058 936 incruentam
1075 862 1254 958 λατρείαν,
1280 883 1342 934 seu
1385 855 1453 955 τήν
1477 855 1629 959 λογικήν
1655 859 1717 933 καί
1739 855 1964 951 ἀναίμακτον
1990 862 2060 933 λα-

670 967 871 1040 oblationem
883 965 985 1055 banc,
1002 989 1099 1061 quam
1119 965 1259 1037 offerunt
1271 963 1342 1054 tibi,
1384 962 1506 1061 τρείαν
1530 959 1683 1060 ταύτην,
1714 959 1759 1058 ἢν
1783 964 1969 1060 προςφίρει
2000 985 2058 1035 σοι

670 1070 831 1159 Domine,
870 1091 990 1142 omnes
1030 1079 1149 1162 gentes
1192 1068 1234 1141 ab
1268 1077 1344 1140 ortu
1386 1064 1486 1166 κύριε
1503 1062 1621 1141 πάντα
1639 1065 1684 1141 τοί
1707 1067 1812 1161 ἔθνη,
1834 1061 1904 1140 ἀπὸ
1921 1061 2058 1138 ἀνατο-

670 1173 762 1246 Solis
773 1195 879 1268 usque
894 1173 936 1245 ad
950 1195 1126 1262 occasum;
1156 1170 1342 1268 aSepten·
1386 1175 1461 1246 λῶν
1476 1168 1582 1265 ἡλίου
1598 1168 1658 1244 καί
1674 1175 1780 1269 μέχρι
1798 1167 1968 1261 δυσμῶν·
1986 1164 2057 1242 ἀπὸ

670 1279 794 1366 trione,
821 1276 863 1347 nd
878 1274 1068 1348 Meridiem:
1096 1281 1173 1372 quia
1186 1297 1341 1367 magnum
1385 1272 1521 1368 ι’ίρκτου
1541 1272 1602 1349 καί
1618 1273 1857 1372 μεσημβρίας·
1882 1269 1941 1344 Ιὅτι
1963 1276 2057 1372 μίγα

669 1401 793 1452 nomen
819 1389 908 1451 tuum
935 1381 980 1450 na
996 1377 1148 1452 omnibus
1174 1377 1342 1471 genubus,
1384 1375 1427 1451 τὸ
1445 1374 1562 1471 ύνομοί
1580 1401 1649 1450 σου
1665 1381 1704 1453 ἐν
1724 1381 1813 1452 πᾶσι
1832 1383 1906 1458 τοῖς
1919 1375 2057 1463 ἔθνεσι,

670 1491 705 1555 et
730 1486 763 1553 in
791 1486 880 1555 omni
906 1482 983 1555 loco
1010 1485 1179 1554 incensum
1207 1480 1343 1555 offertur
1385 1478 1445 1556 καί
1462 1484 1500 1555 ἐν
1516 1479 1625 1570 παντί
1640 1478 1740 1576 τόπῳ
1756 1477 1930 1596 θυμίαμα
1946 1507 2057 1576 προς-

669 1588 794 1658 nomini
820 1597 937 1658 sancto
963 1597 1039 1678 tuo,
1074 1596 1107 1658 et
1133 1585 1342 1676 sacrificium,
1385 1588 1527 1683 φέρεται
1550 1589 1603 1680 τῷ
1623 1581 1775 1680 ὀνόματι
1789 1581 1882 1685 ἁγίῳ
1899 1605 1979 1672 σου,
1996 1579 2057 1655 καί

670 1699 704 1761 el
730 1688 863 1762 oblatio.
1385 1687 1502 1762 θυσία
1517 1686 1578 1761 καί
1594 1683 1789 1787 προςφοροί.

724 1791 826 1864 Certe
851 1815 1029 1888 precamur
1055 1802 1089 1864 ct
1111 1792 1341 1881 obsecramus,
1438 1789 1511 1865 Kal
1529 1787 1689 1886 δεόμεθα
1703 1789 1763 1866 καί
1779 1792 2057 1888 παρακαλούμν

670 1892 802 1967 humani
828 1899 963 1988 generis
991 1907 1121 1969 amator
1146 1893 1250 1967 bone:
1296 1931 1300 1938 ·
1385 1917 1423 1969 ce
1440 1891 1680 1993 φιλάνθρωπα
1696 1892 1823 1995 ἀγαθέ.

723 1998 910 2087 Memento,
929 2001 1089 2089 Domine,
1110 2009 1260 2088 sanctae,
1275 2020 1340 2071 so·
1438 1995 1644 2094 Μνὴσθητι
1664 1994 1764 2096 κύριε
1789 2004 1850 2094 τῆς
1874 1999 1977 2100 ἁγίας
1996 2004 2058 2075 καί

670 2101 801 2197 liusque
822 2099 1014 2175 Catholicae
1034 2103 1227 2190 Ecclesiae,
1256 2124 1341 2196 quae
1384 2098 1498 2198 μόνης
1520 2104 1717 2198 καθολικῆς
1740 2101 1800 2175 καί
1822 2100 2057 2200 οίαοστολικῆς

672 2203 837 2277 afinibus
865 2214 976 2278 terrae
1003 2206 1044 2279 ad
1078 2206 1227 2297 ejusdem
1259 2202 1342 2276 fines
1385 2205 1589 2302 ἐκκλησίας,
1619 2211 1680 2302 τῆς
1706 2203 1777 2280 ἀπὸ
1802 2213 1866 2306 γῆς
1891 2204 2056 2305 περάτων

670 2306 802 2382 ultimos
814 2308 1015 2399 diffunditur,
1044 2312 1188 2382 omnium
1202 2308 1343 2402 denique
1386 2311 1492 2408 μέχρι
1507 2315 1582 2384 τῶν
1594 2306 1759 2406 περάτων
1773 2307 2056 2405 abalienabatur

669 2410 890 2508 populorum,
910 2423 944 2483 et
959 2415 1102 2485 omnium
1117 2410 1253 2484 ovilium
1261 2420 1342 2482 tuo-
1385 2419 1460 2488 τῶν
1481 2417 1592 2500 λαιύν,
1615 2410 1676 2487 καί
1698 2410 1848 2488 πάντων
1875 2421 1950 2490 τῶν
1972 2443 2058 2489 ποι-

670 2536 752 2585 rum.
1385 2514 1505 2611 μνίανν
1524 2539 1601 2589 σου.

723 2616 868 2709 Pacem,
895 2643 981 2716 quae
1009 2619 1050 2691 de
1066 2617 1164 2690 coelo
1179 2625 1246 2705 est,
1266 2616 1342 2689 lar·
1444 2617 1518 2716 Τὴν
1543 2619 1582 2698 ἐξ
1612 2615 1769 2717 ούρανοῦ
1790 2616 1934 2718 εἰρήνην
1959 2615 2058 2718 βρύ-

671 2735 746 2826 gire
771 2738 895 2807 nostris
911 2739 1053 2807 omnium
1072 2732 1249 2824 cordibus,
1276 2727 1343 2806 imo
1386 2725 1523 2819 βευσον
1545 2732 1621 2806 ταῖς
1642 2721 1815 2800 ἁπάντων
1838 2723 1943 2820 ἡμῶν
1965 2751 2058 2823 καρ-

671 2859 707 2921 et
738 2852 828 2922 uitae
853 2849 950 2943 hujus
976 2875 1094 2947 pacem
1119 2849 1218 2924 nobis
1246 2849 1342 2922 dona.
1388 2823 1611 2955 ὃξαίέζᾰύίᾶ
1635 2824 1697 2954 ξαί
1722 2825 1904 2952 ῖῆνβῖθυ
1926 2828 2058 2902 wilm

1386 2957 1454 3026 την
1478 2957 1622 3029 ειρηνην
1638 2940 1726 3026 ημῖν
1749 2927 1920 3029 δωρησαα

722 3037 872 3131 Regem,
887 3039 1029 3112 Ordines
1042 3038 1219 3130 militares,
1238 3041 1342 3112 Prin·
1443 3031 1516 3107 Τὸν
1540 3034 1714 3129 βασιλέα,
1738 3031 1784 3107 τοί
1807 3031 2059 3133 στρατιωτικοί,

672 3157 781 3251 cipes,
809 3155 952 3228 Senatus
980 3166 1013 3228 et
1039 3155 1198 3244 concilia,
1226 3179 1342 3252 popu·
1385 3133 1470 3220 τούς
1492 3135 1688 3268 dpxomofc3
1713 3135 1875 3268 βουλάςη
1909 3135 2060 3262 ὃῆξιθυςι

670 3270 741 3359 los,
775 3272 931 3360 vicinias,
964 3275 1136 3364 introitus,
1170 3282 1205 3344 et
1234 3274 1344 3345 exitus
1387 3267 1581 3370 Ζειῖθίιαςι
1622 3237 1775 3325 ίιςθὸθυς
1815 3269 1875 3315 ²⁰⁸⁶
1914 3239 2060 3328 ‘’5⁰³⁰‘’ss

1661 3340 1669 3366 '
1769 3347 1778 3369 a
1816 3342 1824 3367 Ι
2027 3342 2034 3367 ι

669 3398 825 3480 ¹¹⁰⁵ls⁰Sa
851 3391 886 3460 in
913 3391 1112 3486 0¹¹1¹¹ipacc
1139 3390 1317 3485 dispomto,
1386 3373 1529 3543 mgr
1548 3348 1587 3420 ἐν
1619 3369 1716 3440 neap
1750 3373 1870 3445 “tivit
1900 3372 2060 3420 aecano-

722 3540 801 3613 ch
826 3545 935 3637 pacis,
963 3553 1051 3614 tuam
1077 3565 1194 3640 pacem
1213 3542 1255 3615 da
1273 3564 1343 3616 no·
1438 3556 1597 3626 Βασιλεῡ
1626 3557 1687 3646 τῆς
1713 3547 1866 3650 εἰρήνης,
1896 3550 1964 3649 τήν
1990 3549 2061 3649 σῆγ

668 3657 741 3748 bis,
768 3664 802 3731 in
818 3659 998 3732 concordia
1013 3669 1046 3732 et
1061 3659 1237 3752 charitate,
1253 3649 1343 3756 pos'-
1387 3650 1529 3752 εἰρήνην
1555 3651 1619 3737 δὸς
1642 3654 1732 3752 ἡμῖν
1757 3659 1796 3730 ἐν
1821 3656 1975 3753 ὁμονοίᾳ
1999 3655 2060 3730 καί

670 3775 742 3849 side
768 3797 832 3849 nos
860 3799 881 3848 o
908 3776 1017 3848 Deus:
1045 3775 1141 3849 alium
1159 3787 1295 3874 praeter
1310 3785 1344 3848 te
1387 3755 1523 3885 ἀγάπη·
1546 3763 1676 3854 κτῆσαι
1696 3757 1788 3854 ἡμᾶς
1804 3758 1825 3832 ὁ
1842 3757 1940 3851 θεός,
1962 3757 2060 3844 ἐκτός

669 3916 738 3967 non
763 3895 937 3982 novimus,
965 3915 1088 3966 nomen
1114 3902 1204 3965 tuum
1229 3896 1343 3966 nomi-
1386 3885 1455 3935 σου
1475 3865 1588 3936 αλλθγ
1607 3859 1673 3936 Οὐκ
1692 3862 1858 3958 θῖἷίαμδΥ
1876 3861 1917 3937 ῖό
1941 3861 2059 3978 ὅῖθμᾶ

670 4031 804 4082 namus:
846 4008 982 4082 vivifica
1018 4019 1153 4083 nostras
1198 4013 1341 4082 omnirun
1386 3989 1458 4093 (ζου,
1479 3962 1724 4079 ὀνθμάζομίν
1752 3967 1978 4060 ζωθπθῖησον
1998 3966 2060 4051 τᾶς

1587 4067 1596 4094 a
1642 4075 1657 4091 .
1792 4068 1800 4093 ι
1898 4068 1907 4097 a
1964 4069 1972 4094 ι

671 4129 817 4216 animas,
855 4133 888 4196 et
919 4147 988 4198 nen
1011 4125 1222 4221 praevalebit
1250 4147 1342 4200 mors
1385 4095 1558 4246 Ξῖἓανιτων
1574 4097 1680 4245 §W
1701 4091 1829 4199 Ψυχῗῆ
1846 4097 1906 4202 καί
1922 4099 1975 4168 μη
1991 4099 2061 4197 καῖ

1443 4197 1546 4268 χυσει
1606 4199 1737 4258 ανατος
1768 4203 1944 4270 αμαρτιας
1972 4177 2051 4248 καθ

668 4245 801 4340 pcccati
834 4251 950 4313 contra
979 4263 1060 4332 nos,
1091 4264 1201 4337 neque
1226 4252 1343 4330 contra
1386 4274 1504 4372 ,pm-W,
1523 4273 1617 4373 paee
1631 4275 1723 4351 mp
1740 4277 1873 4360 mdc
1891 4283 1959 4352 τοῦ
1971 4283 2063 4353 λαοῦ

671 4369 777 4431 totum
795 4357 958 4467 populum
983 4369 1083 4430 tuum.
1387 4402 1464 4454 σου,

724 4497 915 4589 Aegrotas,
948 4496 1113 4586 Domine,
1151 4496 1265 4594 populi
1298 4499 1345 4570 tui
1444 4492 1534 4578 Τούς
1550 4501 1747 4582 νοσοῦντας
1762 4495 1863 4599 κύριε
1884 4504 1951 4573 τοῦ
1971 4504 2062 4574 λαοῦ

673 4603 813 4674 visitans
840 4604 874 4673 in
900 4598 1127 4673 misericordia
1148 4609 1181 4673 et
1196 4604 1344 4674 misera·
1387 4622 1456 4673 σου
1490 4597 1768 4696 ἐπισκεψάμενος
1802 4605 1840 4678 ἒν
1876 4605 1959 4677 ἐλεέι
2000 4600 2061 4676 καί

672 4704 818 4777 tionibus
846 4726 938 4776 sana.
1387 4705 1584 4801 οίκτιρμοῖς
1602 4701 1708 4779 ἴασαι.

725 4827 856 4897 Averle
874 4825 915 4896 ab
929 4827 990 4912 eis,
1010 4831 1043 4895 et
1058 4848 1077 4896 a
1092 4822 1190 4897 nobis
1213 4847 1346 4898 omnem
1437 4819 1658 4921 Ἀπόστησον
1676 4821 1735 4900 ἀπ’
1755 4822 1894 4916 αὐτῶν,
1914 4824 1974 4899 καί
1996 4823 2060 4925 ἀφ’

673 4925 823 4999 morbum
852 4936 886 4999 et
919 4926 1155 5002 infirmitatem:
1187 4927 1343 5025 Spiritum
1386 4926 1492 5024 ἡμῶν
1512 4937 1633 5006 πᾶσαν
1649 4926 1762 5006 νόσον
1781 4928 1843 5004 καί
1864 4929 2059 5027 μαλακίαν,
