4670 6046
487 576 615 655 NOTAE
634 579 674 654 lli
696 577 903 668 attototllt
923 576 1114 654 OOPllOdll
1135 578 1166 654 S.
1187 577 1370 656 GREGOllll.
1537 578 1612 652 281

249 764 381 826 occurrit
409 762 439 824 in
471 762 588 825 Graeca
616 762 740 845 vulgata
769 761 888 839 Basilii,
915 780 981 825 cum
1005 763 1117 844 exigua
1139 783 1247 827 vocum
1273 764 1457 826 diversitate.
1502 762 1617 837 Quarta

246 861 366 925 modern
402 880 439 924 ea
467 870 515 924 cst
536 880 613 943 quae
636 861 835 943 praemittitur
864 863 894 924 in
918 860 1032 924 Codice
1054 862 1261 945 aegyptiaco:
1294 881 1360 925 eam
1389 879 1483 944 porro
1507 862 1613 926 Codex

247 962 361 1045 Regius
384 962 502 1024 Graeco
517 961 665 1024 Arabicus
687 963 840 1052 propriam
852 961 1014 1044 Aegyptiis
1037 960 1130 1024 tuisse
1151 962 1311 1046 significat,
1335 963 1371 1024 iis
1399 962 1503 1024 verbis
1522 950 1615 1047 Είχῆ

248 1051 331 1145 ἄλλη
352 1048 647 1140 καταπετάσματος
667 1049 747 1144 παρ’
762 1053 967 1144 Αίγιτττίοις.
1011 1061 1087 1123 llinc
1109 1060 1297 1124 manifestum
1321 1070 1385 1140 est,
1408 1079 1471 1124 non
1492 1061 1614 1124 multum

248 1161 391 1224 sollicitos
413 1179 483 1223 csse
507 1161 619 1222 debere
641 1176 697 1222 nos
721 1160 759 1222 de
781 1159 891 1238 titulis,
915 1179 991 1242 quos
1013 1160 1064 1223 vel
1086 1161 1239 1244 liturgiae
1264 1160 1315 1224 vel
1337 1159 1475 1244 singulae
1498 1165 1616 1226 oratio-

246 1277 301 1322 nes
323 1260 450 1334 habent;
480 1258 570 1321 modo
594 1266 708 1322 certum
731 1260 770 1320 sit
792 1259 858 1321 illas
882 1279 921 1322 ex
944 1261 1093 1323 communi
1115 1259 1272 1324 Ecclesiae
1297 1260 1439 1324 thesauro
1464 1278 1533 1324 esse
1557 1261 1615 1324 de-

246 1365 389 1439 promtas,
416 1357 496 1440 quod
520 1357 638 1440 quidem
662 1358 700 1420 de
723 1359 787 1420 istis
810 1359 996 1422 orationibus
1018 1359 1206 1422 menifestum
1230 1367 1292 1422 est:
1317 1367 1386 1422 sunt
1408 1362 1485 1422 enim
1508 1361 1614 1424 iisdem

245 1475 343 1540 prope
365 1458 468 1520 verbis
490 1457 523 1519 in
544 1457 662 1537 Jacobi,
685 1458 798 1531 Basilii,
820 1457 870 1520 vol
889 1457 1096 1540 chrysostomi
1108 1458 1263 1542 liturgiis.
1309 1459 1393 1522 Unde
1411 1460 1615 1523 Jacobitarum

247 1557 388 1637 propriae
412 1575 471 1619 non
502 1565 588 1636 sunt,
619 1557 674 1620 sed
696 1557 867 1636 Ecclesiae,
898 1575 998 1640 neque
1019 1560 1107 1621 unius
1130 1566 1182 1620 aut
1204 1559 1338 1637 alterius,
1361 1558 1416 1622 sed
1440 1561 1529 1622 totius
1552 1559 1615 1622 Ee-

248 1657 360 1720 clesiae
382 1655 564 1736 Orientale,
597 1673 664 1719 cum
692 1657 883 1738 reperiantur
911 1675 971 1722 non
998 1659 1087 1721 modo
1117 1660 1147 1720 in
1171 1657 1514 1740 Constantinopolitano,
1537 1678 1616 1740 quae

247 1756 347 1819 anilii
371 1764 418 1818 est
442 1754 651 1838 Chrysostomi
673 1756 816 1838 Liturgiis
839 1758 949 1834 utitur,
978 1757 1033 1819 scd
1055 1759 1085 1819 in
1107 1756 1394 1840 Hierosolymitana,
1425 1765 1454 1821 et
1476 1759 1616 1822 Alexan-

249 1854 344 1933 drina,
369 1873 446 1937 quae
468 1855 575 1918 iacobi
598 1855 751 1935 Marcique
772 1854 914 1937 Liturgiis
939 1855 1009 1919 olim
1031 1856 1199 1921 utebantur.

328 2115 567 2210 Secesseram
595 2116 660 2186 tibi
685 2115 904 2210 Sacrificium
929 2119 995 2190 boc
1021 2119 1231 2191 rationabile
1258 2127 1292 2192 et
1318 2123 1535 2191 tomentum.

356 2325 392 2402 ln
422 2337 477 2400 hac
508 2338 662 2416 oratione,
696 2344 728 2399 ut
757 2339 788 2400 in
817 2339 915 2401 multis
943 2339 1025 2419 allis,
1057 2340 1137 2420 quod
1170 2338 1264 2402 semel
1294 2340 1447 2403 monuisse
1478 2339 1614 2418 sufficiet,

247 2441 358 2503 mentio
382 2448 429 2502 est
452 2440 590 2503 sacrificii
613 2441 827 2522 Eucharistici,
851 2460 912 2506 non
934 2446 1030 2506 minus
1050 2461 1137 2525 quam
1160 2444 1272 2523 passim
1295 2445 1325 2506 in
1348 2444 1473 2506 Graccis
1495 2445 1614 2524 iacobi,

247 2539 359 2618 Basilii,
383 2539 650 2621 Chrysostomique
671 2540 826 2624 Liturgiis,
850 2551 881 2604 et
893 2542 1105 2606 Alexandrinis
1129 2541 1245 2605 Graece
1265 2544 1447 2623 extantibus,
1472 2543 1617 2626 quidquid

247 2640 426 2721 scripserint
447 2641 522 2700 varii
553 2641 761 2702 contentiosae
785 2641 971 2725 Theologiae
1002 2640 1287 2721 conscribillatores,
1311 2643 1362 2724 qui
1384 2650 1508 2724 praeter
1530 2643 1616 2724 Chy-

249 2746 363 2801 traeum
386 2745 417 2801 et
440 2738 576 2801 lliaetum
599 2739 670 2800 nihil
693 2738 851 2822 legerunt,
882 2761 921 2804 ne
950 2742 1030 2824 ipsas
1058 2739 1196 2823 quidem,
1219 2759 1293 2822 quas
1317 2743 1492 2825 impugnant
1512 2742 1616 2806 Litor-

246 2839 325 2922 glas.
373 2837 500 2900 Utuntur
534 2836 642 2900 Graeci
671 2838 716 2900 his
751 2840 937 2919 potissimum
974 2841 1117 2918 vocibus,
1153 2829 1267 2926 λογικὴ
1304 2837 1454 2927 λατρεία,
1491 2835 1614 2920 θυσία,

245 2925 427 3023 προςφορτί,
453 2937 521 3018 Syri
544 2945 574 2999 et
597 2937 763 3018 Aethiopes
786 2939 912 3002 vocibus
936 2961 974 3002 ex
998 2939 1147 3002 Hebraico
1169 2941 1271 3024 lingua
1296 2941 1450 3020 deductis,
1480 2942 1615 3023 llorbaa,

247 3044 276 3100 et
300 3037 377 3098 aliis.
422 3035 567 3118 Argutari
591 3043 688 3098 autem
713 3037 811 3100 solent
833 3042 944 3103 morosi
968 3041 1009 3102 illi
1033 3040 1153 3118 Critici,
1177 3059 1217 3102 ex
1240 3041 1424 3124 etymologia
1447 3043 1615 3124 linguarum

247 3136 459 3212 Orientalium,
493 3153 618 3216 quarum
648 3137 785 3216 peritiam
814 3139 924 3220 ubique
949 3141 1076 3220 jactant:
1105 3139 1243 3220 adeoque
1266 3141 1407 3220 borbon,
1430 3151 1480 3204 aut
1502 3142 1615 3204 similes

244 3243 357 3318 negant
370 3235 542 3317 significare
558 3234 756 3315 Sacrificium.
786 3237 916 3299 Haerent
933 3241 1073 3302 tamenin
1097 3239 1161 3301 aliis
1185 3239 1321 3318 vocibus,
1345 3259 1423 3321 quae
1444 3238 1485 3326 τῇ
1507 3235 1616 3324 θυσίᾳ

245 3336 381 3416 pressius
404 3333 601 3413 respondent,
626 3351 684 3414 qua
703 3333 852 3414 Coptitae,
875 3344 908 3397 ut
930 3337 1029 3399 multis
1052 3337 1117 3399 aliis
1134 3336 1258 3400 Graecis
1281 3337 1458 3421 frequenter
1479 3349 1614 3420 utuntur,

245 3443 277 3497 ut
299 3442 368 3497 sunt
385 3434 519 3515 ‘Syriaca
542 3446 662 3502 tttttffi
688 3443 719 3496 el
741 3435 870 3498 Arabica
898 3443 1003 3504 iim:
1022 3436 1211 3520 Aegyptiace
1243 3457 1363 3520 quoque
1392 3442 1501 3504 nativa,
1544 3441 1614 3504 Illas

245 3552 338 3617 porro
360 3551 453 3596 voces
476 3553 580 3596 omnes
603 3533 809 3597 indifferenter
831 3544 977 3615 usurpant
1000 3534 1180 3601 Orientales.
1225 3537 1300 3600 Dum
1330 3556 1404 3600 vero
1427 3543 1615 3602 incruentam

246 3639 356 3695 vocant
377 3632 557 3694 oblationem
585 3621 774 3720 προςφορᾶν
796 3643 826 3696 et
848 3629 989 3714 θυσίαν,
1021 3634 1091 3717 quid
1123 3636 1326 3699 intellexerint
1348 3638 1377 3699 in
1400 3639 1530 3702 obscuro
1553 3656 1614 3703 non

245 3731 426 3812 relinquunt.
489 3721 648 3815 Λογικήτ,
682 3750 760 3814 quae
787 3752 849 3797 vox
880 3734 1056 3815 frequenter
1086 3734 1262 3815 adhibetur,
1296 3745 1326 3798 et
1356 3756 1444 3819 quam
1475 3738 1613 3819 Coptitae

245 3833 444 3909 retinuerunt,
468 3833 655 3910 spirituatem
677 3831 844 3914 significat,
868 3851 923 3914 per
946 3836 1167 3915 oppositionem
1191 3834 1228 3898 ad
1251 3855 1448 3916 corporeum:
1479 3838 1612 3920 quamvis

248 3929 317 4012 Syri
340 3938 371 3992 et
394 3928 513 3992 Arabes
537 3947 601 3991 eam
624 3932 750 4014 rigidius
779 3941 809 3994 et
838 3933 875 3995 ad
899 3934 1014 3995 literam
1038 3935 1228 4016 interpretati
1251 3937 1318 4001 sint.
1365 3936 1425 4001 Sed
1448 3939 1478 4001 in
1500 3937 1557 3999 hac
1579 3943 1612 3998 ut

246 4027 276 4089 in
300 4028 411 4107 multis,
434 4029 614 4112 significatio
638 4029 854 4094 determinatur
877 4051 917 4095 ex
940 4033 1008 4095 stilo
1030 4035 1259 4099 Ecclesiastico.

733 4294 854 4364 Oratio
883 4295 989 4367 ascarii
1013 4301 1122 4389 pacis.

335 4499 453 4577 Eram
476 4519 523 4574 est
545 4529 622 4592 quae
644 4514 675 4574 in
699 4513 816 4576 Graeco
828 4513 1036 4580 Alexandrino
1060 4517 1176 4596 codice,
1200 4526 1231 4580 et
1253 4518 1331 4581 illam
1350 4519 1445 4583 altera
1462 4523 1609 4602 sequitur,

246 4631 334 4694 quam
358 4613 464 4678 Codex
488 4614 565 4678 idem
589 4619 737 4681 continet:
761 4636 820 4681 non
844 4619 924 4699 quod
947 4619 1040 4701 uulgo
1063 4622 1141 4684 duae
1160 4623 1313 4685 orationes
1336 4623 1373 4685 ad
1397 4625 1530 4688 osculum
1553 4645 1612 4707 pa-

246 4712 289 4774 cis
313 4713 495 4793 dicerentur,
518 4714 573 4778 sed
598 4718 665 4798 quia
688 4734 747 4780 una
770 4719 934 4782 secundum
957 4719 1071 4783 dierum
1091 4720 1235 4784 festorum
1252 4723 1454 4786 diversitatem
1476 4725 1613 4808 eligere-

245 4817 304 4888 tur,
320 4821 371 4875 aut
393 4814 430 4876 ad
442 4815 615 4879 Sacerdotis
634 4817 798 4881 arbitrium.
829 4819 883 4882 llic
903 4828 1012 4898 autem,
1035 4828 1067 4882 ut
1082 4822 1112 4882 in
1127 4821 1208 4898 aliis,
1232 4824 1367 4886 osculum
1382 4825 1466 4905 pacis
1488 4833 1614 4888 vocatur

246 4898 431 4990 ἀσπασμός,
454 4932 542 4994 mam
565 4933 670 4979 vocem
693 4916 838 5000 Aegyptii
862 4927 892 4982 et
912 4919 1030 4982 Arabes
1053 4938 1137 4983 suam
1159 4920 1306 4985 lecerunt.
1350 4923 1498 5004 lucipiunt
1520 4943 1613 5004 porro

245 5008 399 5095 liturgiae
429 5013 599 5094 singulares
628 5015 714 5094 illae,
743 5033 805 5080 non
841 5020 878 5082 ab
909 5019 1094 5083 orationibus
1126 5024 1378 5103 praeparatoriis,
1413 5023 1469 5088 scd
1498 5024 1536 5087 ab
1565 5041 1613 5102 ea,
