4670 6046
589 548 665 623 302
1161 551 1394 628 tortu

587 734 736 795 menterio
760 731 798 794 ad
820 731 922 794 basilii
942 732 1119 816 biturgiam.
1163 731 1211 796 Ex
1233 733 1291 798 bac
1314 736 1403 798 etiarn
1426 742 1585 800 constante
1606 736 1696 798 trium
1719 735 1912 818 Copticarum
1934 751 1964 804 et

587 832 676 894 trium
700 831 884 894 Graecarum
907 832 983 894 ritus
1007 831 1143 914 ejusdem
1166 831 1363 896 Alexandrini
1386 833 1533 918 lectione,
1557 834 1694 914 Aream,
1716 836 1868 920 Neophyti
1881 839 1963 904 llbe-

587 929 649 992 dini
673 936 703 992 et
726 932 930 993 recentiorum
951 931 1113 993 maritorum
1135 932 1331 1014 conjecturae
1353 933 1436 995 circa
1459 934 1597 998 Graecae
1617 934 1821 998 lnuocetionis
1850 936 1961 999 intelli-

585 1030 719 1109 gentiam
741 1027 930 1092 relelluntur.
977 1029 1127 1110 Quidquid
1149 1048 1243 1112 porro
1267 1029 1451 1095 crediderint
1473 1033 1661 1113 Orientales,
1689 1033 1764 1096 nibil
1787 1032 1906 1096 confert
1926 1034 1961 1098 ad

587 1127 819 1191 Protestantium
842 1145 978 1204 causam;
1002 1147 1070 1191 cum
1092 1131 1157 1192 sive
1180 1127 1283 1192 uerbis
1315 1129 1428 1194 Christi
1458 1131 1650 1196 consecratio
1680 1132 1870 1212 perficiatur,
1900 1134 1960 1196 sire
2029 1169 2033 1178 ·

588 1226 786 1308 subsequenti
809 1225 1020 1306 luvocatione,
1044 1228 1172 1309 perinde
1194 1229 1247 1290 sit:
1270 1246 1338 1291 narn
1362 1237 1447 1294 certo
1472 1230 1601 1294 credere
1625 1230 1798 1294 Orientales
1827 1249 1961 1312 pronun-

587 1325 666 1387 ciata
688 1325 898 1406 invocatione,
922 1334 1067 1389 mutatum
1089 1345 1160 1389 esse
1182 1344 1292 1408 panem
1314 1328 1345 1390 in
1368 1346 1480 1409 corpus
1511 1327 1623 1392 Christi
1646 1337 1677 1392 et
1705 1331 1808 1392 uinum
1838 1331 1869 1392 in
1898 1331 1960 1412 ejus

587 1426 781 1508 sanguinem,
806 1426 977 1490 testhnonia
999 1425 1038 1488 ad
1060 1425 1163 1488 Basilii
1183 1425 1350 1510 liturgiam
1372 1427 1468 1490 relata
1490 1429 1564 1491 satis
1586 1428 1803 1493 demonstrant.

839 1767 846 1779 ἱ
943 1685 1066 1757 Oratio
1089 1689 1277 1779 [rectionis
1302 1686 1350 1757 od
1370 1695 1517 1780 petreia,
1545 1697 1609 1760 ete.

689 1892 763 1970 lsra
787 1913 818 1968 et
839 1913 1005 1987 sequentes
1029 1904 1206 1982 Orationes,
1240 1907 1380 1970 diversae
1410 1917 1481 1971 sunt
1510 1907 1629 1972 abillis
1658 1926 1736 1990 quae
1767 1909 1910 1990 leguntur
1930 1910 1969 1971 in

583 2005 703 2070 Graeco
728 2003 858 2068 Codice:
882 2007 951 2087 quia
975 2006 1060 2067 utin
1083 2004 1213 2068 rubricis
1236 2014 1357 2070 notmur
1379 2013 1451 2088 post
1468 2007 1693 2069 luvocationem
1710 2007 1838 2088 Spiritus
1854 2009 1969 2086 sancti,

582 2106 700 2188 reliqua
721 2106 784 2187 peti
803 2105 950 2187 jubentur
972 2122 1012 2166 ex
1035 2103 1170 2186 liturgia
1201 2105 1430 2168 consueuerint.
1476 2105 1509 2168 ln
1532 2123 1569 2168 ea
1599 2107 1792 2188 reperiuntur
1815 2108 1972 2188 quaedam

581 2206 631 2268 isti
654 2203 789 2268 Orationi
811 2203 968 2267 fractionis
998 2203 1121 2279 similia3
1155 2204 1228 2280 sed,
1252 2211 1285 2265 ut
1312 2203 1383 2267 alibi
1411 2206 1597 2283 monuimus,
1626 2205 1779 2268 orationes
1802 2208 1970 2287 quaedam,

583 2314 616 2370 ut
638 2315 707 2370 sunt
730 2306 799 2368 illae
823 2321 901 2385 quae
924 2303 1066 2365 dicuntur
1088 2301 1125 2364 ad
1149 2300 1325 2366 tractionem
1353 2302 1490 2382 hostiae,
1522 2303 1559 2366 ad
1588 2303 1684 2366 Pater
1711 2311 1832 2383 eodm,
1862 2315 1893 2369 et
1921 2305 1971 2368 aa!

583 2404 753 2468 Gratiarum
777 2404 942 2478 actionem,
965 2401 1146 2483 multiplices
1169 2408 1238 2462 sunt
1261 2409 1292 2463 et
1314 2401 1434 2482 variae,
1459 2402 1658 2482 dicunturque
1687 2418 1748 2472 una
1776 2398 1827 2466 vel
1856 2405 1971 2485 plures

582 2504 620 2566 ad
644 2503 820 2566 Sacerdotis
842 2501 1009 2564 arbitrium.
1055 2499 1168 2564 Subicit
1190 2499 1271 2580 quod
1293 2499 1423 2563 omnium
1444 2500 1595 2563 sententia
1618 2499 1723 2563 eadem
1751 2503 1801 2568 sit.
1847 2503 1878 2566 ln
1903 2506 1969 2566 ista

582 2604 696 2665 mentio
719 2611 767 2664 est
788 2601 984 2680 metaphorae
1008 2599 1218 2661 usitatissimae
1241 2598 1320 2680 apud
1344 2598 1516 2662 Orientales
1538 2607 1570 2661 et
1581 2598 1717 2663 Graecos
1737 2602 1822 2682 ipsos
1844 2619 1970 2664 secun·-

538 2691 544 2702 ’
583 2701 653 2762 dum
676 2719 765 2781 quam
787 2717 901 2763 vocare
925 2698 1025 2760 solent
1046 2715 1159 2777 corpus
1182 2695 1294 2759 Christi
1317 2698 1348 2758 in
1371 2697 1581 2775 Sacramenta,
1612 2699 1776 2762 carbonem
1804 2701 1906 2764 vivum
1926 2701 1968 2762 ιἰι

479 2873 483 2892 Ι
582 2799 679 2863 lsaiae
702 2799 820 2862 visione
843 2797 1044 2881 designatum.
1089 2795 1174 2858 Unde
1198 2795 1340 2859 cochlear
1362 2814 1422 2878 quo
1446 2799 1614 2860 communio
1633 2798 1755 2861 intincta
1771 2799 1968 2862 distribuitur·

583 2895 698 2979 Λαβὶς
720 2915 775 2960 sau
797 2895 920 2980 lorceps
944 2897 974 2959 iu
997 2894 1163 2959 Ritualibus
1188 2894 1313 2958 Graecis
1335 2895 1512 2978 appellatur.
1637 2932 1648 2942 ι

631 3003 637 3008 ’
667 2996 812 3078 Reliquae
835 2996 923 3079 hujus
946 2995 1100 3077 liturgiae
1122 3001 1227 3076 partes
1249 2993 1322 3058 nibil
1343 2993 1470 3070 habent,
1494 2993 1575 3077 quod
1598 2991 1668 3058 alibi
1690 2993 1874 3075 explicatum
1895 3013 1961 3060 ιιοιι

581 3095 681 3162 luerit.

999 3351 1554 3401 „w

742 3716 1798 3836 ADBENEDICTIONES

1003 3955 1238 4034 VASORUM
1274 3953 1540 4034 stolonum
1657 4001 1663 4008 -

1169 4151 1372 4236 abitt.

624 4411 628 4418 ·
673 4369 766 4464 Quen
788 4380 930 4463 liturgiis
954 4378 1086 4462 Copticis
1109 4377 1287 4460 subjunctae
1316 4387 1386 4442 sunt
1408 4377 1652 4457 benedictiones,
1684 4385 1788 4440 extant
1811 4379 1841 4440 in
1863 4376 1951 4440 variis

584 4479 752 4548 Codicibus'
770 4483 992 4564 manuscriptis,
1016 4489 1047 4546 et
1068 4481 1127 4544 illis
1149 4481 1329 4562 praesertim
1359 4481 1411 4566 qui
1433 4481 1579 4561 descripti
1602 4487 1672 4543 sunt
1702 4479 1740 4542 ad
1762 4497 1868 4544 eorum
1890 4480 1952 4543 sor-

582 4601 676 4662 mam,
708 4600 786 4664 quos
816 4583 970 4645 recensuit
998 4590 1029 4644 et
1051 4581 1172 4663 publica
1202 4582 1362 4644 autoritate
1392 4581 1516 4643 munivit
1546 4579 1667 4644 Gabriel
1696 4578 1887 4658 Patriarcha,
1917 4577 1951 4642 de

582 4700 642 4761 quo
666 4681 777 4744 dictum
800 4690 847 4744 est
870 4682 1001 4762 saepius.
1044 4681 1092 4742 Ex
1114 4679 1172 4743 illis
1195 4687 1293 4742 autem
1322 4678 1516 4761 intelligitur,
1547 4686 1657 4760 quanta
1680 4677 1759 4759 apud
1783 4677 1950 4742 Orientales

581 4798 732 4855 vasorum,
756 4799 834 4862 quae
858 4779 895 4842 ad
917 4798 1035 4842 sacrum
1059 4778 1161 4842 altaris
1190 4779 1384 4843 ministerium
1412 4777 1560 4842 destinata
1583 4784 1662 4856 sunt,
1686 4794 1759 4840 cura
1781 4777 1821 4840 sit
1844 4784 1875 4840 et
1896 4795 1951 4840 ve-

580 4880 710 4955 neratio,
734 4879 763 4941 oi
785 4896 847 4941 non
869 4876 1010 4940 absimilis
1041 4897 1129 4959 quarn
1158 4887 1245 4942 vetus
1274 4877 1411 4941 Ecclesia
1439 4895 1561 4958 semper
1587 4877 1698 4939 habuit.
1748 4875 1867 4937 Dudum
1897 4881 1949 4952 est,

582 4993 649 5038 cum
671 4976 825 5058 pretiosae
849 4977 992 5039 materiae
1014 4993 1097 5058 vasa,
1129 4977 1317 5041 celebrandis
1347 4977 1442 5040 sacris
1471 4978 1622 5059 mysteriis
1645 4975 1822 5056 destinavit,
1852 4983 1886 5038 ut
1914 4992 1951 5036 ex
