4686 6060
623 629 698 704 340
1187 627 1418 706 tutte

622 822 711 896 atque
735 833 770 876 ea
793 814 874 876 sacri
897 813 984 876 elicii
1005 830 1094 895 pars,
1118 810 1251 876 Canonis
1273 813 1387 894 nostri,
1417 789 1496 894 apud
1526 811 1697 877 Orientales
1719 814 1865 879 rationem
1885 815 1988 882 habet.

619 912 732 975 Eadem
755 920 827 975 nota
849 911 987 993 adjicitur
1007 913 1038 976 in
1060 909 1173 974 Codice
1196 910 1487 994 Cryptalerratensi‚
1510 913 1566 976 sed
1583 913 1769 995 paulopost,
1792 933 1901 996 nempe
1919 934 1988 978 cum

622 1012 732 1075 dietum
754 1018 840 1074 esta
862 1012 993 1094 populo,
1014 1011 1145 1091 Dipnum
1167 1017 1198 1072 et
1208 1013 1325 1090 jartam
1347 1019 1410 1073 est:
1429 1001 1463 1075 ‘0
1483 998 1589 1096 ἱερεύς
1611 1000 1747 1093 ἄρχεται
1775 1010 1834 1096 τῆς
1861 1001 1989 1102 drapo-

618 1107 694 1196 ρᾶςε
716 1109 767 1173 uhi
789 1111 957 1194 interpres,
979 1109 1177 1190 Arraplaram
1206 1111 1303 1188 ‚aive
1324 1111 1520 1173 elevationem
1554 1111 1686 1175 mcloat.
1730 1111 1895 1194 Anapiora
1929 1131 1988 1176 nec

620 1210 699 1293 apud
722 1209 873 1292 Graecos,
896 1229 954 1273 nee
976 1211 1054 1293 apud
1078 1209 1153 1272 alios
1177 1207 1367 1287 orientales,
1390 1209 1427 1272 ad
1450 1227 1527 1290 quos
1549 1210 1690 1292 migravit
1712 1209 1846 1287 illator,
1868 1230 1908 1274 ex
1929 1229 1987 1276 usn

617 1309 851 1387 Ecclesiastico,
874 1311 1069 1374 cavationem
1089 1307 1255 1390 significan
1283 1325 1382 1389 neque
1410 1326 1499 1372 sacra
1527 1308 1634 1387 Actio,
1668 1310 1807 1374 Elecatio
1837 1311 1988 1392 appellata

618 1408 744 1491 legitur:
766 1410 822 1473 sed
844 1427 944 1492 neque
967 1408 1115 1472 sententia
1130 1406 1232 1470 verbis
1254 1408 1406 1486 convenit,
1428 1426 1495 1472 canu
1518 1407 1648 1474 elevatio
1670 1409 1873 1474 contionalem
1887 1411 1986 1474 actio-

618 1527 688 1572 nem
709 1527 771 1572 non
792 1507 910 1572 lrabeat.

1036 1767 1125 1840 Vere
1151 1769 1285 1862 dipaam
1310 1775 1345 1839 el
1361 1772 1490 1858 jaalon
1515 1775 1576 1840 erl.

703 1977 775 2057 Hoc
798 1988 868 2052 loco
891 1988 1131 2053 animadvertere
1155 1988 1283 2070 quisque
1306 1995 1421 2070 potest,
1444 1989 1600 2052 maximam
1618 1989 1833 2052 sententiarum
1854 1997 1886 2052 et
1907 2008 1983 2053 ver-

614 2092 720 2155 borum
749 2089 837 2170 hujus
868 2087 1019 2153 Orationis
1048 2087 1304 2166 conformitatem,
1337 2107 1405 2152 cum
1435 2086 1560 2170 Coptica
1590 2085 1709 2170 Cyriili:
1740 2088 1817 2151 adeo
1847 2097 1878 2152 ut
1906 2107 1982 2152 vere

613 2192 758 2274 scriptum
780 2187 869 2251 fuerit
892 2187 929 2252 ab
951 2187 1147 2266 Abulbircat,
1170 2188 1306 2252 eamdem
1335 2206 1404 2251 esse
1433 2205 1551 2269 quaen
1579 2186 1730 2251 nonnullis
1757 2183 1860 2250 Marco
1891 2188 1982 2250 attri-

611 2291 765 2353 bueretur.
809 2286 842 2350 ld
863 2288 1024 2368 perspicue
1048 2285 1203 2350 confirmat
1224 2287 1386 2370 singularis
1406 2287 1573 2350 orationum
1586 2287 1755 2368 dispositio,
1777 2285 1877 2348 abilla
1893 2295 1982 2368 parte

614 2388 771 2472 usquead
795 2387 1062 2451 consecrationem.
1106 2387 1139 2449 ln
1162 2385 1226 2449 aliis
1248 2387 1327 2448 enim
1359 2387 1495 2450 omnibus
1522 2385 1665 2468 liturgiis
1699 2394 1769 2467 post
1796 2385 1847 2448 illa
1875 2387 1981 2465 verba,

617 2490 693 2552 Vere
714 2489 836 2568 dipaam
858 2495 888 2548 et
900 2489 1016 2566 jactam
1039 2495 1097 2566 est,
1122 2485 1270 2550 Sacerdos
1293 2487 1473 2568 pronunciat
1494 2487 1678 2564 orationem,
1702 2502 1779 2566 quae
1801 2485 1983 2549 Praelationi

611 2587 795 2670 Gregoriani
816 2587 891 2647 ritus
914 2585 1096 2667 respondet,
1120 2603 1197 2666 quae
1220 2587 1250 2648 in
1273 2584 1446 2664 Gallicano,
1476 2585 1603 2649 Gothico
1626 2592 1657 2647 et
1679 2583 1761 2663 aliis,
1795 2583 1981 2650 contestatio

616 2694 762 2766 vocatur,
786 2688 817 2748 in
840 2703 898 2766 qua
920 2684 977 2747 Dei
1000 2703 1074 2767 erga
1097 2685 1255 2748 humanum
1277 2705 1374 2770 genus
1397 2685 1561 2760 beneficia,
1583 2702 1650 2746 cum
1673 2685 1837 2766 gratiarmn
1860 2685 1981 2747 actione

610 2787 791 2862 recitantur,
814 2778 970 2866 usquead
992 2784 1132 2866 hymnum
1155 2784 1369 2860 Chembicum,
1391 2786 1532 2870 Sanctae.
1561 2782 1724 2846 Breviores
1736 2792 1806 2847 sunt
1820 2784 1981 2866 aliquando

610 2887 764 2948 arationes
787 2882 874 2963 illae,
898 2881 1047 2945 interdum
1076 2883 1276 2965 prolixiores,
1306 2884 1361 2948 sed
1389 2887 1420 2947 in
1442 2886 1500 2947 ista
1521 2883 1708 2947 solummodo
1740 2882 1891 2966 Liturgia,
1919 2891 1980 2946 tam

610 2985 726 3048 Graeca
749 3002 836 3065 quam
860 2981 1059 3061 elucidamus,
1090 3001 1177 3064 quam
1200 2983 1341 3067 Coptica,
1369 2985 1571 3065 interponitur
1597 2984 1695 3046 series
1725 2984 1893 3047 orationum
1922 2999 1980 3064 pro

610 3082 747 3147 omnibus
770 3082 861 3145 etde
885 3082 1039 3145 omnibus:
1067 3082 1298 3166 tumDiptycha
1326 3083 1501 3148 recitantur.
1545 3080 1640 3164 Hujus
1668 3081 1844 3166 disciplinae
1872 3101 1980 3145 exem·
2077 3077 2083 3084 '

609 3183 707 3264 plum,
738 3182 795 3245 etsi
825 3182 854 3243 in
887 3179 1012 3244 Oriente
1038 3182 1236 3260 rarissimum,
1269 3182 1474 3246 subministrat
1502 3187 1598 3244 amen
1630 3179 1735 3244 Canon
1761 3181 1897 3261 Latinus,
1927 3183 1979 3262 qui

610 3281 715 3344 eadem
738 3280 832 3344 ierne
856 3281 971 3362 capita,
999 3280 1055 3345 sed
1078 3281 1254 3346 brevissime
1281 3283 1484 3364 persequitur.
1528 3279 1610 3343 inter
1636 3281 1723 3344 istam
1750 3299 1825 3344 vero
1854 3287 1885 3343 et
1913 3279 1979 3344 Co-

613 3382 724 3462 pticam
746 3379 909 3461 Liturgiam
933 3379 1001 3442 leve
1015 3379 1175 3444 discrimen
1198 3389 1253 3458 est,
1276 3382 1357 3464 quod
1379 3383 1411 3444 in
1434 3381 1561 3460 Graeca,
1583 3381 1708 3443 Diaconi
1722 3381 1816 3443 verita
1829 3379 1979 3444 ethorta-

614 3483 713 3544 tiones
736 3479 774 3542 ad
797 3478 956 3558 orandum,
979 3481 1154 3545 omittuntur
1176 3488 1208 3543 nt
1230 3481 1419 3544 notissimae:
1442 3481 1473 3542 in
1496 3479 1590 3543 altera
1613 3479 1834 3543 describuntur.

1229 3759 1354 3830 Marci.

700 3950 792 4044 Quen
815 3979 925 4024 nomen
947 3963 1012 4043 eius
1034 3961 1155 4044 legatur
1176 3963 1207 4024 in
1229 3962 1285 4026 hac
1306 3961 1443 4046 liturgia
1473 3962 1571 4026 eidem
1597 3962 1753 4039 attributa,
1783 3962 1840 4025 hae
1869 3962 1977 4026 admo-
2048 3957 2052 3966 “

608 4068 722 4130 uitione
743 4061 869 4124 munivit
890 4059 1022 4125 loannes
1046 4080 1062 4124 a
1086 4068 1190 4124 sancto
1212 4060 1344 4126 Andrea.
1389 4061 1504 4124 Nomen
1525 4063 1644 4124 autoris
1664 4061 1822 4142 Litarpiae
1842 4061 1892 4124 lia
1914 4064 1978 4124 ad-

607 4167 719 4242 la'bert',
741 4163 861 4226 minime
881 4179 991 4224 nocam
1011 4162 1112 4224 videri
1132 4160 1237 4223 debet:
1260 4181 1326 4224 eum
1347 4163 1382 4223 id
1402 4179 1516 4243 pemque
1535 4160 1651 4240 saonam
1671 4164 1842 4242 reperiatur
1863 4162 1894 4222 in
1915 4159 1976 4222 Li-

608 4267 714 4346 impiis
742 4263 780 4325 D.
813 4259 971 4322 cementis
1000 4268 1030 4322 at
1058 4257 1279 4342 chrysostomi,
1310 4268 1344 4323 at
1371 4260 1501 4340 eccrnpli
1528 4266 1643 4322 tantum
1671 4279 1784 4336 caasa,
1818 4268 1976 4322 auctorum

605 4366 728 4426 aomina
750 4364 941 4425 emerentur:
964 4359 1125 4440 eademque
1146 4360 1267 4422 raliane
1289 4361 1321 4421 ia
1352 4359 1439 4422 libris
1465 4359 1557 4439 lepis,
1585 4359 1680 4421 illesis
1709 4361 1806 4439 ipsias
1833 4360 1976 4421 decessus

606 4465 782 4526 continente.
806 4459 900 4533 Quam
920 4456 1001 4520 nulla
1018 4459 1056 4521 sit
1070 4457 1148 4520 illius
1166 4457 1244 4520 modi
1262 4458 1412 4521 titulorum
1425 4457 1510 4536 iides,
1534 4456 1705 4521 dictumest
1720 4457 1785 4522 iuse
1802 4460 1833 4521 in
1849 4458 1975 4520 Disser-

606 4564 720 4624 tatione
743 4561 782 4623 de
804 4559 964 4640 Liturgiis:
987 4575 1074 4638 quam
1096 4558 1225 4620 inaniter
1246 4575 1322 4620 vero
1346 4575 1385 4619 ex
1407 4556 1559 4620 titulorum
1580 4575 1686 4636 parum
1708 4557 1791 4620 firma
1814 4558 1973 4620 autoritate

604 4661 729 4723 Rivetus
752 4667 783 4720 et
806 4657 872 4736 alii,
895 4655 961 4720 illas
984 4664 1017 4720 ut
1039 4657 1243 4740 supposititias
1267 4655 1433 4738 explodere
1456 4659 1556 4720 conati
1578 4657 1654 4734 sint,
1683 4655 1883 4720 ostendimus:
1911 4663 1973 4718 tum

606 4759 679 4822 illud
704 4760 792 4821 etiam
815 4757 896 4839 quod
919 4757 1032 4818 autoris
1056 4774 1164 4820 nornen
1186 4764 1256 4837 post
1277 4755 1386 4819 multos
1410 4773 1522 4833 annos,
1544 4755 1721 4838 inLiturgia
1741 4773 1758 4816 a
1781 4773 1815 4816 se
1837 4753 1973 4818 ordinata

607 4860 701 4921 inseri
722 4858 873 4939 potuerit,
904 4875 962 4919 nec
990 4855 1103 4920 idcirco
1132 4854 1324 4937 corruptelae
1353 4854 1403 4918 vel
1432 4849 1648 4936 suppositionis
1677 4853 1773 4934 possit
1798 4855 1971 4936 suspicione

608 4959 740 5038 aspergi.
786 4954 846 5019 Sed
868 4975 967 5038 neque
989 4955 1092 5019 Marco
1116 4955 1153 5018 ob
1178 4954 1264 5017 aliam
1287 4973 1408 5018 causam
1429 4953 1564 5035 Liturgia
1593 4953 1788 5030 adscribitur,
1817 4954 1873 5015 nisi
1901 4952 1971 5033 quia

606 5057 730 5138 propria
764 5053 818 5118 fuit
846 5054 1003 5118 Ecclesiae
1031 5053 1256 5118 Alexandrinae
1286 5055 1323 5116 ab
1352 5053 1404 5116 illo
1433 5051 1584 5117 fundatae.
1630 5051 1792 5116 Clementis
1825 5050 1970 5132 Liturgia,
