4686 6060
341 1469 430 1520 Lectio
440 1467 542 1535 publica
551 1464 633 1518 Acto-

324 1572 381 1607 rum
391 1554 533 1607 illectionis
545 1561 572 1606 et
583 1550 634 1604 0r-

325 1639 469 1693 dicationis.

356 4481 414 4535 lion
425 4491 480 4534 erat
494 4481 557 4534 baec
570 4484 633 4536 rim-

325 4569 385 4635 plex
401 4569 569 4622 caeremonia.

375 4946 438 5000 itm.
462 4945 533 4998 Patr.
558 4944 632 4998 Ales.

340 5049 366 5100 p.
384 5031 446 5086 502.
466 5032 529 5084 526.

654 570 731 646 406
1043 569 1117 646 DE
1168 565 1641 646 PATRIARCHA

647 769 682 831 et
709 759 842 832 Ordinis
868 756 1047 830 Monostici
1075 755 1224 848 dignitati
1249 756 1412 846 tribuitur,
1438 766 1473 828 ut
1497 753 1763 832 Archimandrita
1789 752 2021 829 Absolutionis

647 877 831 948 orationem
857 876 1062 970 pronunciet.
1114 872 1223 945 Etiam
1250 872 1314 944 alia
1341 894 1474 968 quoquc
1500 874 1585 944 ratio
1612 867 1708 965 hujus
1736 870 1929 966 discipliuae
1948 869 2021 958 fuit,

647 989 735 1085 quod
763 1014 838 1063 cum
864 991 955 1062 multi
981 988 1194 1062 Patriarchac
1222 991 1359 1062 assumti
1385 986 1507 1060 luerint
1539 1010 1587 1060 cx
1619 988 1739 1062 eodem
1773 987 1960 1078 coenobio,
1987 991 2022 1061 in

648 1129 713 1202 quo
741 1105 802 1180 sub
834 1107 921 1179 illius
954 1103 1243 1178 Arcbiraandritae
1279 1101 1468 1200 obedientia
1501 1101 1683 1192 vivebant,
1720 1104 1784 1177 hoc
1816 1110 2021 1199 postremum

646 1221 836 1297 humilitatis
870 1223 1102 1295 documentum
1137 1221 1218 1292 dare
1252 1220 1437 1308 voluerint,
1470 1230 1505 1293 ut
1538 1219 1580 1292 ab
1616 1223 1698 1316 ipsis
1731 1217 2020 1308 benedicerentur,

648 1360 733 1435 quos
759 1340 857 1436 paulo
885 1348 961 1412 ante
988 1341 1179 1434 superiores
1206 1334 1398 1410 habuerant.

750 1453 839 1527 xci.
866 1454 1056 1550 Antequam
1082 1475 1184 1549 porro
1211 1453 1361 1545 Liturgia
1388 1450 1633 1542 celebraretur,
1669 1453 1787 1525 eodem
1819 1452 1931 1524 modo‘
1953 1473 2020 1546 quo

645 1569 877 1650 Alexandriae
903 1579 937 1642 et
963 1568 1106 1643 Gabinae
1137 1570 1210 1642 fieri
1243 1567 1395 1660 solebat,
1428 1565 1603 1660 legebatur
1636 1590 1683 1639 cx
1707 1564 1863 1644 Ambouc
1890 1571 2020 1640 iustru-

647 1697 794 1761 mentum
820 1684 993 1759 electionis
1027 1697 1061 1758 et
1094 1685 1232 1759 alterum
1268 1684 1511 1757 Ordinatiouis:
1544 1696 1683 1779 utraque
1714 1685 1845 1777 bagua,
1878 1684 2020 1780 Coptica

648 1804 788 1894 scilicet,
815 1813 915 1898 atque
940 1801 1098 1877 Arabica.
1127 1800 1211 1874 Cum
1237 1823 1340 1897 porro
1368 1800 1445 1872 illae
1471 1801 1591 1882 literae
1618 1804 1651 1873 in
1686 1798 1842 1873 Ecclesia
1869 1800 2020 1875 Arabica

646 1919 855 2013 legebantur,
883 1917 1108 1990 decedebatur
1142 1915 1183 1988 ab
1211 1921 1418 2004 inveterato,
1454 1925 1488 1988 et
1519 1938 1625 2011 usquc
1660 1915 1702 1989 ad
1733 1915 1901 1990 saeculum
1927 1917 2020 1990 XIV.

648 2047 682 2110 et
707 2036 863 2109 fortassis
889 2033 953 2105 huc
979 2057 1088 2129 usque
1113 2042 1329 2124 conservato,
1355 2053 1419 2105 osu
1445 2031 1531 2105 illius
1557 2032 1751 2126 Ecclesiae,
1786 2037 1821 2104 in
1849 2056 1912 2129 qua
1939 2032 2020 2106 nmo

648 2156 782 2226 omuino
809 2152 872 2224 nisi
901 2147 1040 2245 Coptica
1065 2147 1254 2242 legebatur,
1281 2172 1356 2221 cum
1382 2152 1415 2220 in
1442 2149 1515 2220 aliis
1541 2148 1718 2240 Ecclesiis,
1743 2149 2019 2243 Evangeliorum,

646 2267 884 2365 Epistolarum,
911 2273 945 2336 ct
971 2263 1109 2338 aliarum
1137 2268 1373 2361 scripturarum
1400 2264 1562 2339 lectiones
1588 2266 1737 2339 Arabica
1763 2266 1892 2358 fierent,
1918 2278 2019 2362 post-

647 2408 746 2480 quam
770 2381 933 2478 Copticae
959 2381 1119 2454 lectiones
1145 2392 1412 2477 praecesseraut.
1465 2380 1518 2453 Dc
1558 2404 1599 2454 ea
1643 2382 1879 2455 consuetudine
1923 2387 2019 2458 testis

644 2497 853 2588 Abulbircat,
880 2508 914 2569 et
940 2497 1072 2592 quidam
1098 2497 1161 2569 alii.
1213 2497 1321 2570 Porro
1346 2499 1400 2590 jus
1426 2496 1526 2586 illud,
1553 2499 1642 2594 quod
1667 2509 1745 2594 post
1777 2498 2055 2575 Mubamedana'

645 2626 819 2710 tempora,
859 2613 1035 2686 stabilitum
1071 2617 1103 2684 in
1138 2610 1292 2686 Ecclesia
1333 2613 1520 2687 Jacobitica
1555 2613 1785 2688 Alexandrina
1819 2619 2019 2711 reperimus,

645 2740 903 2825 constanterque
931 2729 1164 2818 observatum,
1200 2753 1222 2802 a
1254 2736 1363 2803 veteri
1396 2729 1485 2804 nulla
1514 2730 1684 2827 disciplina
1718 2742 1825 2805 ortum
1859 2730 2018 2806 habuisse

644 2847 827 2918 verisimile
860 2845 1002 2919 videtur.
1058 2848 1219 2933 Quamvis
1255 2849 1341 2920 enim
1381 2869 1503 2940 magna
1536 2858 1628 2921 esset
1667 2851 1700 2920 in
1738 2858 1809 2920 tota
1848 2846 2017 2940 Ecclesia,

645 2964 793 3034 mamare
819 2985 903 3035 vero
930 2963 964 3033 in
990 2963 1170 3058 Aegypto,
1194 2962 1253 3035 ubi
1279 2961 1379 3036 multa
1406 2963 1506 3035 millia
1532 2963 1771 3037 Monacborum
1804 2976 1918 3057 erant,
1944 2967 2018 3040 Or·-

647 3077 731 3150 dinis
758 3078 935 3151 lilonastici
961 3077 1115 3171 dignitas,
1139 3081 1194 3170 jus
1221 3087 1332 3152 tamen
1360 3079 1401 3152 ad
1437 3078 1634 3153 electionem
1659 3078 1903 3177 Episcoporum
1935 3083 2018 3155 nul-

645 3192 713 3264 lum
738 3193 924 3267 habebant:
951 3216 1028 3266 nam
1054 3198 1140 3267 inter
1165 3195 1289 3267 Laicos
1315 3195 1584 3272 numerabantur.
1635 3196 1718 3269 Cum
1745 3219 1829 3271 vero
1857 3196 2018 3271 celeber-

645 3311 763 3382 rimum
802 3309 1041 3383 lilonasterium
1088 3311 1124 3383 S.
1168 3311 1309 3384 lllacarii
1356 3312 1530 3406 Bcnjamin
1572 3311 1763 3386 Patriarcha
1805 3328 2016 3410 occupasset,

644 3424 842 3521 baeresique
869 3449 950 3500 suae
978 3426 1174 3517 addixisset,
1201 3437 1234 3500 et
1261 3450 1375 3500 exeo
1402 3439 1558 3526 tanquam
1583 3429 1737 3502 rediviva
1763 3429 1924 3526 prodierit
1947 3429 2017 3522 illa,

646 3553 811 3639 caputque
838 3542 899 3616 sub
925 3542 1095 3618 maritus
1131 3544 1251 3616 ellerre
1285 3549 1455 3642 coeperit,
1485 3545 1668 3619 verisimile
1702 3548 1836 3620 omnino
1873 3557 1940 3634 est,
1974 3570 2016 3619 ea

648 3662 828 3733 occasione
854 3659 990 3750 iactum,
1017 3671 1053 3733 ut
1077 3658 1250 3734 Monachis
1278 3663 1333 3757 qui
1359 3664 1450 3734 vitae
1483 3665 1665 3759 asperitate
1687 3665 1758 3755 jam
1783 3663 2016 3754 commendati,

645 3772 815 3848 habebant
827 3786 1003 3871 praeterea
1016 3763 1148 3849 laudem
1163 3799 1230 3849 non
1249 3776 1456 3851 mediocrem,
1473 3759 1693 3850 conservatae
1709 3776 1915 3850 Jacobiticae
1927 3777 2016 3871 fidei,

643 3893 699 3982 jus
726 3890 928 3964 tribueretur
954 3892 1145 3984 suffragium
1172 3891 1300 3964 ferendi
1325 3891 1638 3964 iuPatriarcharum
1658 3893 1835 3985 electione,
1861 3891 2015 3968 subscri·

647 4005 749 4078 bendi
774 4006 945 4080 electionis
973 4009 1140 4098 Decretis,
1165 4009 1366 4105 tandemque
1392 4008 1597 4104 approbandi
1623 4006 1822 4084 electionem
1848 4021 1882 4083 ct
1908 4007 2014 4080 Ordi-

646 4125 834 4214 nationem3
861 4123 936 4196 dum
964 4124 1138 4198 terrebatur
1163 4146 1273 4198 novus
1298 4125 1449 4198 Antistes
1476 4123 1520 4196 ad
1546 4135 1694 4199 sanctum
1718 4126 1900 4200 biccarium
1926 4147 2014 4223 pro-

645 4239 761 4328 ficisci,
788 4240 898 4336 ibique
930 4240 1149 4337 proclamari,
1186 4253 1220 4314 et
1253 4264 1351 4316 sacra
1384 4242 1507 4316 iacere.
1560 4241 1634 4314 Nec
1661 4241 1724 4314 alia
1751 4246 1884 4316 omuino
1911 4265 2014 4316 causa
2084 4270 2092 4276 ·

646 4354 742 4448 hujus
769 4357 1016 4431 consuetudinis
1042 4356 1137 4432 nobis
1164 4363 1318 4432 occurrit.

749 4471 853 4545 XCII.
905 4474 1012 4547 Poma
1039 4497 1106 4548 aon
1134 4485 1186 4548 est
1212 4498 1270 4548 cur
1296 4478 1468 4571 quisquam
1494 4478 1660 4550 existimet
1685 4475 1807 4550 nudam
1833 4497 2014 4549 caeremo-

646 4592 735 4661 niam
760 4586 877 4678 luisse,
904 4613 979 4662 eam
1006 4613 1104 4687 quam
1138 4593 1352 4688 exposuimus
1385 4595 1419 4664 in
1445 4590 1480 4664 S.
1511 4591 1650 4665 Macarii
1680 4590 1835 4666 Ecclesia
1867 4591 2014 4666 Procla-

645 4708 840 4778 mationem:
881 4704 1025 4780 babebat
1056 4710 1144 4780 enim
1178 4705 1407 4804 probationem
1446 4708 1621 4805 quamdam
1657 4720 1691 4782 et
1731 4710 2014 4784 confirmationem

645 4820 838 4912 Electionis,
866 4832 900 4894 et
915 4846 1069 4914 examen,
1097 4834 1131 4896 ut
1140 4826 1186 4896 ita
1213 4824 1371 4916 dicamus,
1397 4825 1474 4897 fidei
1499 4825 1725 4918 Patriarchae,
1752 4828 1840 4924 quod
1866 4830 2014 4921 iusigni-

645 4935 707 5012 bus
735 4938 898 5034 exemplis
925 4939 1054 5012 duobus
1080 4940 1289 5015 manifestum
1316 4951 1379 5032 cst,
1408 4940 1573 5015 Gabriclis
1594 4941 1651 5014 filii
1664 4942 1785 5016 'laricb
1798 4943 2014 5018 Patriarcbae

644 5053 751 5130 LXX.
779 5064 814 5126 et
839 5059 1047 5142 successoris
1074 5061 1146 5152 ejus
1172 5055 1352 5132 Michaelis.
1405 5057 1455 5134 Illi
1482 5057 1526 5132 ob
1544 5057 1654 5132 addita
1670 5058 1833 5156 quaedam
1857 5059 1965 5134 verba
1978 5063 2014 5134 iu
