4680 6044
763 667 1136 744 EPISTOLA.
1561 669 1630 744 151

264 863 321 928 loo
357 859 394 925 in
427 877 480 926 me
511 853 677 948 beneficio
712 877 783 948 por
816 877 891 926 esse
921 856 1061 948 possit?
1087 860 1215 925 tantum
1240 851 1348 942 obest,
1375 860 1412 924 ut
1436 861 1545 948 majus
1572 857 1632 928 di-

264 995 348 1043 cam.
374 971 448 1042 Per
474 977 508 1042 le
535 973 622 1042 enim
646 970 747 1042 aideo
775 977 810 1041 et
835 969 946 1056 babeo
974 969 1065 1064 quod
1083 992 1197 1064 prope
1213 975 1290 1062 jam
1314 969 1509 1044 labereme
1531 995 1634 1067 posse

263 1085 496 1180 desperabam.
536 1083 663 1178 Vipinli
704 1084 749 1156 ab
782 1085 861 1157 binc
887 1089 987 1156 omnic
1017 1089 1092 1180 feci
1124 1091 1162 1156 ut
1194 1089 1331 1157 exirent
1364 1089 1400 1156 in
1431 1086 1539 1158 lucem
1564 1095 1635 1159 tres

263 1204 346 1276 illae
380 1202 474 1274 aliae
503 1201 685 1295 In'turpiae
718 1202 885 1273 Diuorum
919 1199 1059 1289 Iacobi,
1096 1201 1225 1272 Basilii
1255 1202 1390 1294 Mapni,
1426 1209 1461 1273 et
1486 1203 1633 1275 dononio

264 1319 511 1412 chrysostomi,
557 1318 677 1412 quibus
724 1317 832 1390 elisae
872 1323 950 1388 sunt
986 1319 1134 1390 miserae
1170 1324 1204 1388 et
1242 1318 1398 1410 infelices
1441 1324 1633 1390 nostrorum

264 1433 589 1506 baeresiorclcurcon
614 1437 785 1528 arpotioe,
813 1454 898 1527 quos
923 1431 1138 1528 Epipbonius
1168 1435 1205 1502 in
1236 1433 1384 1504 Monicb.
1421 1431 1635 1530 κυβευτικᾶς

261 1547 508 1638 διδασκαλίας,
533 1556 645 1620 cocat.
682 1549 815 1621 Nostro
841 1553 944 1620 etiam
969 1572 1034 1644 ope
1059 1552 1097 1619 in
1117 1547 1290 1643 publicum
1316 1550 1441 1620 editum
1467 1557 1519 1621 est
1539 1552 1631 1622 Mis-

261 1667 338 1738 sale
366 1660 553 1752 Gotbimrm,
580 1670 615 1735 ct
640 1668 753 1758 mopni
778 1666 823 1737 D.
850 1666 1090 1759 Areopapitoe
1120 1664 1316 1760 Lilnrpiae,
1350 1688 1490 1760 qaorum
1521 1669 1633 1738 omnia

260 1783 477 1875 exemplario
502 1783 738 1868 vetustissimo,
765 1787 885 1852 nostro
899 1780 1129 1869 Bibliotbeco,
1158 1784 1367 1874 quantamvis
1384 1786 1521 1876 eoipuo,
1542 1804 1632 1853 con-

260 1903 368 1969 tinet.-
393 1905 429 1968 ct
453 1897 540 1968 boec
567 1896 737 1992 deinceps,
764 1895 842 1969 Deo
865 1900 1017 1990 facente,
1043 1895 1088 1966 D.
1113 1895 1230 1968 Marci
1262 1895 1423 1991 Litnrpia
1447 1921 1634 1970 accessura

260 2017 324 2100 est,
353 2032 452 2105 quom
477 2034 565 2082 nooo
591 2015 650 2083 isti
670 2012 902 2105 perditissimo
934 2011 1100 2082 bominum
1128 2013 1249 2104 paneri
1275 2013 1462 2101 intulimus,
1497 2019 1535 2083 ul
1566 2037 1634 2083 ra-

259 2126 411 2198 tionibus
436 2150 504 2198 non
529 2126 628 2198 modo
655 2130 861 2199 necessariis
891 2127 1105 2198 adducantur
1139 2127 1187 2197 od
1219 2127 1256 2196 id
1287 2128 1511 2221 confitendum
1543 2129 1634 2222 quod

260 2249 331 2314 lom
352 2246 583 2335 pertinaciter
614 2245 825 2336 impupnont,
860 2242 922 2314 sed
955 2247 1059 2314 testes
1091 2245 1195 2313 etium
1219 2242 1370 2314 babeant
1400 2245 1633 2316 sanctonum

260 2365 296 2428 et
322 2357 623 2450 locupletissimos:
649 2357 768 2453 quibus
792 2359 894 2452 fldem
919 2360 1091 2451 deropare
1116 2364 1154 2429 ut
1178 2361 1313 2451 impium
1339 2365 1407 2448 est,
1442 2363 1494 2429 ita
1519 2361 1633 2452 impu-

260 2473 345 2544 dens
378 2479 413 2545 et
437 2477 599 2545 insanum.
653 2473 781 2545 Curavi
811 2478 935 2566 ipitur,
968 2481 1007 2544 ut
1039 2474 1127 2544 baec
1159 2473 1319 2570 Lilnrpio
1354 2483 1412 2547 tuo
1439 2478 1635 2547 innomine

260 2595 450 2682 appareat,
479 2592 763 2684 praafipolurque
789 2589 857 2660 illis
884 2612 969 2684 quus
982 2594 1063 2660 onte
1090 2588 1246 2678 dicimus,
1264 2596 1342 2682 jam
1367 2614 1391 2661 a
1416 2589 1518 2662 mullo
1545 2597 1634 2662 lem-

255 2727 348 2800 pore
375 2709 519 2776 excusis.
553 2704 675 2778 Verum
701 2708 789 2777 enim
815 2709 926 2797 cupio,
953 2710 991 2775 ut
1015 2704 1081 2774 boo
1102 2709 1229 2774 tantum
1243 2703 1442 2806 beneficium
1462 2713 1637 2780 nostrates

260 2843 305 2891 oc
332 2821 455 2893 deiude
483 2825 614 2892 coeteri
640 2845 664 2892 n
691 2827 724 2892 te
751 2844 818 2893 uno
842 2825 1035 2915 profectum
1060 2820 1261 2916 iutellipaut,
1287 2829 1325 2893 ut
1350 2843 1418 2892 non
1443 2821 1525 2892 mibi
1550 2828 1635 2894 ton-

260 2941 328 3006 tum
354 2940 557 3026 innotescut,
582 2937 645 3008 sed
671 2940 773 3008 etiam
799 2935 975 3022 omnibns;
1009 2941 1138 3030 quanta
1164 2939 1209 3006 sit
1234 2940 1271 3006 in
1296 2944 1331 3010 te
1352 2941 1479 3032 pietas,
1506 2947 1635 3032 qrntnto

261 3051 433 3141 doctrina,
460 3057 604 3148 quantus
630 3053 775 3146 denique
809 3055 846 3122 in
875 3058 1030 3122 sumtum
1055 3050 1272 3123 Cotlolicom
1303 3052 1497 3126 Ecclesium
1532 3055 1633 3128 relus.

259 3167 457 3262 Praetereo
483 3169 574 3264 quod
599 3173 666 3240 tuis
690 3169 801 3240 literis
827 3174 955 3240 tuntum
979 3167 1061 3239 mli
1086 3168 1198 3239 landis
1214 3168 1374 3260 tribuisti,
1401 3193 1470 3242 non
1481 3172 1635 3266 equidem

259 3285 292 3352 is
317 3305 381 3377 epo
407 3307 488 3372 sunt,
512 3287 641 3378 fateor,
667 3307 732 3356 nec
758 3307 819 3355 eos
832 3306 978 3378 unquam
1003 3287 1039 3354 in
1063 3306 1116 3355 me
1132 3284 1230 3355 dotes
1255 3290 1397 3378 opnooi,
1425 3281 1633 3380 quos'dicis.

259 3399 321 3470 Ad
346 3399 449 3470 olium
475 3422 557 3493 erpo
585 3422 712 3495 quaeso
746 3407 879 3495 spectet
909 3399 970 3470 illu
1002 3421 1089 3493 pars
1123 3399 1300 3471 literarum
1334 3407 1485 3490 tuarum,
1513 3406 1635 3497 quise

260 3519 481 3604 montionem,
509 3520 801 3588 instructioremoe
827 3519 962 3587 sentiat.
1013 3515 1072 3603 Tu,
1103 3521 1141 3586 nt
1170 3518 1313 3609 optimus
1339 3540 1387 3606 es,
1414 3522 1449 3589 et
1474 3517 1634 3589 bunnam-

263 3634 345 3702 totir
366 3631 591 3724 plenissimus,
617 3635 670 3702 ois
696 3631 828 3726 aliquid
853 3630 1044 3702 concedere
1069 3653 1191 3723 nmpno
1217 3631 1269 3702 illi
1295 3631 1418 3702 ardori
1444 3653 1510 3725 quo
1532 3637 1634 3727 feror

261 3747 502 3835 instudiosus,
530 3755 565 3818 et
590 3747 638 3818 ad
671 3747 939 3840 inoestipondum
964 3747 1055 3841 quod
1086 3753 1238 3818 nostram
1268 3747 1358 3820 banc
1388 3750 1634 3821 sanctissimum

259 3861 460 3954 relipionem
495 3866 603 3958 acopis
631 3866 808 3957 ¹nrapisque
842 3867 997 3934 exornet.
1050 3862 1146 3934 Deris
1178 3862 1252 3957 Opl.
1286 3864 1383 3934 Mac.
1412 3867 1534 3957 foueat
1567 3870 1634 3936 tuis

260 3982 365 4066 notis,
393 4001 436 4048 ac
463 3983 497 4048 te
528 3979 655 4050 diutius
687 3979 774 4051 bene
807 3982 1034 4073 superstitem,
1068 3978 1165 4049 bouis
1197 3978 1349 4050 omnibus
1381 3985 1416 4050 et
1448 3980 1631 4052 Ecclesiae

260 4099 412 4182 nostroe,
440 4101 644 4166 conseruet:
668 4117 795 4189 nosque
821 4117 914 4166 omes
940 4117 1002 4167 oro
1030 4101 1132 4190 olam
1158 4094 1311 4168 obsecro.
1331 4095 1459 4167 Dolum
1472 4095 1632 4169 Instetioe

260 4207 344 4280 XII.
371 4209 452 4280 Kal.
478 4209 567 4280 Maii
592 4211 638 4282 M.
664 4212 709 4284 D.
736 4209 937 4284 LXXXIII.
