4670 6046
628 569 715 652 ate
1125 567 1527 650 COMMENTARIUS

638 753 791 818 Orientem
812 756 953 833 respiciet
974 773 1040 815 arm
1068 753 1239 815 reveremia
1261 761 1290 815 et
1315 754 1495 831 humilitate,
1522 757 1709 837 accipiatque
1728 763 1847 834 partera
1869 775 1911 818 ea
1928 775 2003 818 cor-

633 874 711 934 pore
732 861 852 931 sancto,
867 856 935 932 jam
957 853 1073 928 diviso,
1092 861 1210 931 partem
1230 871 1334 932 nempe
1354 853 1485 916 mediam
1506 853 1633 916 Oblatas
1654 873 1746 916 snae:
1776 861 1866 934 alque
1896 871 1932 918 aa
1955 863 2003 918 est

633 969 726 1036 'quam
750 951 868 1014 Gabriel
892 960 921 1014 et
944 950 1092 1013 Rubricac
1115 950 1275 1014 isbodicoc
1302 958 1431 1030 vocent,
1455 961 1484 1015 el
1504 955 1536 1015 in
1557 953 1680 1016 oshlime
1702 971 1769 1014 eam
1798 953 1933 1036 elevabit,
1955 956 2003 1015 si-

637 1054 754 1134 mulque
776 1051 968 1113 elevabantur
988 1052 1070 1112 cerei
1091 1058 1121 1111 et
1141 1059 1235 1112 ersa:
1257 1051 1430 1130 mediaeque
1451 1052 1547 1112 horae
1569 1054 1668 1130 spatio
1690 1053 1735 1113 itu
1756 1051 1874 1114 elacata
1894 1071 2002 1114 amne-

638 1153 682 1215 hit
702 1150 863 1232 (particula
884 1150 981 1231 major
991 1156 1014 1223 :J
1037 1148 1245 1230 sacerdosque
1266 1149 1409 1212 clamabit
1429 1169 1504 1211 voce
1525 1151 1690 1226 altissima,
1720 1159 1750 1213 et
1775 1159 1916 1230 param
1935 1152 2006 1230 fieri
2046 1169 2050 1180 ·

632 1258 750 1330 potest,
773 1256 928 1324 contenta,
951 1249 1060 1312 Sancta
1083 1248 1204 1310 sanclis.
1249 1247 1359 1309 Omnes
1380 1268 1421 1309 ee
1440 1248 1598 1311 Ecclesiae
1616 1249 1746 1328 populo,
1773 1267 1832 1310 urso
1859 1267 1913 1311 ore
1927 1251 2003 1312 'cla-
2089 1233 2092 1245 ’

636 1349 774 1424 mabam,
796 1348 887 1429 Kyrie
912 1346 1044 1424 eleison,
1067 1345 1193 1409 Domine
1215 1346 1375 1425 miserere,
1406 1349 1505 1426 capite
1532 1349 1647 1410 nudato
1668 1348 1701 1408 in
1720 1365 1820 1427 penca
1839 1348 2002 1426 provoluti,
2119 1425 2121 1428 Ι

637 1451 667 1511 si
690 1447 784 1526 [aem
814 1449 880 1508 dies
910 1446 1091 1519 Dominica,·
1121 1448 1150 1508 si
1176 1447 1241 1508 dies
1270 1447 1348 1520 alio,
1381 1465 1483 1508 omnes
1511 1445 1691 1526 mirantem
1713 1447 1756 1508 ad
1777 1453 1889 1508 ιοιτοοι
1910 1463 2002 1525 osque

635 1554 874 1627 prosternentur,
903 1547 1040 1624 deposita
1069 1547 1199 1624 captum
1225 1543 1337 1624 forda.
1389 1544 1588 1608 Meminerant
1615 1545 1713 1606 cuitus
1741 1545 1827 1608 istius
1854 1543 2000 1625 religiosi,

637 1644 784 1725 simulque
818 1646 926 1706 rituum
957 1642 1121 1705 secundum
1155 1660 1230 1724 quos
1260 1647 1433 1729 peragitur,
1466 1652 1587 1706 autores
1623 1645 1816 1724 antiquiores.
1869 1642 2001 1706 Severus

636 1746 806 1827 Episcopus
829 1743 1014 1807 Aschmonin
1036 1743 1065 1803 in
1089 1741 1190 1822 Opere
1213 1741 1251 1804 de
1275 1744 1428 1806 exercitiis
1451 1741 1696 1806 Christianorum.
1739 1743 1814 1804 Part
1834 1742 1929 1818 Ιιοιιο,
1951 1741 2001 1802 in·

637 1843 716 1925 quit,
740 1845 906 1905 cratonem
928 1845 1005 1904 satis
1023 1842 1191 1921 prolrkcam,
1214 1847 1338 1923 (nempe
1360 1841 1568 1906 Absolutionis
1591 1841 1628 1904 de
1643 1859 1701 1923 que
1715 1859 1786 1904 mox
1801 1841 1910 1904 dictum
1924 1844 2000 1918 est,)

636 1942 789 2006 Sacerdos
811 1943 907 2004 eleoal
928 1961 1038 2020 corpas
1059 1961 1150 2021 saper
1169 1961 1276 2003 mamm
1304 1961 1392 2017 suas,
1421 1960 1513 2021 supra
1538 1941 1678 2021 populare
1707 1942 1891 2016 universam,
1924 1942 2003 2001 eiad

636 2045 708 2106 olim
730 2040 899 2118 (Christus)
922 2041 1056 2102 coactas
1077 2048 1123 2102 est
1143 2043 1175 2102 irs
1196 2041 1276 2120 lipao
1298 2042 1415 2102 crucis.-
1438 2041 1623 2120 clamarttque
1645 2059 1748 2102 omnes
1768 2042 1848 2102 sicut
1869 2047 1938 2102 teate
1959 2039 2003 2098 cd

636 2160 704 2204 eam
725 2141 821 2202 Latro
843 2141 1003 2202 clamarit:
1033 2139 1182 2201 Miserere
1204 2141 1262 2201 mei
1284 2139 1426 2217 Domine,
1460 2138 1529 2202 dum
1551 2139 1672 2200 veneris
1696 2140 1726 2200 in
1756 2157 1883 2222 regnum
1912 2146 2001 2201 tuum.

635 2239 727 2302 Elin
750 2240 808 2300 alio
832 2237 986 2319 opercde
1014 2237 1105 2321 Agna
1129 2237 1262 2300 Paschaii
1291 2246 1322 2300 et
1351 2237 1557 2315 Eucherium,
1593 2237 1672 2300 idem
1701 2236 1833 2318 explicat
1860 2237 1999 2300 uberius:

637 2356 762 2419 nempe,
784 2346 818 2400 ul
839 2356 906 2400 eum
930 2336 1079 2400 Christum
1101 2338 1132 2399 in
1153 2337 1340 2400 Eucharistiae
1362 2337 1418 2400 suh
1442 2337 1557 2399 modica
1580 2337 1683 2416 specie
1705 2334 1791 2417 panis
1815 2343 1845 2398 et
1868 2336 1929 2398 vini
1951 2337 2002 2397 in·

637 2445 772 2514 tuemur,
796 2435 871 2499 sides
894 2444 997 2498 nostra
1019 2453 1078 2498 non
1102 2435 1234 2514 deficiat,
1257 2435 1312 2498 sed
1335 2445 1481 2521 augeatur
1502 2437 1602 2517 potius
1623 2435 1762 2498 Latronis
1777 2435 1926 2516 exemplo,
1951 2435 2001 2515 qui

637 2535 821 2599 divinitatem
844 2536 908 2616 eJ'us
932 2537 963 2596 in
986 2534 1084 2599 Cruce
1107 2536 1240 2618 agnovit.
1285 2535 1390 2612 Quod,
1412 2536 1524 2616 inquit,
1547 2535 1587 2596 ah
1609 2554 1645 2596 eo
1664 2538 1802 2615 percepit
1821 2535 1918 2596 Latro
1940 2551 2001 2596 ao-

636 2637 684 2697 his
706 2636 797 2696 etiam
818 2636 895 2696 altro
926 2621 1061 2715 offertor.
1105 2635 1294 2696 Accedamus
1321 2655 1393 2716 erpo
1421 2636 1464 2697 ad
1492 2654 1558 2696 eum
1584 2634 1734 2710 dieentes,
1764 2625 1919 2696 Memento
1942 2633 2000 2695 mei

635 2734 780 2810 Domine,
803 2733 872 2795 dum
894 2733 1016 2795 veneris
1038 2734 1069 2796 in
1095 2751 1221 2815 regnum
1249 2742 1339 2806 tuum.
1384 2733 1526 2796 Eemdem
1554 2733 1720 2795 orationem
1750 2732 1809 2796 hoc
1836 2734 1903 2813 ipso
1931 2731 2000 2794 loco

636 2854 654 2896 a
677 2832 801 2896 Graecis
824 2833 976 2912 usurpari,
999 2831 1089 2894 docet
1110 2843 1165 2896 nos
1180 2832 1315 2916 Liturgia
1330 2833 1535 2915 Chrysostomi
1558 2821 1602 2904 ὥς
1624 2821 1743 2915 incede
1768 2819 1916 2913 ὁμολογῶ
1937 2843 2001 2908 σοι,

634 2920 803 3017 porp'odrpe'
823 2951 889 3010 μου
909 2921 1012 3016 κύριε,
1034 2925 1069 2993 e'r
1088 2929 1130 3016 τῇ
1150 2928 1304 3014 βασιλείᾳ
1325 2949 1394 2998 σου.
1437 2932 1522 2994 Sicut
1542 2929 1639 2993 Latro
1667 2931 1809 3009 confimor
1836 2931 1908 3006 tihi,
1935 2949 2002 2991 me-

635 3040 734 3095 mento
756 3033 816 3092 mei
834 3030 962 3092 Domine
983 3033 1015 3091 ia
1036 3051 1129 3111 rapae
1152 3040 1218 3107 tao,
1251 3049 1328 3113 quse
1358 3039 1405 3094 est
1427 3047 1498 3112 pars
1526 3029 1626 3092 ultima
1654 3029 1827 3111 prolixioris
1857 3020 2000 3091 orationis

637 3149 724 3214 quam
747 3131 848 3192 dicunt
875 3130 954 3191 circa
978 3133 1222 3192 communionem.
1267 3118 1423 3193 Πιστεύω
1445 3116 1537 3215 κύριε
1560 3127 1615 3192 καὶ
1637 3119 1800 3213 ὁμολογῶ,
1828 3116 1881 3192 ὅτι
1903 3115 1945 3189 σύ
1969 3114 2000 3188 οἶ

636 3217 859 3315 excruciet
881 3216 951 3300 υἱὸς
971 3224 1033 3289 τού
1054 3226 1140 3294 θεοῦ
1160 3225 1220 3291 τοῦ
1241 3225 1367 3306 ζῶντος,
1395 3216 1539 3293 dissolv
1561 3221 1609 3304 εἰς
1632 3218 1768 3306 κόσμον,
1790 3214 2001 3314 ἁμαρτωλούς

635 3325 753 3404 σῶσαι,
775 3315 969 3414 ὧνπρῶτος
990 3317 1054 3412 ἐγώ
1075 3319 1149 3406 εἰμί.
1178 3327 1277 3392 Credo
1298 3329 1426 3391 Domine
1447 3335 1477 3390 et
1498 3329 1649 3407 confiteor,
1672 3328 1743 3408 quia
1764 3334 1796 3388 to
1817 3345 1850 3390 es
1863 3325 2001 3388 Christrts

634 3431 714 3510 filisa
735 3429 809 3504 Dei,
832 3419 884 3508 qa'i
904 3429 936 3489 in
957 3428 1097 3488 mandam
1118 3429 1229 3489 cenati
1246 3436 1423 3507 peccatores
1449 3427 1553 3488 salvos
1579 3425 1702 3504 sacae,
1736 3441 1861 3504 qsmram
1884 3425 2001 3504 pmmrrs

636 3549 692 3610 epo
714 3548 788 3591 sam,
832 3527 946 3606 Nempe
968 3543 1030 3588 non
1051 3543 1110 3587 una
1133 3523 1198 3588 sola
1221 3529 1318 3589 oratio
1340 3547 1357 3590 a
1381 3525 1504 3588 Graecis
1527 3525 1634 3588 dicitur
1656 3533 1687 3588 et
1708 3523 1772 3586 aliis
1786 3521 1999 3598 Orientalibus,

636 3629 666 3690 in
690 3627 864 3690 ostensione
889 3624 1114 3701 Eucharistiae,
1142 3632 1194 3687 aut
1223 3628 1252 3687 in
1275 3627 1340 3706 ejus
1370 3626 1585 3707 perceptione,
1621 3623 1676 3686 sed
1705 3623 1808 3704 plures
1837 3627 1999 3685 occurrunt

637 3726 771 3808 eJusdcm
794 3725 970 3788 sententiae.
1014 3722 1047 3785 ln
1070 3723 1206 3786 Ecclesia
1230 3743 1304 3786 vero
1328 3723 1470 3804 Coptica,
1494 3724 1614 3805 quando
1637 3723 1756 3805 quidem
1784 3722 1911 3806 insignis
1941 3719 1999 3783 alia

637 3825 789 3889 confessio
813 3825 966 3905 sequitur,
990 3822 1028 3885 de
1052 3841 1110 3902 qua
1132 3840 1203 3885 mox
1225 3823 1373 3903 dicemus,
1396 3823 1533 3886 differtur
1555 3822 1636 3903 quod
1658 3824 1688 3886 in
1717 3823 1832 3885 Graeca
1860 3818 1998 3895 formula,

637 3925 674 3987 ad
697 3924 766 3987 hdei
788 3923 827 3985 de
848 3922 907 3984 hoc
930 3921 1122 3984 Sacramenta
1145 3921 1330 4004 profitendae
1352 3923 1498 3985 rationem
1527 3922 1671 4003 pertinet:
1700 3922 1796 3984 oratio
1826 3929 1936 3982 tantum
1967 3917 1999 3980 ht

636 4024 674 4086 ad
697 4023 846 4087 Christum
868 4027 1072 4102 praesentem,
1102 4039 1140 4082 eo
1168 4039 1227 4102 quo
1257 4021 1384 4084 diximus
1418 4021 1516 4085 modo·
1561 4019 1738 4083 indifferens
1768 4037 1841 4082 vero
1872 4036 1998 4100 prorsus

636 4131 684 4184 est
705 4122 782 4184 haec
804 4122 912 4182 rituum
935 4119 1109 4182 diversitas:
1134 4120 1203 4183 illud
1227 4121 1315 4184 modo
1340 4139 1494 4186 commune
1518 4121 1654 4183 omnihus
1681 4119 1827 4182 Ecclesiis
1855 4117 1999 4181 Orienta-

635 4221 731 4299 lihus,
763 4220 841 4301 quod
870 4219 1069 4282 ostenduntur
1097 4235 1184 4281 sacra
1201 4221 1374 4301 mysteria,
1408 4219 1495 4283 simul
1525 4237 1560 4281 ac
1589 4217 1697 4282 dicitur
1725 4218 1840 4280 Sancta
1874 4219 1997 4280 sanctia

636 4321 683 4384 De
704 4320 902 4404 Aegyptiacis
925 4318 1053 4380 dubitari
1075 4335 1136 4379 non
1158 4327 1274 4400 potest,
1297 4328 1367 4401 post
1389 4327 1448 4382 tam
1469 4320 1630 4401 perspicua
1652 4319 1800 4381 Anterum
1819 4317 1999 4395 testimonia,

635 4421 814 4502 praesertim
838 4417 986 4482 Gobriclis
1007 4416 1208 4483 Patriarchne.
1253 4419 1340 4493 Quod
1362 4420 1388 4482 si
1410 4419 1580 4482 recentiora
1602 4418 1819 4500 illaquisquom
1836 4416 1998 4494 existimet,

635 4519 793 4583 refelletur
814 4521 911 4582 statim
934 4537 974 4580 ex
1004 4517 1120 4580 Graeco
1149 4517 1259 4582 Codice
1290 4517 1387 4602 Regio
1418 4518 1550 4600 ejusdem
1581 4519 1751 4600 Litnrgiae,
1783 4517 1833 4578 ubi
1862 4514 1997 4578 hahetur.

630 4611 665 4681 Ὀ
687 4611 792 4706 ἱερεύς
820 4609 906 4703 apol
932 4605 970 4680 τό
999 4603 1191 4695 οπουδικόν;
1220 4618 1374 4681 Sacerdos
1403 4619 1501 4680 eleoot
1521 4637 1630 4699 corpas
1650 4617 1847 4679 Dominicum.
1892 4615 1999 4678 Severi
2046 4627 2050 4634 “

637 4717 827 4782 Patrierchae
841 4717 1020 4781 Constitulio
1043 4723 1125 4780 extat
1147 4719 1177 4779 in
1193 4719 1338 4800 Syrorum
1351 4718 1572 4782 Nomocanoae.
1616 4717 1726 4798 Sipaat
1746 4733 1837 4778 mccc
1856 4714 1999 4792 populans

637 4819 776 4882 dicando.
822 4817 922 4879 Gratia
945 4815 1001 4878 Dei
1028 4816 1075 4879 sil.
1121 4817 1191 4902 llam
1213 4818 1388 4881 Diaconos:
1418 4817 1491 4880 Cum
1515 4820 1621 4880 timore
1643 4817 1827 4898 aspiciamus.
1865 4812 1999 4900 Sacer-

638 4915 711 4976 dos:
734 4913 889 4977 Accedent
912 4915 963 4995 qui
985 4913 1160 4977 sanctificati
1184 4925 1261 4979 sunt.
1307 4917 1417 4980 Sancta
1439 4918 1567 4979 sanctis:
1592 4925 1621 4978 et
1642 4917 1739 4978 clavat
1749 4915 1902 4996 mysteria.
1932 4912 1999 4974 Po-

633 5013 742 5095 palas,
765 5013 846 5076 Unus
870 5013 972 5075 Pater:
997 5019 1026 5074 et
1047 5017 1280 5078 communionem
1295 5017 1455 5080 distribuit.
1479 5014 1609 5080 lacobus
1634 5014 1816 5078 Edessenus.
1846 5012 1999 5075 Sacerdos
