4684 6042
637 604 710 677 126

686 788 876 859 Diaconos.
903 783 997 858 State
1009 784 1104 854 recti.
1126 781 1313 854 Audiamus

635 902 784 966 sanctum
810 887 1044 979 Evangelium.

687 1008 873 1081 Sacerdos.
900 1005 976 1078 Pax
1004 1003 1167 1076 omnibus.

686 1128 848 1221 Populos.
876 1124 920 1196 lit
946 1126 1075 1219 spiritui
1103 1133 1169 1194 tuo.-

687 1245 779 1314 Hinc
809 1245 940 1312 recitat
965 1237 1189 1333 Εοιιαηιῑῦιοι
1214 1236 1312 1308 Dio-

636 1369 749 1418 corroa.
772 1338 1315 1436 lllocEvrolrzchrceoCotlectoc

636 1451 831 1519 orationem
857 1445 1028 1538 subjacuit
1054 1443 1239 1514 Sacerdos.

693 1585 884 1675 Aegrotos‚
926 1582 1087 1668 Domine,
1126 1579 1242 1674 populi
1269 1580 1315 1649 tui

636 1701 780 1772 visitans
809 1700 843 1768 in
868 1694 1097 1768 misericordia
1120 1705 1154 1765 et
1165 1697 1314 1766 misera-

635 1812 800 1903 tionibus,
829 1834 921 1886 sana
948 1810 1100 1902 Peregre
1126 1808 1314 1905 proiectos

639 1929 697 2002 vel
724 1927 936 2023 profecturos
963 1925 1085 1998 iratres
1103 1935 1253 2014 nostros,
1273 1946 1315 1997 eo

1152 593 1514 673 LllllllGlA

1406 783 1441 856 Ὁ
1462 779 1631 864 Διύκοιος.
1664 773 1850 872 Στύθητε,
1865 770 2035 850 ἀκούσω-

1356 911 1425 980 μεν
1440 887 1507 956 τοῦ
1525 879 1634 980 ἁγίου
1648 877 1865 980 εὐαγγελίου.

1362 1090 1365 1098 ,
1407 1007 1441 1080 ‘0
1460 1005 1585 1102 Ἱερεύς.
1616 996 1751 1098 Εἰρήνη
1769 1003 1890 1072 πᾶσιν.

1405 1127 1439 1198 '0
1459 1129 1563 1207 Λαός.
1605 1118 1679 1193 Καὶ
1697 1125 1749 1214 τῷ
1764 1115 1943 1212 πνεύματί
1958 1138 2035 1190 σου.

1412 1235 1479 1300 Καὶ
1500 1231 1588 1332 ήέγει
1615 1227 1654 1333 cd
1685 1224 1873 1319 εύαγγέλιον
1900 1219 2036 1332 ddcd-

1358 1344 1455 1398 κονος,
1476 1343 1533 1408 την
1555 1338 1728 1406 σοιάιιτην,
1751 1313 1769 1384 ὃ
1787 1309 1905 1406 Ἱερεύς
1926 1313 2036 1382 ἐττει·-

1358 1431 1463 1488 χεται.

1415 1544 1506 1630 Τούς
1522 1551 1719 1629 νοσοῦντας
1736 1543 1848 1640 κύριε,
1864 1543 1932 1618 τοῦ
1945 1548 2038 1618 λαοῦ

1358 1675 1427 1725 σου
1463 1645 1743 1743 inconsummatos
1778 1652 1817 1722 ἕν
1854 1651 1937 1722 tito
1975 1644 2036 1720 καὶ

1359 1757 1569 1850 οἰκτιρμοῖς,
1590 1751 1698 1825 ἴασαι.
1738 1759 1773 1825 Τ
1768 1749 1830 1834 οῦς
1846 1747 2036 1844 ύπούημή-
2147 1816 2152 1827 ,

1359 1881 1491 1939 σαντας
1507 1854 1612 1950 ἡμῶν
1629 1851 1819 1952 ἀδελφούς,
1844 1852 1867 1948 ἢ
1884 1857 2036 1947 με’λλον-

1358 1987 1422 2043 τας
1452 1957 1673 2054 ἀποδημεῖν,
1699 1962 1739 2032 ἓν
1763 1962 1816 2052 τῴ
1842 1952 1944 2050 τόπῳ
1970 1983 2036 2029 κα-

638 2066 704 2139 ‘l¹¹⁰
723 2044 879 2133 tendunt,
895 2040 1222 2134 Sl⁰g¹¹¹⁰⁸d⁰d¹¹⁰ll⁰·
1242 2040 1318 2112 ΒΟ·
1359 2059 1566 2137 τευόὸωσσν
1582 2067 1734 2135 ἕκαστον
1750 2063 1797 2143 εἰς
1813 2059 1879 2135 τὸν
1896 2057 2036 2155 καιρόν.

635 2179 698 2231 nas
721 2159 853 2253 pluvias
879 2161 1016 2247 mittite,
1043 2159 1076 2226 in
1089 2154 1165 2228 loca
1178 2159 1218 2228 iis
1232 2179 1317 2252 opus
1366 2164 1456 2248 Τούς
1472 2163 1639 2263 ἀγαθούς
1658 2161 1779 2246 ὑετούς
1796 2159 2037 2258 κατάπεμψον

636 2271 793 2346 habentia
812 2282 847 2346 et
861 2276 1005 2365 egentia.
1031 2270 1203 2344 Fluviales
1214 2293 1318 2365 aquas
1361 2267 1417 2342 ἐπὶ
1440 2268 1524 2350 τούς
1536 2265 1750 2364 χρῄζοντος,
1767 2264 1828 2339 καὶ
1849 2263 2038 2358 ἐπιδεομέ-

638 2389 682 2460 ad
697 2412 811 2461 earum
824 2409 1034 2476 mensuram,
1047 2398 1101 2459 tua
1116 2389 1317 2478 gratiosus·
1361 2401 1446 2455 νοος
1469 2368 1609 2454 τόπους·
1659 2367 1710 2444 Τᾶ
1734 2365 1895 2462 ποτάμια
1916 2366 2036 2442 ὕδατα

637 2527 710 2578 sum
737 2503 884 2575 elevato.
910 2503 1054 2575 Fructus
1069 2511 1180 2574 terroe
1194 2511 1316 2594 augeio

638 2623 673 2690 in
700 2641 817 2691 semen
845 2629 879 2690 et
905 2621 939 2690 in
965 2639 1120 2690 messem.
1159 2617 1317 2710 Regnum

637 2738 731 2808 servi
758 2735 821 2824 tui,
856 2756 953 2828 quem
986 2737 1019 2804 in
1054 2743 1144 2804 terra
1168 2754 1316 2825 regnare

634 2852 759 2942 justum
786 2853 961 2938 censuisti,
987 2853 1021 2920 in
1048 2871 1134 2944 pace
1161 2860 1195 2920 ct
1212 2848 1316 2921 forti-

637 2965 770 3054 adine,
798 2974 831 3035 et
854 2967 1001 3057 justitia,
1029 2974 1062 3036 et
1079 2963 1315 3060 tranquillitate

639 3091 858 3158 conservator
883 3079 1048 3152 Humilem
1076 3089 1110 3152 et
1133 3078 1316 3152 miserabi-

637 3194 725 3286 lem,
752 3206 786 3267 et
814 3194 937 3267 Christi
965 3207 1130 3268 amentem
1146 3199 1316 3269 civitatem

642 3315 742 3384 istam
768 3311 897 3403 libera,
922 3314 1037 3402 Deus,
1065 3311 1222 3384 adiebus
1239 3335 1318 3383 ma-

638 3427 701 3517 lis,
729 3451 749 3499 a
772 3426 880 3517 samm
906 3438 1022 3523 peste,
1050 3438 1085 3499 et
1096 3432 1244 3520 gentium
1260 3431 1318 3500 in-

640 3545 820 3631 cursione,
844 3553 881 3613 ut
906 3553 940 3614 et
966 3543 1080 3615 Ninivi
1107 3547 1234 3616 civitati
1248 3567 1318 3641 pc-

640 3661 795 3754 percisti:
824 3661 901 3752 quia
926 3662 1120 3732 misericors
1148 3669 1182 3731 et
1208 3663 1318 3732 mise-

639 3782 798 3861 ratorem
811 3775 931 3868 quique
939 3772 1318 3868 iniquitatumhominum

641 3909 709 3959 non
735 3887 939 3961 recordaris.
966 3889 1017 3960 Tu
1039 3912 1101 3984 per
1115 3888 1319 3986 Prophetam

641 4014 729 4074 tuum
746 4002 882 4075 Esaiam
901 4002 1031 4076 dixisti:
1058 4005 1240 4095 Protegarn
1262 4008 1318 4075 ci-

639 4118 1319 4217 vitatemistam‚utsalvemeam‚pr0pter

639 4256 694 4304 me
718 4243 754 4304 et
771 4244 910 4329 propter
921 4234 1033 4306 David
1048 4257 1183 4308 servum
1199 4258 1318 4308 meum.

641 4348 755 4433 Quare
782 4371 961 4444 precamur
987 4360 1020 4420 et
1042 4348 1259 4424 obsecramus
1273 4362 1318 4442 te,

640 4462 773 4536 humani
801 4469 937 4555 generis
966 4476 1095 4538 amator
1113 4466 1214 4554 bone,
1232 4488 1320 4562 pro-

641 4588 722 4672 tege
751 4583 920 4652 civitatem
948 4585 1045 4653 istam
1067 4593 1206 4677 propter
1220 4584 1321 4655 Mar-

641 4703 752 4789 tyrem
779 4705 869 4767 tuum
898 4695 1201 4794 etUEvangelistam
1220 4698 1319 4771 Mor-

642 4832 716 4880 cum
752 4813 806 4904 qui
839 4811 938 4884 nobis
972 4816 1061 4885 viam
1101 4813 1217 4885 salutis
1252 4813 1319 4885 de-

641 4929 857 5014 monstravit,
884 4931 1011 5018 gratio,
1041 4938 1074 4998 et
1090 4931 1320 5001 miserationi-

640 5035 723 5127 bus,
763 5050 796 5109 et
836 5037 1042 5133 benignitate
1078 5047 1240 5136 unigeniti
1275 5047 1320 5116 tui

1361 2472 1520 2574 ἀνάγαγε
1531 2472 1587 2547 ἐπὶ
1599 2470 1641 2547 τύ
1649 2478 1784 2572 μέτρον
1798 2470 1931 2561 αύτιῦν,
1944 2469 2037 2545 crocci

1359 2576 1427 2674 τήν
1460 2576 1530 2671 σήν
1564 2573 1684 2673 χάριν.
1752 2572 1843 2658 Τούς
1876 2572 2037 2673 καρπούς

1359 2689 1420 2776 τῆς
1442 2687 1506 2779 γῆς
1528 2678 1689 2775 αύξησον
1718 2680 1764 2762 εἰς
1786 2681 1949 2773 σπέρμα,
1975 2676 2037 2750 καὶ

1359 2786 1406 2868 εἰς
1428 2781 1621 2881 θερισμόν.
1669 2779 1744 2876 Τήν
1763 2781 1953 2876 βασιλείαν
1969 2785 2038 2854 τοῦ

1360 2885 1497 2960 δούλου
1520 2909 1601 2974 σου,
1619 2881 1663 2958 ὃν
1689 2881 1899 2966 &lanctocac-
1922 2885 2037 2978 βασι-

1359 2986 1474 3066 λεύειν
1494 2987 1549 3063 ἐπὶ
1572 2993 1634 3082 τῆς
1655 2993 1735 3086 γῆς,
1759 2990 1798 3062 ἐν
1824 2983 1955 3084 εἰρήνη,
1976 2985 2037 3061 καὶ

1360 3090 1506 3189 ἀνδρίᾳ,
1523 3089 1583 3165 καὶ
1601 3086 1825 3186 δικαιοσύνῃ,
1843 3089 1904 3162 καὶ
1920 3095 2038 3189 γαλη-

1361 3193 1485 3291 νότητι
1512 3191 1753 3292 ὃιαφύλαξσν.
1811 3190 1886 3287 Τήν
1912 3219 2037 3267 ταπει-

1361 3295 1444 3394 νήν,
1459 3296 1519 3371 καὶ
1537 3293 1702 3392 ἐλεεινήν,
1719 3295 1780 3370 καὶ
1798 3292 2037 3394 φιλόχριστον

1361 3399 1472 3477 πόλιν
1488 3399 1637 3496 ταύτην,
1651 3406 1754 3496 ῥῦσαι
1768 3395 1894 3492 αὐτήν,
1910 3396 2037 3489 ὁθεὸς,

1361 3501 1426 3604 ἀφ’
1446 3503 1592 3602 ἦμεριῦν
1615 3509 1797 3598 πονηρῶν,
1821 3499 1893 3575 ἀπὸ
1915 3507 2038 3596 λιμοῦ,

1361 3613 1505 3700 λοιμοῦ,
1531 3604 1592 3678 καὶ
1615 3602 1828 3688 ἐπιστάσεως
1845 3607 1977 3694 ἐθνῶν,
1991 3604 2038 3688 ὥς

1361 3709 1422 3784 καὶ
1440 3706 1564 3784 [boeot
1581 3714 1642 3802 τῆς
1658 3705 1792 3791 πόλεως
1808 3707 1954 3803 ἐφείσω·
1981 3707 2037 3782 ὅτι

1361 3809 1521 3906 ἐλεήμων
1529 3810 1794 3909 καὶοίκτίρμων
1803 3809 1844 3900 εἶ,
1853 3808 1914 3883 καὶ
1923 3808 2039 3906 ἀμνη-

1361 3915 1509 3997 σίκακος
1520 3912 1576 3987 ἐπὶ
1586 3914 1710 3996 κακίας
1720 3911 1943 4011 ἀνθρώπων.
1980 3911 2040 3987 Σύ

1363 4016 1426 4091 dccl
1443 4023 1509 4091 τοῦ
1524 4013 1716 4115 προφήτου
1737 4041 1806 4090 σου
1823 4014 1970 4091 Ἡσαΐου
1988 4013 2041 4090 εἷ-

1361 4119 1676 4224 πας,1ύπερασπιεῦ
1700 4119 1789 4217 ὑπὲρ
1814 4125 1875 4214 τῆς
1903 4117 2038 4202 πόλεως

1362 4221 1503 4318 ταύτης,
1529 4229 1596 4297 τοῦ
1620 4228 1735 4296 σεῦσαι
1760 4219 1875 4317 αύτήν
1892 4220 1942 4295 dc‘
1968 4227 2041 4315 ἐμέ,

1364 4325 1424 4400 καὶ
1442 4324 1506 4399 dcci
1524 4323 1648 4422 Aofitt
1664 4323 1730 4399 τὸν
1747 4321 1861 4398 παῖδά
1875 4353 1959 4421 μου.
1985 4323 2042 4399 Δι’

1364 4426 1571 4522 ὃύεύμεθοι
1600 4426 1661 4501 καὶ
1696 4433 1977 4524 παρακαλοῦμεν
2003 4451 2041 4501 σε

1365 4530 1618 4630 caturcorum,
1644 4529 1776 4630 ἀγαθέ,
1801 4529 2041 4628 ῦπερύσπισαι

1364 4632 1425 4730 τής
1446 4632 1580 4718 πόλεως
1600 4630 1742 4730 ταύτης,
1765 4631 1829 4707 dcci
1856 4633 1924 4709 τύν
1939 4632 2041 4731 μάρ-

1362 4764 1456 4835 τυρα
1487 4736 1549 4811 καὶ
1580 4735 1834 4837 εύσγγελιστήν
1867 4735 2043 4837 Μάρκον,

1362 4837 1430 4917 τύν
1464 4839 1706 4919 matritum
1741 4838 1831 4936 ἡμῖν
1857 4837 1947 4914 ὁύύν
1982 4851 2044 4934 τῆς

1364 4943 1560 5040 σωτηρίας,
1591 4939 1718 5040 χάριτι
1752 4941 1814 5016 καὶ
1846 4944 2044 5041 οἰκτιρμοῖς

1364 5044 1424 5120 καὶ
1443 5045 1707 5146 φιλανθρωπίᾳ
1732 5051 1800 5120 τοῦ
1824 5051 2046 5146 μονογενοῦς
