4760 6038
650 549 745 624 Lllll
1133 553 1521 632 DISSERTATIO

652 739 714 811 sed
740 739 960 814 Nestorianos
995 749 1031 811 et
1055 738 1227 814 Jaccbitas
1257 741 1410 814 videmus
1437 743 1623 837 perspicuis
1649 740 1765 818 verbis
1791 746 1826 816 in
1851 743 2025 840 Litus-giis,

650 844 857 948 publicisque
884 864 917 925 et
943 857 1083 951 privatis
1109 855 1287 951 precihus,
1313 856 1410 928 fidem
1439 856 1481 928 de
1506 855 1716 931 Eucharistia
1743 881 1837 932 suam
1863 864 1908 934 ita
1934 885 2025 936 con-

650 972 786 1058 testari,
812 978 939 1042 utnon
966 972 1030 1043 uisi
1056 993 1119 1065 per
1145 981 1282 1044 coactas
1311 981 1343 1043 et
1369 971 1537 1046 violentas
1572 975 1880 1068 interpretationes,
1916 977 2028 1050 verba

650 1086 684 1156 iu
712 1084 811 1156 aliam
838 1089 1034 1158 sententiam
1063 1085 1319 1181 trahipossint,
1346 1096 1583 1183 praeteream
1611 1113 1695 1184 quae
1727 1100 1857 1162 tenetur
1888 1095 1922 1164 in
1947 1092 2024 1164 Ec-

651 1197 755 1272 clesia
784 1199 973 1289 catholica,
1000 1201 1099 1272 tidem
1126 1203 1199 1293 ejus
1226 1206 1449 1294 agnoscimus.
1502 1203 1622 1299 Neque
1650 1204 1733 1278 fides
1760 1205 1816 1278 illa
1844 1205 2024 1297 singularis

649 1315 713 1386 illis
741 1326 808 1403 est,
836 1315 898 1388 sed
924 1319 1069 1389 omnium
1094 1315 1255 1406 fidelium,
1289 1340 1364 1390 cum
1399 1341 1532 1413 semper
1565 1319 1688 1414 ubique
1724 1329 1758 1392 et
1791 1319 1833 1392 ab
1870 1319 2025 1394 omnihus

649 1441 819 1502 servatum
845 1433 933 1504 illam
959 1432 1082 1522 luisse,
1109 1432 1202 1505 velut
1229 1436 1404 1528 antiquitus
1432 1435 1609 1525 traditam,
1644 1445 1779 1530 praeter
1811 1433 1877 1507 alia
1909 1436 2023 1524 multa,

650 1545 863 1620 Orientalium
878 1547 1106 1621 Ecclesiarum
1123 1549 1164 1620 ab
1183 1571 1224 1622 ea
1243 1549 1364 1622 dudum
1390 1572 1452 1646 per
1477 1549 1633 1623 haeresin
1661 1560 1717 1620 aut
1743 1550 1886 1624 schisma
1908 1549 2025 1622 divul-

649 1683 785 1752 sarum,
813 1687 998 1738 consensus
1026 1665 1245 1738 demonstret..
1293 1664 1420 1738 Vemm
1453 1668 1502 1755 si,
1537 1677 1573 1738 ut
1607 1669 1641 1736 in
1673 1664 1825 1758 Liturgia
1860 1666 2023 1756 Nestorii,

649 1777 816 1874 quidpiam
843 1780 932 1873 quod
959 1779 1001 1850 ad
1026 1779 1182 1854 haeresin
1208 1780 1295 1852 illius
1322 1781 1552 1853 insinuandam
1569 1785 1751 1877 pertineat,
1778 1780 2024 1854 animaduerti-

648 1915 738 1965 mus:
767 1903 841 1984 aut,
867 1905 903 1965 ut
927 1897 962 1965 iu
986 1897 1228 1991 Aegyptiacis,
1255 1895 1547 1993 ltlonophysiticae
1573 1900 1778 1992 interspersa
1799 1898 1941 1986 semina,
1952 1898 2023 1988 jam

647 2031 715 2081 non
740 2008 896 2082 Ecclesia
922 2009 1084 2104 loquitm,
1111 2011 1170 2084 sed
1199 2010 1318 2100 alieni,
1351 2034 1490 2105 quorum
1526 2034 1648 2084 vocem
1682 2011 1803 2085 Christi
1837 2029 1922 2084 oves
1954 2032 2024 2084 nou

648 2125 799 2213 audiunt,
837 2124 965 2198 scilicet
995 2129 1070 2221 quia
1099 2127 1140 2199 de
1167 2130 1316 2199 novitate
1344 2126 1513 2199 doctrinae
1545 2138 1693 2200 constat:
1728 2137 1796 2198 tum
1831 2124 1930 2221 quod
1953 2147 2023 2198 nou

646 2238 795 2334 ubique,
822 2240 884 2312 sed
910 2244 995 2312 inter
1021 2241 1114 2314 solos
1141 2241 1361 2316 Nestorianos
1389 2251 1423 2312 et
1447 2239 1638 2335 Jacobitas,
1674 2241 1757 2314 haec
1790 2241 1963 2314 audiantur
1989 2251 2024 2312 et

646 2352 845 2450 probentur,
864 2365 906 2428 'et
933 2357 974 2428 alt
1003 2356 1075 2432 aliis
1102 2356 1254 2431 omnihus
1282 2355 1478 2430 Christianis
1505 2380 1580 2428 cum
1606 2357 1748 2431 horrore
1774 2359 1976 2448 rejiciuntur.

338 2497 634 2567 rnnrrsquoquesuaen
751 2470 910 2542 Attamen
941 2471 1076 2543 axillis
1103 2471 1225 2544 utilitas
1252 2495 1383 2569 proque
1419 2477 1494 2568 capi
1511 2484 1640 2568 potest:
1674 2478 1796 2570 quippe
1823 2472 1930 2568 quod,
1963 2482 2022 2543 ta-

325 2583 428 2635 utilitas.

647 2589 744 2657 metsi
780 2583 944 2658 adversus
980 2607 1187 2658 communem
1220 2599 1254 2660 et
1277 2599 1473 2684 perpetuam
1504 2587 1681 2664 Ecclesiae
1716 2588 1919 2660 universalis
1952 2587 2022 2659 do-

648 2705 786 2772 ctrinam
813 2699 890 2773 nihd
915 2711 1068 2798 possunt,
1094 2702 1207 2774 valent
1233 2713 1343 2775 tamen
1370 2727 1576 2798 magnopere
1589 2705 1632 2775 ad
1646 2703 1916 2796 cognoscendam
1932 2725 2021 2792 eam,

648 2837 745 2910 quam
773 2827 886 2902 sectae
913 2818 989 2889 illae
1015 2818 1217 2913 profitentur.
1244 2819 1330 2892 Nam
1357 2842 1432 2891 cum
1458 2819 1630 2892 Jacobitas
1657 2819 1830 2891 videamus
1857 2822 1892 2888 in
1920 2815 2021 2891 Con-

646 2929 795 3004 fessione
821 2932 908 3022 srdei,
936 2957 1022 3029 quae
1048 2935 1084 3005 lit
1109 2945 1186 3005 ante
1200 2939 1475 3025 communionem,
1503 2934 1701 3006 etiamdum
1716 2955 1816 3006 unam
1836 2936 1871 3004 iu
1885 2931 2019 3005 Christo

647 3057 796 3119 naturam
830 3051 1044 3144 profitentur,
1071 3051 1214 3142 rejicere
1250 3049 1493 3141 conlusionem,
1526 3052 1790 3122 commistionem
1823 3055 1857 3119 et
1890 3047 2021 3119 altera-

649 3167 789 3254 tionem,
823 3165 897 3238 illos
930 3165 972 3237 ab
998 3165 1159 3261 Eutychis
1190 3163 1321 3239 haeresi
1353 3165 1474 3239 abesse
1507 3169 1727 3239 certissimum
1760 3172 1822 3236 est.
1867 3163 1951 3236 Cum
1986 3165 2021 3232 in

647 3279 774 3351 illorum
801 3280 975 3376 Diptpchis
1001 3283 1087 3353 inter
1114 3291 1250 3354 sanctos
1277 3305 1416 3378 quorum
1443 3285 1602 3354 memoria
1628 3281 1681 3370 lit,
1707 3279 1921 3368 Dioscorum,
1946 3277 2020 3350 Se-

648 3417 766 3467 verum
799 3405 832 3468 et
859 3396 982 3469 similes
1008 3393 1195 3470 nominatos
1222 3398 1526 3485 animadvertimus,
1561 3396 1602 3468 de
1629 3395 1781 3491 Eutyche
1807 3416 1851 3465 ne
1878 3390 2019 3466 verbum

648 3511 794 3606 quidem:
830 3511 954 3586 frustra
984 3513 1060 3586 illos
1087 3517 1238 3585 accusari
1270 3513 1357 3608 quod
1392 3535 1467 3585 eum
1501 3514 1624 3584 sanctis
1658 3509 1891 3598 adnumerent,
1924 3516 2018 3578 certo

646 3625 867 3719 intelligimus.
894 3627 939 3699 Et
966 3628 1230 3724 quandoquidem
1257 3629 1343 3724 apud
1370 3650 1487 3700 omnes
1502 3624 1674 3698 Jacobitas
1694 3623 1815 3720 ubique
1842 3623 1929 3695 idem
1948 3620 2018 3694 ob-

647 3764 831 3834 servamus,
858 3747 1037 3816 maximum
1063 3743 1194 3816 illorum
1220 3744 1391 3836 Liturgiae
1418 3743 1461 3815 ad
1488 3740 1737 3834 significandam
1762 3740 1892 3812 illorum
1918 3737 2018 3810 fidem

645 3858 775 3953 pondus
802 3858 935 3949 habent,
963 3870 997 3932 et
1023 3862 1168 3932 omnium
1195 3861 1456 3933 testimoniomm
1481 3860 1558 3932 loco
1586 3879 1665 3930 esse
1690 3864 1843 3952 possrmt,
1870 3852 1958 3948 quod
1974 3852 2018 3924 de

645 3973 854 4046 Nestorianis
881 3997 1012 4070 quoque
1038 3985 1091 4048 est
1116 3975 1373 4068 intelligendum.

748 4091 822 4161 dam
855 4088 897 4162 de
934 4089 1123 4184 disciplina,
1160 4112 1246 4184 quae
1277 4111 1356 4185 pars
1388 4089 1612 4182 Liturgiarum
1638 4099 1705 4176 est,
1738 4083 1935 4160 resumenda
1963 4093 2017 4155 est

645 4209 761 4277 oratio.
1454 4211 1455 4214 ’
