4778 6034
725 1081 1324 1294 INDEX

385 1449 787 1548 DISSERTATIONUM
809 1452 868 1543 ΕΤ
896 1451 1220 1546 LITURGIIRUII
1248 1452 1372 1562 QUAE
1401 1453 1494 1550 Hoc
1514 1456 1753 1551 iotitffltn

906 1632 1235 1727 CONTINENTUR.

364 2213 599 2280 PRAEFATIO.

364 2315 624 2382 DISSER'I'ATIO
653 2323 695 2380 lte
725 2319 908 2395 liturgiarum
937 2323 1041 2382 Orien·
1081 2359 1092 2382 .

1028 2423 1042 2486 I
1093 2417 1349 2486 DISSERTX'IIO
1369 2428 1405 2484 de
1425 2427 1526 2500 Lingua
1539 2429 1661 2503 Coptica.
1677 2427 1769 2491 cvttl

411 2426 499 2484 talium
528 2429 636 2500 origine
659 2433 688 2484 et
710 2427 866 2486 autoritate.

1094 2215 1353 2280 DISSERTXTIO
1385 2221 1421 2278 dc
1452 2221 1618 2296 Coptitaruna
1645 2226 1769 2284 Alexan-

1647 2325 1768 2390 LXXVI

1138 2325 1276 2381 drinornm
1305 2323 1444 2397 liturgiis.

433 2523 1040 2604 01111111111111111111111-
1092 2523 1302 2590 LITURGIAE
1316 2529 1483 2603 Coptitarum
1506 2534 1675 2608 exception
1695 2551 1765 2594 con·

475 2641 518 2691 tus
545 2635 629 2692 inisse
651 2633 840 2698 Eucharistiae
868 2649 1037 2692 consecran-

474 2738 526 2794 dae
538 2739 660 2810 formam,
672 2753 742 2809 quae
757 2737 866 2794 Graecis
880 2737 1037 2810 Latinisque

474 2841 604 2914 liturgiis
627 2841 701 2898 ioret
723 2840 870 2896 dissimilis.
964 2837 1035 2902 ibid.

438 2939 472 3002 II.
496 2946 632 3017 liturgias
651 2961 763 3018 omnes,
788 2959 823 3000 ex
845 2960 898 3016 qno
917 2946 1039 3018 scriptae

474 3056 548 3122 sunt,
568 3047 632 3106 nihil
651 3049 795 3104 continere
809 3048 882 3119 quod
897 3051 986 3105 reteri
1010 3056 1039 3106 et

473 3151 654 3225 Apostolicae
669 3151 863 3208 Eucharistiam
881 3152 1038 3210 celebrandi

473 3255 577 3312 tornae
586 3271 641 3336 non
650 3261 778 3312 accurate
786 3255 963 3326 respondeat.
972 3249 1039 3338 VIII

430 3352 477 3419 III.
500 3357 660 3416 Ostenditnr
672 3365 785 3415 veteres
798 3357 934 3429 liturgias
949 3360 1038 3417 Grae-

472 3477 518 3519 cas
532 3467 561 3519 et
572 3460 727 3520 Orientaies
740 3479 799 3518 cam
815 3461 916 3520 latinis
930 3477 1038 3519 conve-

471 3569 541 3640 nire,
566 3572 594 3622 et
615 3571 745 3638 utrasque
762 3565 938 3638 Apostolicae
958 3565 1037 3622 ceie-

471 3667 635 3726 lrandornm
664 3670 854 3739 mysteriorum
882 3669 986 3726 formae
1008 3669 1036 3724 in

470 3773 623 3845 praecipuis
637 3773 770 3845 capitibus
782 3772 961 3844 respondere.
980 3765 1037 3829 XV

428 3869 474 3936 lv.
499 3874 570 3946 Quid
594 3875 767 3948 indicandum
795 3877 831 3932 sit
858 3876 894 3930 de
919 3875 1036 3946 antiquis

470 3979 583 4037 oriem
612 3974 726 4049 neom,
754 3977 850 4049 narei,
879 3977 971 4033 nasim
1007 3983 1037 4034 er
1083 3951 1089 3972 ³

470 4081 658 4153 chrysostomi
681 4081 817 4156 liturgiis.
953 4075 1036 4139 XXII

428 4179 462 4244 V.
486 4182 557 4254 Quid
583 4185 753 4240 verisimilius
783 4186 864 4242 statui
884 4184 972 4257 possit
999 4183 1035 4240 de

470 4294 613 4362 tempore,
633 4305 686 4360 quo
704 4289 825 4361 scriptae
849 4294 911 4344 sunt
932 4287 1034 4345 Orien·

470 4391 540 4448 tales
562 4390 710 4464 liturgiae.
950 4386 1034 4449 XXX

426 4489 475 4554 VI.
496 4495 538 4550 De
560 4495 688 4568 linguis,
716 4497 812 4568 quibus
838 4495 976 4568 liturgiae
999 4494 1032 4551 ab

469 4599 557 4674 initio,
570 4605 599 4655 et
612 4599 647 4655 ad
660 4599 729 4656 haec
744 4615 830 4671 nsque
844 4605 967 4671 tempora
981 4615 1033 4654 ce-

469 4702 568 4758 lebrari
590 4703 689 4760 solitae
710 4709 783 4763 sunt.
881 4695 1038 4760 XXXVIII

426 4799 489 4863 VII.
505 4805 547 4861 lie
558 4805 737 4877 liturgiarum
750 4807 906 4864 autoritate.
925 4799 1032 4864 XLVII

425 4903 502 4967 vlit.
524 4909 566 4965 Dc
587 4909 747 4982 disciplinae
768 4909 941 4984 liturgicae,
962 4917 1032 4982 quae

466 5011 591 5068 liutricia
611 5019 658 5068 aut
674 5012 821 5072 liitualibus
839 5014 916 5071 libris
938 5013 1031 5068 conti-

467 5120 547 5172 netur
568 5117 722 5174 autoritate.

409 5265 494 5309 l'ornus
510 5267 527 5310 i.

937 5109 1040 5174 LXIII-

1177 2649 1285 2691 versae.
1745 2639 1760 2696 1

1132 2736 1253 2808 liturgia
1275 2739 1362 2794 sancti
1383 2737 1483 2796 Basilii.
1696 2740 1765 2804 ibid.

1132 2839 1252 2912 liturgia
1274 2841 1361 2898 sancti
1384 2839 1526 2914 Gregorii.
1723 2844 1764 2906 25

1134 2943 1255 3015 liturgia
1277 2945 1366 3000 sancti
1388 2943 1492 3016 cyrilli.
1723 2951 1764 3008 38

1134 3045 1281 3104 Orationes
1312 3053 1341 3104 et
1362 3047 1573 3107 Benedictioues
1601 3051 1635 3108 ad
1662 3069 1766 3110 conse·

1177 3153 1327 3208 oraticnem
1347 3152 1464 3208 omniurn
1480 3153 1582 3212 Altaris
1600 3157 1765 3215 instrumen-

1177 3259 1275 3313 torum.
1296 3269 1301 3290 t
1722 3261 1763 3316 53
1890 3286 1892 3294 ¹

1133 3357 1272 3430 liturgiae
1294 3359 1418 3416 Graecae
1439 3359 1650 3419 Alexandrinae.
1723 3365 1762 3424 57

1133 3461 1253 3533 liturgia
1268 3463 1297 3520 S.
1308 3461 1398 3519 Basilii
1413 3462 1597 3522 Alexandrina
1610 3481 1646 3522 ex
1659 3465 1764 3524 Godice

1176 3565 1435 3624 Graeco-Arabico.
1694 3569 1762 3631 ibid.

1131 3668 1251 3740 liturgia
1275 3671 1362 3726 sancti
1384 3669 1470 3727 Patris
1492 3671 1631 3741 Gregorii.
1720 3673 1759 3729 85

1131 3771 1161 3827 11
1190 3771 1338 3846 liturgiam
1379 3773 1462 3830 llarci
1492 3789 1619 3845 graecam
1647 3775 1762 3833 Praela-

1175 3875 1225 3931 tio.
1699 3877 1760 3936 116

1131 3975 1227 4035 Divina
1240 3978 1378 4050 liturgia,
1401 3995 1452 4036 seu
1467 3978 1560 4054 111111,
1579 3978 1761 4056 1111111111-

1174 4080 1238 4138 stoli
1261 4087 1290 4139 et
1307 4071 1502 4154 Evdngeiistae
1516 4083 1609 4159 Marci,
1631 4083 1760 4159 Discipuli

1173 4187 1260 4242 sancti
1282 4185 1366 4245 Petri.
1697 4187 1759 4246 120

1132 4287 1253 4345 Guilelmi
1280 4289 1372 4345 Sirleti
1400 4288 1548 4346 Cardinalis
1575 4289 1696 4364 Epistola
1725 4293 1760 4350 ad

1172 4390 1306 4449 loannem
1327 4408 1341 4446 a
1357 4391 1388 4448 S.
1402 4392 1512 4448 dndrea
1526 4393 1643 4464 insignia
1657 4393 1759 4451 Eccle-
1796 4414 1799 4431 ·

1171 4495 1229 4550 siae
1246 4494 1405 4552 Parisiensis
1419 4493 1593 4556 Canonicum.
1696 4496 1757 4554 tta

1127 4595 1249 4670 Epistola
1279 4596 1305 4653 i.
1336 4597 1404 4653 as.
1434 4597 1546 4654 Andrea
1583 4599 1617 4655 ad
1646 4599 1758 4656 (1111111-

1171 4717 1240 4756 mnm
1263 4700 1390 4757 Sirletnm
1412 4700 1590 4762 Cardinnlern.
1695 4700 1757 4759 150

1127 4804 1342 4862 Commentarius
1373 4806 1407 4862 ad
1441 4805 1587 4877 liturgiam
1617 4803 1757 4878 coptioam

1170 4908 1257 4966 sancti
1277 4907 1377 4970 Basilii.
1694 4907 1755 4965 152

1126 5010 1156 5068 ln
1182 5011 1330 5085 liturgiam
1353 5011 1494 5084 Coptioam
1519 5011 1605 5068 sancti
1627 5011 1755 5082 Gregorii

1168 5115 1267 5174 Notae.
1692 5113 1754 5170 280

1478 5258 1498 5298 G
