4778 6034
445 610 495 687 DE
513 606 770 685 tumtunm
785 605 1038 682 ORIENTALIUE
1051 605 1201 684 ORIGINE
1214 607 1262 682 ET
1275 605 1525 682 AUTORITATE.
1579 603 1645 676 XV
1645 604 1677 684 Π

307 795 349 869 ab
384 795 560 890 Apostolis
599 792 767 864 traditam:
800 801 946 884 atquae
977 791 1086 863 torma
1112 791 1309 887 Apostolica
1352 813 1430 864 esse
1471 795 1677 884 agnoscitur,

304 910 455 983 eamdem
481 907 722 1000 ltvmgetcam
750 927 883 1000 quoque
911 927 990 978 esse
1016 927 1159 980 necesse
1186 916 1250 995 est,
1276 929 1351 977 cum
1377 905 1548 980 traderent
1572 909 1677 1002 Apo·-

305 1025 393 1116 stoli,
421 1025 556 1120 quoda
584 1022 715 1095 Ohristo
742 1028 952 1115 acceperant.
1004 1021 1071 1092 Tot
1097 1021 1303 1094 diversamm
1331 1022 1468 1094 Coenae
1494 1021 1679 1094 celebran-

305 1140 369 1212 dae
399 1137 615 1210 formularum
646 1136 734 1207 nulla
762 1134 960 1229 Apostolica
988 1146 1045 1206 aut
1069 1135 1277 1228 Evangelica
1311 1158 1352 1208 eo
1380 1136 1454 1210 solo
1482 1148 1678 1230 argumento

305 1255 370 1326 diei
395 1260 521 1349 potest,
548 1252 637 1346 quod
663 1254 758 1322 unius
775 1248 949 1345 archetypi
975 1260 1024 1321 tot
1049 1254 1135 1322 inter
1161 1273 1200 1323 se
1218 1251 1388 1324 dissimilia
1417 1253 1571 1348 exempla
1598 1275 1677 1326 esse

304 1371 535 1464 nonpossint.
587 1369 635 1440 At
659 1370 693 1437 in
719 1365 878 1458 Liturgiis
907 1364 1046 1437 Graecis
1074 1375 1107 1438 et
1133 1366 1259 1439 Latinis
1287 1365 1459 1438 veteribus
1491 1377 1525 1438 et
1550 1390 1678 1440 recen-

304 1485 444 1556 tioribus
471 1481 644 1554 manifesta
672 1490 724 1552 est
752 1483 839 1552 inter
865 1503 904 1553 sc
937 1480 1113 1552 similitudo
1142 1491 1261 1552 etcum
1288 1484 1460 1575 primaeva
1488 1480 1543 1553 illa
1570 1481 1677 1555 forma

305 1621 403 1692 quam
428 1597 658 1694 Apostolicam
686 1594 810 1685 luisse,
846 1604 922 1667 ante
948 1597 1201 1668 Pnotcstantium
1229 1594 1448 1668 delectionem
1481 1618 1581 1668 nemo
1609 1596 1677 1669 du-

304 1711 487 1802 bitaverat,
514 1722 548 1784 et
573 1735 613 1783 ea
639 1732 702 1805 per
728 1719 841 1805 partes
868 1720 921 1783 est
947 1710 1156 1806 explicanda.

411 1827 698 1901 Convenientibus
731 1829 831 1917 igitur
865 1825 1058 1898 Christianis
1093 1825 1328 1921 praesidebant
1367 1848 1434 1898 non
1470 1830 1678 1922 quicumque,
1707 1841 1746 1893 ua
1764 1858 1811 1910 per
1830 1854 1914 1909 paras
1936 1862 1982 1898 ax·
2016 1873 2022 1890 .

307 1943 365 2016 sed
402 1964 486 2037 quos
521 1946 747 2040 προεστῶτας
772 1951 874 2012 vocat
909 1940 1058 2013 lustinus
1092 1939 1240 2036 Martyr3
1274 1940 1435 2036 Episcopi
1467 1942 1595 2014 scilicet
1619 1944 1677 2015 vel
1690 1926 1808 1995 ¹’¹⁵⁰³‘¹¹¹·

307 2058 527 2130 Sacerdotes:
556 2057 641 2128 adeo
668 2065 704 2126 ut
729 2053 856 2151 absque
883 2055 948 2128 illis
975 2059 1246 2128 commemoratio
1272 2056 1420 2146 legitima
1446 2055 1529 2130 lesu
1556 2058 1677 2132 Christi
1707 2013 1865 2068 Sacerdote.

306 2174 487 2245 secundum
513 2175 586 2264 ejus
611 2174 846 2244 institutionem
873 2193 941 2244 non
967 2170 1076 2243 lieret:
1104 2170 1191 2242 idem
1219 2192 1352 2266 semper
1378 2179 1412 2242 et
1437 2170 1581 2266 ubique,
1608 2183 1676 2245 tam
1738 2259 1741 2266 Ι

305 2291 337 2359 in
365 2289 503 2362 Oriente
531 2309 629 2381 quam
654 2289 688 2357 in
716 2285 897 2358 Occidente
924 2284 1138 2360 observatum
1165 2295 1226 2359 est.

407 2403 500 2476 Vasa
528 2424 638 2492 sacra,
665 2405 765 2473 etiam
792 2401 866 2474 dum
894 2406 1146 2496 persecutiones
1174 2402 1359 2492 saevirent,
1386 2402 1429 2473 ad
1446 2423 1576 2474 sacrum
1603 2409 1673 2476 mi-
1688 2405 1756 2460 vm
1774 2423 1856 2463 wera·

304 2521 474 2590 misterium
502 2514 645 2588 adhibita
671 2515 775 2589 luisse
803 2538 905 2588 aurea
933 2526 966 2588 et
989 2527 1162 2610 argentea,
1188 2516 1395 2588 notissimum
1421 2527 1473 2590 est
1499 2541 1545 2590 ex
1564 2517 1675 2593 Gestis

253 2631 256 2636 ’
304 2635 510 2729 purgationis
538 2631 733 2724 Caeciliani,
760 2631 940 2703 Prudentio
968 2641 1002 2703 et
1029 2632 1113 2706 abisa

406 2748 536 2830 Altaria
564 2769 695 2842 quoque
722 2758 757 2818 ut
784 2746 952 2818 Thronum
972 2745 1107 2839 Christi,
1134 2749 1307 2839 lomagna
1321 2751 1541 2820 veneratione
1559 2749 1676 2843 luisse,
1691 2748 1798 2806 Altaria.

302 2889 412 2960 neque
440 2862 482 2935 ab
510 2863 582 2936 aliis
610 2886 708 2956 quam
735 2887 755 2934 a
781 2864 968 2936 Donatistis
1003 2873 1059 2933 aut
1090 2861 1244 2953 ArianiS,
1277 2862 1335 2935 uel
1369 2861 1518 2934 Ethnicis
1553 2886 1676 2938 eversa

304 2992 338 3053 et
363 2979 539 3077 profanata
572 2977 698 3067 brisso,
732 3001 778 3051 ex
810 2978 953 3074 Optato,
986 2977 1188 3066 Athanasio,
1222 2987 1257 3050 et
1288 2978 1361 3050 aliis
1395 3001 1503 3073 oeque
1538 2987 1675 3052 certum.

303 3095 431 3168 Eadem
464 3098 493 3167 si
526 3093 627 3166 rebus
660 3092 837 3167 Ecclesiae
880 3092 1140 3184 florentissimis,
1172 3096 1279 3166 variis
1311 3091 1487 3189 precibus,
1526 3094 1676 3190 reliquiis

303 3222 486 3306 martyrum
513 3220 547 3282 et
573 3212 671 3302 signo
698 3213 805 3281 crucis
833 3219 1029 3282 consecrata
1046 3217 1137 3280 sunt:
1164 3208 1242 3279 nihil
1268 3212 1302 3281 in
1317 3209 1435 3282 Latina
1460 3210 1518 3282 vel
1545 3208 1675 3284 Graeca

303 3326 458 3400 Ecclesia
485 3327 697 3398 commissum
725 3333 777 3398 est
803 3334 918 3396 contra
945 3336 1097 3397 veterem
1124 3325 1351 3421 disciplinam,
1385 3349 1470 3422 quae
1496 3326 1619 3421 ubique
1645 3331 1677 3398 in

307 3441 449 3514 Graecia
467 3451 501 3513 et
526 3440 663 3512 Oriente
685 3460 752 3511 non
771 3442 877 3512 minus
904 3439 1008 3512 adhuc
1027 3444 1134 3534 viget,
1159 3465 1254 3537 quam
1278 3445 1311 3512 in
1336 3441 1488 3514 Romana
1512 3441 1676 3514 Ecclesia.

404 3557 528 3630 Vestes
565 3558 669 3628 sacris
704 3557 894 3628 ministeriis
926 3560 1080 3652 proprias
1109 3567 1258 3649 gestare,
1285 3557 1361 3628 dum
1396 3558 1550 3648 Liturgia
1577 3559 1675 3630 cele-
1690 3573 1781 3629 tanea
1799 3590 1895 3628 sacrae.
1954 3637 1958 3648 ,

297 3670 462 3762 braretur,
490 3672 704 3765 antiquissimi
737 3673 834 3740 etiam
863 3675 964 3742 moris
992 3681 1062 3760 est,
1099 3695 1196 3766 quem
1227 3670 1385 3744 Ecclesia
1410 3670 1597 3763 Anglioona
1629 3695 1675 3744 ex

305 3796 401 3882 parte
426 3789 571 3875 retinuit,
599 3795 685 3858 totus
714 3783 834 3857 Oriens
861 3785 1113 3878 religiosissime
1140 3784 1310 3858 observat.
1574 3859 1577 3862 .

406 3900 685 3997 Praeparatoriae
712 3921 833 3994 preces
860 3901 982 3973 multae
1009 3911 1145 3973 suntet
1177 3901 1334 3974 diversae
1368 3903 1402 3973 in
1435 3904 1577 3996 antiquis
1610 3903 1675 3974 Li·
1699 3900 1916 4002 ‘Puerumque
1933 3921 1994 4004 ⁰5·-

304 4020 441 4110 turgiis3
475 4019 639 4088 sententia
671 4037 805 4110 semper
841 4018 978 4106 eadem,
1014 4039 1078 4089 nec
1111 4017 1154 4088 de
1179 4016 1242 4090 illis
1278 4021 1509 4093 controversia
1544 4023 1675 4093 moveri
1686 3998 1803 4042 ‘'⁰³⁰⁸“
1811 4005 1995 4045 caeremoniae

301 4133 367 4205 ulla
394 4141 521 4228 potest;
548 4154 622 4202 cum
650 4154 696 4203 ex
723 4131 787 4204 illis
813 4133 990 4206 nonnullae
1016 4132 1163 4204 selectae
1191 4143 1278 4223 sunt,
1296 4157 1382 4229 quae
1398 4135 1536 4226 singulis
1564 4134 1677 4208 officiis

302 4251 591 4339 conjungerentur.
645 4246 718 4318 Nec
746 4247 810 4320 alia
837 4252 922 4320 ratio
951 4258 1002 4322 est
1029 4269 1142 4319 eorum
1170 4272 1255 4342 qnae
1289 4252 1468 4344 posteriori
1501 4249 1673 4344 disciplina

302 4368 446 4438 instituta
473 4375 561 4455 sunt,
590 4367 680 4434 circa
705 4368 801 4458 ponis
829 4375 864 4437 et
888 4369 959 4437 vini
973 4365 1271 4461 praeparationem.
1300 4364 1460 4449 Quamvis
1484 4368 1570 4436 enim
1598 4369 1675 4438 sin-

302 4477 437 4570 gulares
464 4483 546 4552 ritus
573 4502 641 4552 uon
666 4478 848 4552 habeamus
875 4483 1051 4577 antiquitus
1086 4483 1308 4575 perscriptos,
1349 4502 1432 4574 quos
1459 4483 1492 4552 in
1521 4481 1673 4556 omnibus

301 4593 464 4668 Ecclesiis
493 4594 696 4668 observatos
724 4595 842 4667 deiude
874 4595 979 4670 luisse
1011 4596 1174 4686 legimus,
1209 4602 1245 4665 ut
1277 4594 1398 4667 munde
1431 4605 1466 4667 et
1499 4595 1674 4690 ddigenter

300 4719 600 4805 praepararentur,
635 4733 720 4804 quae
752 4713 786 4781 in
818 4735 940 4808 corpus
976 4721 1009 4783 et
1040 4713 1237 4802 sanquinem
1271 4710 1391 4784 Ohristi
1426 4714 1673 4785 transmutanda

302 4826 499 4919 credebant,
526 4848 625 4898 nemo
652 4848 795 4922 unquam
821 4838 957 4923 praeter
981 4824 1129 4900 furiosos
1165 4827 1240 4900 illos
1267 4827 1431 4902 fanaticos
1457 4833 1672 4925 existimavit,

300 4942 539 5036 simphcitatem
566 4941 807 5034 Evangelicam
841 4947 874 5016 in
908 4967 949 5017 eo
983 4945 1186 5034 consistere,
1223 4954 1258 5015 ut
1290 4967 1310 5016 e
1345 4945 1483 5018 taberna
1515 4949 1609 5041 panis
1638 4955 1672 5018 et

300 5059 413 5128 viuum
439 5067 650 5152 peterentur,
687 5060 776 5154 quod
808 5083 852 5132 nc
887 5060 928 5132 ad
964 5081 1171 5132 communem
1206 5060 1337 5156 quidem
1372 5060 1480 5133 cibum
1513 5061 1671 5134 lautiores

314 5195 438 5238 monost
1443 5177 1468 5248 3
