<?xml version="1.0" encoding="UTF-8"?>
<!DOCTYPE html PUBLIC "-//W3C//DTD XHTML 1.0 Transitional//EN"
    "http://www.w3.org/TR/xhtml1/DTD/xhtml1-transitional.dtd">
<html xmlns="http://www.w3.org/1999/xhtml" xml:lang="en" lang="en">
 <head>
  <title>
</title>
<meta http-equiv="Content-Type" content="text/html;charset=utf-8" />
  <meta name='ocr-system' content='tesseract 3.04.00' />
  <meta name='ocr-capabilities' content='ocr_page ocr_carea ocr_par ocr_line ocrx_word'/>
</head>
<body>
  <div class='ocr_page' id='page_1' title='image "./liturgiarumorie03renagoog_0479.png"; bbox 0 0 4670 6046; ppageno 0'>
   <div class='ocr_carea' id='block_1_1' title="bbox 555 596 1349 677">
    <p class='ocr_par' dir='ltr' id='par_1_1' title="bbox 555 596 1349 677">
     <span class='ocr_line' id='line_1_1' title="bbox 555 596 1349 677; baseline 0.006 -5"><span class='ocrx_word' id='word_1_1' title='bbox 555 599 630 672; x_wconf 81' lang='grc'><strong>316</strong></span> <span class='ocrx_word' id='word_1_2' title='bbox 1119 596 1349 677; x_wconf 82' lang='lat' dir='ltr'><strong>NOTAE</strong></span> 
     </span>
    </p>
   </div>
   <div class='ocr_carea' id='block_1_2' title="bbox 553 781 1919 962">
    <p class='ocr_par' dir='ltr' id='par_1_2' title="bbox 553 781 1919 962">
     <span class='ocr_line' id='line_1_2' title="bbox 553 781 1919 870; baseline 0.007 -26"><span class='ocrx_word' id='word_1_3' title='bbox 553 781 646 848; x_wconf 86' lang='lat' dir='ltr'><strong>ribos.</strong></span> <span class='ocrx_word' id='word_1_4' title='bbox 689 781 805 865; x_wconf 82' lang='lat' dir='ltr'><strong>Nempe</strong></span> <span class='ocrx_word' id='word_1_5' title='bbox 828 790 954 868; x_wconf 85' lang='lat' dir='ltr'><strong>rogatur</strong></span> <span class='ocrx_word' id='word_1_6' title='bbox 966 781 1060 861; x_wconf 87' lang='lat' dir='ltr'><strong>Deus,</strong></span> <span class='ocrx_word' id='word_1_7' title='bbox 1083 789 1115 845; x_wconf 93' lang='lat' dir='ltr'><strong>ut</strong></span> <span class='ocrx_word' id='word_1_8' title='bbox 1137 781 1295 846; x_wconf 78' lang='lat' dir='ltr'><strong>benedicat</strong></span> <span class='ocrx_word' id='word_1_9' title='bbox 1317 783 1603 870; x_wconf 78' lang='lat' dir='ltr'><strong>congregationibus</strong></span> <span class='ocrx_word' id='word_1_10' title='bbox 1618 785 1863 870; x_wconf 84' lang='lat' dir='ltr'><strong>Christianorum,</strong></span> <span class='ocrx_word' id='word_1_11' title='bbox 1885 799 1919 855; x_wconf 92' lang='lat' dir='ltr'><strong>ut</strong></span> 
     </span>
     <span class='ocr_line' id='line_1_3' title="bbox 553 881 1248 962; baseline 0.007 -19"><span class='ocrx_word' id='word_1_12' title='bbox 553 881 649 946; x_wconf 90' lang='lat' dir='ltr'><strong>libere</strong></span> <span class='ocrx_word' id='word_1_13' title='bbox 671 891 701 946; x_wconf 90' lang='lat' dir='ltr'><strong>et</strong></span> <span class='ocrx_word' id='word_1_14' title='bbox 724 884 788 947; x_wconf 90' lang='lat' dir='ltr'><strong>sine</strong></span> <span class='ocrx_word' id='word_1_15' title='bbox 810 881 1022 962; x_wconf 91' lang='lat' dir='ltr'><strong>impedimento</strong></span> <span class='ocrx_word' id='word_1_16' title='bbox 1046 882 1248 948; x_wconf 78' lang='lat' dir='ltr'><strong>celebrentur.</strong></span> 
     </span>
    </p>
   </div>
   <div class='ocr_carea' id='block_1_3' title="bbox 552 1139 1918 1334">
    <p class='ocr_par' dir='ltr' id='par_1_3' title="bbox 552 1139 1918 1334">
     <span class='ocr_line' id='line_1_4' title="bbox 552 1139 1918 1244; baseline 0.001 -25"><span class='ocrx_word' id='word_1_17' title='bbox 552 1142 590 1222; x_wconf 85' lang='lat' dir='ltr'><strong>‘O</strong></span> <span class='ocrx_word' id='word_1_18' title='bbox 619 1142 720 1229; x_wconf 81' lang='grc' dir='ltr'><strong>Λαὸς</strong></span> <span class='ocrx_word' id='word_1_19' title='bbox 754 1148 846 1244; x_wconf 72' lang='grc' dir='ltr'><strong>λέγει</strong></span> <span class='ocrx_word' id='word_1_20' title='bbox 882 1139 1049 1218; x_wconf 80' lang='grc' dir='ltr'><em>Πιστεύω</em></span> <span class='ocrx_word' id='word_1_21' title='bbox 1086 1145 1132 1226; x_wconf 77' lang='grc' dir='ltr'><strong>εἰς</strong></span> <span class='ocrx_word' id='word_1_22' title='bbox 1166 1147 1229 1218; x_wconf 74' lang='grc' dir='ltr'><strong>ἕνα</strong></span> <span class='ocrx_word' id='word_1_23' title='bbox 1263 1142 1360 1221; x_wconf 64' lang='lat' dir='ltr'><strong>oria.</strong></span> <span class='ocrx_word' id='word_1_24' title='bbox 1429 1147 1582 1242; x_wconf 81' lang='lat' dir='ltr'><strong>Poptdns</strong></span> <span class='ocrx_word' id='word_1_25' title='bbox 1617 1149 1701 1219; x_wconf 87' lang='lat' dir='ltr'><strong>dicii</strong></span> <span class='ocrx_word' id='word_1_26' title='bbox 1735 1147 1847 1220; x_wconf 74' lang='lat' dir='ltr'><strong>Orado</strong></span> <span class='ocrx_word' id='word_1_27' title='bbox 1883 1153 1918 1220; x_wconf 85' lang='lat' dir='ltr'><strong>ia</strong></span> 
     </span>
     <span class='ocr_line' id='line_1_5' title="bbox 1028 1259 1499 1334; baseline 0.004 -4"><span class='ocrx_word' id='word_1_28' title='bbox 1028 1308 1030 1316; x_wconf 87' lang='lat'>·</span> <span class='ocrx_word' id='word_1_29' title='bbox 1114 1283 1212 1332; x_wconf 86' lang='lat' dir='ltr'><strong>anam</strong></span> <span class='ocrx_word' id='word_1_30' title='bbox 1238 1263 1357 1334; x_wconf 85' lang='lat' dir='ltr'><strong>Deam.</strong></span> <span class='ocrx_word' id='word_1_31' title='bbox 1496 1259 1499 1266; x_wconf 55' lang='lat'><strong>⁴</strong></span> 
     </span>
    </p>
   </div>
   <div class='ocr_carea' id='block_1_4' title="bbox 552 1471 1920 2070">
    <p class='ocr_par' dir='ltr' id='par_1_4' title="bbox 552 1471 1920 2070">
     <span class='ocr_line' id='line_1_6' title="bbox 656 1471 1920 1563; baseline 0.001 -12"><span class='ocrx_word' id='word_1_32' title='bbox 656 1471 822 1551; x_wconf 84' lang='lat' dir='ltr'><strong>ernouun</strong></span> <span class='ocrx_word' id='word_1_33' title='bbox 844 1483 1007 1546; x_wconf 88' lang='lat' dir='ltr'><strong>Nicaenum</strong></span> <span class='ocrx_word' id='word_1_34' title='bbox 1031 1482 1110 1563; x_wconf 89' lang='lat' dir='ltr'><strong>apud</strong></span> <span class='ocrx_word' id='word_1_35' title='bbox 1133 1481 1303 1548; x_wconf 86' lang='lat' dir='ltr'><strong>Orientales</strong></span> <span class='ocrx_word' id='word_1_36' title='bbox 1331 1503 1435 1548; x_wconf 89' lang='lat' dir='ltr'><strong>omnes</strong></span> <span class='ocrx_word' id='word_1_37' title='bbox 1459 1484 1516 1548; x_wconf 90' lang='lat' dir='ltr'><strong>dici</strong></span> <span class='ocrx_word' id='word_1_38' title='bbox 1545 1485 1624 1550; x_wconf 91' lang='lat' dir='ltr'><strong>solet</strong></span> <span class='ocrx_word' id='word_1_39' title='bbox 1654 1487 1733 1550; x_wconf 86' lang='lat' dir='ltr'><strong>inter</strong></span> <span class='ocrx_word' id='word_1_40' title='bbox 1761 1475 1920 1552; x_wconf 80' lang='lat' dir='ltr'><strong>Missurum</strong></span> 
     </span>
     <span class='ocr_line' id='line_1_7' title="bbox 553 1585 1919 1675; baseline 0.004 -25"><span class='ocrx_word' id='word_1_41' title='bbox 553 1587 713 1666; x_wconf 90' lang='lat' dir='ltr'><strong>solemnia,</strong></span> <span class='ocrx_word' id='word_1_42' title='bbox 736 1597 766 1650; x_wconf 91' lang='lat' dir='ltr'><strong>et</strong></span> <span class='ocrx_word' id='word_1_43' title='bbox 789 1587 908 1669; x_wconf 92' lang='lat' dir='ltr'><strong>quidem</strong></span> <span class='ocrx_word' id='word_1_44' title='bbox 935 1594 1004 1650; x_wconf 91' lang='lat' dir='ltr'><strong>ante</strong></span> <span class='ocrx_word' id='word_1_45' title='bbox 1028 1585 1171 1650; x_wconf 85' lang='lat' dir='ltr'>Osculum</span> <span class='ocrx_word' id='word_1_46' title='bbox 1192 1590 1295 1669; x_wconf 80' lang='lat' dir='ltr'><strong>pacis,</strong></span> <span class='ocrx_word' id='word_1_47' title='bbox 1323 1595 1356 1650; x_wconf 93' lang='lat' dir='ltr'><strong>ut</strong></span> <span class='ocrx_word' id='word_1_48' title='bbox 1383 1588 1473 1652; x_wconf 87' lang='lat' dir='ltr'><strong>babet</strong></span> <span class='ocrx_word' id='word_1_49' title='bbox 1495 1587 1603 1653; x_wconf 86' lang='lat' dir='ltr'><strong>Codex</strong></span> <span class='ocrx_word' id='word_1_50' title='bbox 1630 1590 1756 1675; x_wconf 80' lang='lat' dir='ltr'><strong>Regius.</strong></span> <span class='ocrx_word' id='word_1_51' title='bbox 1799 1590 1833 1654; x_wconf 89' lang='lat' dir='ltr'><strong>ln</strong></span> <span class='ocrx_word' id='word_1_52' title='bbox 1855 1589 1919 1656; x_wconf 84' lang='lat' dir='ltr'><strong>Co·</strong></span> 
     </span>
     <span class='ocr_line' id='line_1_8' title="bbox 552 1686 1917 1770; baseline 0.001 -20"><span class='ocrx_word' id='word_1_53' title='bbox 552 1689 651 1769; x_wconf 90' lang='lat' dir='ltr'><strong>pticis,</strong></span> <span class='ocrx_word' id='word_1_54' title='bbox 675 1688 744 1769; x_wconf 91' lang='lat' dir='ltr'><strong>quia</strong></span> <span class='ocrx_word' id='word_1_55' title='bbox 766 1688 906 1750; x_wconf 83' lang='lat' dir='ltr'><strong>rubricae</strong></span> <span class='ocrx_word' id='word_1_56' title='bbox 928 1695 979 1749; x_wconf 90' lang='lat' dir='ltr'><strong>aut</strong></span> <span class='ocrx_word' id='word_1_57' title='bbox 1001 1688 1121 1749; x_wconf 91' lang='lat' dir='ltr'><strong>omnino</strong></span> <span class='ocrx_word' id='word_1_58' title='bbox 1145 1686 1263 1766; x_wconf 83' lang='lat' dir='ltr'><strong>desunt,</strong></span> <span class='ocrx_word' id='word_1_59' title='bbox 1286 1697 1338 1751; x_wconf 89' lang='lat' dir='ltr'><strong>aut</strong></span> <span class='ocrx_word' id='word_1_60' title='bbox 1359 1687 1425 1750; x_wconf 91' lang='lat' dir='ltr'><strong>aliis</strong></span> <span class='ocrx_word' id='word_1_61' title='bbox 1448 1687 1538 1766; x_wconf 89' lang='lat' dir='ltr'><strong>locis,</strong></span> <span class='ocrx_word' id='word_1_62' title='bbox 1560 1688 1641 1752; x_wconf 90' lang='lat' dir='ltr'><strong>unde</strong></span> <span class='ocrx_word' id='word_1_63' title='bbox 1663 1690 1815 1770; x_wconf 84' lang='lat' dir='ltr'><strong>petendae</strong></span> <span class='ocrx_word' id='word_1_64' title='bbox 1836 1698 1917 1766; x_wconf 87' lang='lat' dir='ltr'><strong>sunt,</strong></span> 
     </span>
     <span class='ocr_line' id='line_1_9' title="bbox 553 1773 1919 1871; baseline 0.001 -21"><span class='ocrx_word' id='word_1_65' title='bbox 553 1785 782 1866; x_wconf 90' lang='lat' dir='ltr'><strong>describuntur,</strong></span> <span class='ocrx_word' id='word_1_66' title='bbox 814 1786 991 1868; x_wconf 88' lang='lat' dir='ltr'><strong>plerumque</strong></span> <span class='ocrx_word' id='word_1_67' title='bbox 1021 1786 1108 1849; x_wconf 89' lang='lat' dir='ltr'><strong>deest</strong></span> <span class='ocrx_word' id='word_1_68' title='bbox 1136 1802 1172 1848; x_wconf 87' lang='lat' dir='ltr'><strong>ea</strong></span> <span class='ocrx_word' id='word_1_69' title='bbox 1205 1805 1282 1868; x_wconf 90' lang='lat' dir='ltr'><strong>quae</strong></span> <span class='ocrx_word' id='word_1_70' title='bbox 1309 1794 1426 1868; x_wconf 92' lang='lat' dir='ltr'><strong>spectat</strong></span> <span class='ocrx_word' id='word_1_71' title='bbox 1459 1788 1667 1852; x_wconf 84' lang='lat' dir='ltr'><strong>recitationem</strong></span> <span class='ocrx_word' id='word_1_72' title='bbox 1697 1773 1840 1871; x_wconf 82' lang='lat' dir='ltr'><strong>symboli.</strong></span> <span class='ocrx_word' id='word_1_73' title='bbox 1884 1788 1919 1852; x_wconf 91' lang='lat' dir='ltr'><strong>lu</strong></span> 
     </span>
     <span class='ocr_line' id='line_1_10' title="bbox 554 1885 1919 1968; baseline 0.001 -18"><span class='ocrx_word' id='word_1_74' title='bbox 554 1887 700 1968; x_wconf 82' lang='lat' dir='ltr'><strong>aliquibus</strong></span> <span class='ocrx_word' id='word_1_75' title='bbox 723 1895 821 1951; x_wconf 91' lang='lat' dir='ltr'><strong>tamen</strong></span> <span class='ocrx_word' id='word_1_76' title='bbox 843 1887 994 1968; x_wconf 89' lang='lat' dir='ltr'><strong>reperitur</strong></span> <span class='ocrx_word' id='word_1_77' title='bbox 1015 1903 1091 1968; x_wconf 93' lang='lat' dir='ltr'><strong>quos</strong></span> <span class='ocrx_word' id='word_1_78' title='bbox 1114 1885 1339 1967; x_wconf 88' lang='lat' dir='ltr'><strong>interpretando</strong></span> <span class='ocrx_word' id='word_1_79' title='bbox 1361 1887 1589 1952; x_wconf 75' lang='lat' dir='ltr'><strong>securisumus.</strong></span> <span class='ocrx_word' id='word_1_80' title='bbox 1626 1887 1660 1949; x_wconf 96' lang='lat' dir='ltr'><strong>ln</strong></span> <span class='ocrx_word' id='word_1_81' title='bbox 1683 1887 1800 1952; x_wconf 87' lang='lat' dir='ltr'><strong>Graeca</strong></span> <span class='ocrx_word' id='word_1_82' title='bbox 1822 1888 1919 1952; x_wconf 90' lang='lat' dir='ltr'><strong>blarci</strong></span> 
     </span>
     <span class='ocr_line' id='line_1_11' title="bbox 555 1983 1920 2070; baseline 0 -20"><span class='ocrx_word' id='word_1_83' title='bbox 555 1988 727 2070; x_wconf 84' lang='lat' dir='ltr'><strong>assignatur</strong></span> <span class='ocrx_word' id='word_1_84' title='bbox 754 1995 825 2068; x_wconf 92' lang='lat' dir='ltr'><strong>post</strong></span> <span class='ocrx_word' id='word_1_85' title='bbox 855 1987 1008 2049; x_wconf 88' lang='lat' dir='ltr'><strong>orationes</strong></span> <span class='ocrx_word' id='word_1_86' title='bbox 1038 1983 1134 2048; x_wconf 89' lang='lat' dir='ltr'><strong>osculi</strong></span> <span class='ocrx_word' id='word_1_87' title='bbox 1162 1987 1260 2066; x_wconf 89' lang='lat' dir='ltr'><strong>pacis:</strong></span> <span class='ocrx_word' id='word_1_88' title='bbox 1290 1985 1348 2048; x_wconf 91' lang='lat' dir='ltr'><strong>nisi</strong></span> <span class='ocrx_word' id='word_1_89' title='bbox 1376 1995 1534 2068; x_wconf 89' lang='lat' dir='ltr'><strong>peccatum</strong></span> <span class='ocrx_word' id='word_1_90' title='bbox 1561 1986 1601 2048; x_wconf 92' lang='lat' dir='ltr'><strong>sit</strong></span> <span class='ocrx_word' id='word_1_91' title='bbox 1628 1986 1816 2066; x_wconf 88' lang='lat' dir='ltr'><strong>alibrariis,</strong></span> <span class='ocrx_word' id='word_1_92' title='bbox 1839 1987 1920 2069; x_wconf 91' lang='lat' dir='ltr'><strong>quod</strong></span> 
     </span>
    </p>
   </div>
   <div class='ocr_carea' id='block_1_5' title="bbox 554 2085 1168 2180">
    <p class='ocr_par' dir='ltr' id='par_1_5' title="bbox 554 2085 1168 2180">
     <span class='ocr_line' id='line_1_12' title="bbox 554 2085 1168 2180; baseline -0.005 -29"><span class='ocrx_word' id='word_1_93' title='bbox 554 2087 676 2151; x_wconf 83' lang='lat' dir='ltr'><strong>ridetur</strong></span> <span class='ocrx_word' id='word_1_94' title='bbox 697 2085 870 2150; x_wconf 82' lang='lat' dir='ltr'><strong>verisimile.</strong></span> <span class='ocrx_word' id='word_1_95' title='bbox 954 2163 962 2170; x_wconf 21' lang='lat' dir='ltr'><strong>q</strong></span> <span class='ocrx_word' id='word_1_96' title='bbox 1153 2148 1168 2180; x_wconf 47' lang='grc' dir='ltr'><strong>ι</strong></span> 
     </span>
    </p>
   </div>
   <div class='ocr_carea' id='block_1_6' title="bbox 593 2343 1884 2447">
    <p class='ocr_par' dir='ltr' id='par_1_6' title="bbox 593 2343 1884 2447">
     <span class='ocr_line' id='line_1_13' title="bbox 593 2343 1884 2447; baseline -0.004 -24"><span class='ocrx_word' id='word_1_97' title='bbox 593 2345 692 2445; x_wconf 77' lang='grc' dir='ltr'><em>Εὐχή</em></span> <span class='ocrx_word' id='word_1_98' title='bbox 717 2345 913 2440; x_wconf 77' lang='grc' dir='ltr'><em>ἀσπασμοῦ</em></span> <span class='ocrx_word' id='word_1_99' title='bbox 936 2351 1003 2420; x_wconf 84' lang='grc' dir='ltr'><strong>τοῦ</strong></span> <span class='ocrx_word' id='word_1_100' title='bbox 1026 2343 1133 2447; x_wconf 74' lang='grc' dir='ltr'><em>ἁγίου</em></span> <span class='ocrx_word' id='word_1_101' title='bbox 1157 2345 1360 2420; x_wconf 83' lang='grc' dir='ltr'><strong><em>Βασιλείου.</em></strong></span> <span class='ocrx_word' id='word_1_102' title='bbox 1402 2343 1523 2417; x_wconf 82' lang='lat' dir='ltr'><strong>Oratio</strong></span> <span class='ocrx_word' id='word_1_103' title='bbox 1549 2345 1659 2417; x_wconf 81' lang='lat' dir='ltr'><strong>Pacis</strong></span> <span class='ocrx_word' id='word_1_104' title='bbox 1684 2345 1722 2418; x_wconf 80' lang='lat' dir='ltr'><strong>S.</strong></span> <span class='ocrx_word' id='word_1_105' title='bbox 1749 2346 1884 2418; x_wconf 84' lang='lat' dir='ltr'><strong>Basilii.</strong></span> 
     </span>
    </p>
   </div>
   <div class='ocr_carea' id='block_1_7' title="bbox 552 2557 1920 3549">
    <p class='ocr_par' dir='ltr' id='par_1_7' title="bbox 552 2557 1920 3549">
     <span class='ocr_line' id='line_1_14' title="bbox 643 2557 1918 2650; baseline -0.004 -15"><span class='ocrx_word' id='word_1_106' title='bbox 643 2557 756 2636; x_wconf 76' lang='lat' dir='ltr'><strong>Norunt</strong></span> <span class='ocrx_word' id='word_1_107' title='bbox 777 2567 878 2631; x_wconf 90' lang='lat' dir='ltr'><strong>Basilii</strong></span> <span class='ocrx_word' id='word_1_108' title='bbox 900 2566 1031 2650; x_wconf 88' lang='lat' dir='ltr'><strong>adjicere</strong></span> <span class='ocrx_word' id='word_1_109' title='bbox 1053 2566 1262 2630; x_wconf 90' lang='lat' dir='ltr'><strong>buicorationi</strong></span> <span class='ocrx_word' id='word_1_110' title='bbox 1283 2565 1469 2646; x_wconf 86' lang='lat' dir='ltr'><strong>superfluum</strong></span> <span class='ocrx_word' id='word_1_111' title='bbox 1483 2573 1559 2643; x_wconf 90' lang='lat' dir='ltr'><strong>erat,</strong></span> <span class='ocrx_word' id='word_1_112' title='bbox 1581 2567 1608 2630; x_wconf 92' lang='lat' dir='ltr'><strong>si</strong></span> <span class='ocrx_word' id='word_1_113' title='bbox 1630 2567 1701 2630; x_wconf 91' lang='lat' dir='ltr'><strong>olim</strong></span> <span class='ocrx_word' id='word_1_114' title='bbox 1734 2567 1918 2630; x_wconf 86' lang='lat' dir='ltr'><strong>constitisset</strong></span> 
     </span>
     <span class='ocr_line' id='line_1_15' title="bbox 553 2669 1919 2756; baseline -0.004 -18"><span class='ocrx_word' id='word_1_115' title='bbox 553 2675 694 2756; x_wconf 89' lang='lat' dir='ltr'><strong>scriptam</strong></span> <span class='ocrx_word' id='word_1_116' title='bbox 717 2673 753 2735; x_wconf 91' lang='lat' dir='ltr'><strong>ab</strong></span> <span class='ocrx_word' id='word_1_117' title='bbox 776 2690 814 2736; x_wconf 88' lang='lat' dir='ltr'><strong>eo</strong></span> <span class='ocrx_word' id='word_1_118' title='bbox 838 2691 918 2750; x_wconf 89' lang='lat' dir='ltr'><strong>osso,</strong></span> <span class='ocrx_word' id='word_1_119' title='bbox 941 2680 973 2733; x_wconf 94' lang='lat' dir='ltr'><strong>ut</strong></span> <span class='ocrx_word' id='word_1_120' title='bbox 995 2690 1030 2734; x_wconf 89' lang='lat' dir='ltr'><strong>se</strong></span> <span class='ocrx_word' id='word_1_121' title='bbox 1052 2670 1152 2748; x_wconf 87' lang='lat' dir='ltr'><strong>babet,</strong></span> <span class='ocrx_word' id='word_1_122' title='bbox 1174 2671 1253 2732; x_wconf 91' lang='lat' dir='ltr'><strong>banc</strong></span> <span class='ocrx_word' id='word_1_123' title='bbox 1274 2669 1448 2750; x_wconf 83' lang='lat' dir='ltr'><strong>Liturgiam,</strong></span> <span class='ocrx_word' id='word_1_124' title='bbox 1469 2671 1499 2732; x_wconf 94' lang='lat' dir='ltr'><strong>in</strong></span> <span class='ocrx_word' id='word_1_125' title='bbox 1523 2688 1582 2750; x_wconf 91' lang='lat' dir='ltr'><strong>qua</strong></span> <span class='ocrx_word' id='word_1_126' title='bbox 1612 2671 1756 2752; x_wconf 89' lang='lat' dir='ltr'><strong>opinione</strong></span> <span class='ocrx_word' id='word_1_127' title='bbox 1786 2671 1919 2752; x_wconf 89' lang='lat' dir='ltr'><strong>antiqui-</strong></span> 
     </span>
     <span class='ocr_line' id='line_1_16' title="bbox 553 2768 1919 2838; baseline 0 -4"><span class='ocrx_word' id='word_1_128' title='bbox 553 2779 602 2835; x_wconf 89' lang='lat' dir='ltr'><strong>tus</strong></span> <span class='ocrx_word' id='word_1_129' title='bbox 625 2791 686 2835; x_wconf 92' lang='lat' dir='ltr'><strong>non</strong></span> <span class='ocrx_word' id='word_1_130' title='bbox 714 2771 807 2834; x_wconf 85' lang='lat' dir='ltr'><strong>luisse</strong></span> <span class='ocrx_word' id='word_1_131' title='bbox 834 2771 974 2833; x_wconf 91' lang='lat' dir='ltr'><strong>videntur</strong></span> <span class='ocrx_word' id='word_1_132' title='bbox 1001 2769 1208 2834; x_wconf 83' lang='lat' dir='ltr'><strong>Alexandrini.</strong></span> <span class='ocrx_word' id='word_1_133' title='bbox 1252 2769 1296 2838; x_wconf 81' lang='lat' dir='ltr'><strong>Et,</strong></span> <span class='ocrx_word' id='word_1_134' title='bbox 1312 2768 1449 2832; x_wconf 83' lang='lat' dir='ltr'><strong>fortassis</strong></span> <span class='ocrx_word' id='word_1_135' title='bbox 1477 2769 1557 2832; x_wconf 88' lang='lat' dir='ltr'><strong>bunc</strong></span> <span class='ocrx_word' id='word_1_136' title='bbox 1594 2769 1709 2832; x_wconf 92' lang='lat' dir='ltr'><strong>titulum</strong></span> <span class='ocrx_word' id='word_1_137' title='bbox 1739 2772 1845 2834; x_wconf 90' lang='lat' dir='ltr'><strong>sortita</strong></span> <span class='ocrx_word' id='word_1_138' title='bbox 1872 2779 1919 2834; x_wconf 86' lang='lat' dir='ltr'><strong>est</strong></span> 
     </span>
     <span class='ocr_line' id='line_1_17' title="bbox 554 2867 1917 2955; baseline -0.002 -20"><span class='ocrx_word' id='word_1_139' title='bbox 554 2871 591 2935; x_wconf 91' lang='lat' dir='ltr'><strong>ab</strong></span> <span class='ocrx_word' id='word_1_140' title='bbox 614 2871 664 2935; x_wconf 92' lang='lat' dir='ltr'><strong>illa</strong></span> <span class='ocrx_word' id='word_1_141' title='bbox 686 2875 823 2934; x_wconf 91' lang='lat' dir='ltr'><strong>oratione</strong></span> <span class='ocrx_word' id='word_1_142' title='bbox 847 2889 923 2952; x_wconf 88' lang='lat' dir='ltr'><strong>quae</strong></span> <span class='ocrx_word' id='word_1_143' title='bbox 946 2878 1027 2933; x_wconf 87' lang='lat' dir='ltr'><strong>extat</strong></span> <span class='ocrx_word' id='word_1_144' title='bbox 1046 2871 1080 2955; x_wconf 75' lang='lat' dir='ltr'><strong>in</strong></span> <span class='ocrx_word' id='word_1_145' title='bbox 1102 2869 1218 2932; x_wconf 90' lang='lat' dir='ltr'><strong>Graeca</strong></span> <span class='ocrx_word' id='word_1_146' title='bbox 1246 2867 1365 2948; x_wconf 90' lang='lat' dir='ltr'><strong>Basilii,</strong></span> <span class='ocrx_word' id='word_1_147' title='bbox 1387 2868 1477 2950; x_wconf 92' lang='lat' dir='ltr'><strong>paulo</strong></span> <span class='ocrx_word' id='word_1_148' title='bbox 1507 2877 1607 2933; x_wconf 89' lang='lat' dir='ltr'><strong>tamen</strong></span> <span class='ocrx_word' id='word_1_149' title='bbox 1629 2868 1787 2950; x_wconf 89' lang='lat' dir='ltr'><strong>prolixior.</strong></span> <span class='ocrx_word' id='word_1_150' title='bbox 1832 2870 1917 2947; x_wconf 68' lang='lat' dir='ltr'><strong>Nam,</strong></span> 
     </span>
     <span class='ocr_line' id='line_1_18' title="bbox 552 2967 1920 3060; baseline -0.002 -25"><span class='ocrx_word' id='word_1_151' title='bbox 552 2979 586 3035; x_wconf 89' lang='lat' dir='ltr'><strong>ut</strong></span> <span class='ocrx_word' id='word_1_152' title='bbox 608 2969 677 3034; x_wconf 89' lang='lat' dir='ltr'><strong>alibi</strong></span> <span class='ocrx_word' id='word_1_153' title='bbox 700 2970 892 3034; x_wconf 89' lang='lat' dir='ltr'><strong>observatum</strong></span> <span class='ocrx_word' id='word_1_154' title='bbox 915 2977 972 3049; x_wconf 88' lang='lat' dir='ltr'><strong>est,</strong></span> <span class='ocrx_word' id='word_1_155' title='bbox 995 2969 1159 3051; x_wconf 82' lang='lat' dir='ltr'><strong>Anapbora</strong></span> <span class='ocrx_word' id='word_1_156' title='bbox 1193 2967 1318 3049; x_wconf 90' lang='lat' dir='ltr'><strong>proprie</strong></span> <span class='ocrx_word' id='word_1_157' title='bbox 1346 2967 1425 3030; x_wconf 89' lang='lat' dir='ltr'><strong>dicta</strong></span> <span class='ocrx_word' id='word_1_158' title='bbox 1455 2968 1559 3050; x_wconf 88' lang='lat' dir='ltr'><strong>incipit</strong></span> <span class='ocrx_word' id='word_1_159' title='bbox 1586 2968 1625 3031; x_wconf 91' lang='lat' dir='ltr'><strong>ab</strong></span> <span class='ocrx_word' id='word_1_160' title='bbox 1655 2969 1793 3060; x_wconf 79' lang='lat' dir='ltr'><strong>oratione</strong></span> <span class='ocrx_word' id='word_1_161' title='bbox 1823 2969 1920 3033; x_wconf 88' lang='lat' dir='ltr'><strong>osculi</strong></span> 
     </span>
     <span class='ocr_line' id='line_1_19' title="bbox 552 3067 1919 3153; baseline -0.001 -20"><span class='ocrx_word' id='word_1_162' title='bbox 552 3072 648 3153; x_wconf 88' lang='lat' dir='ltr'><strong>pacis,</strong></span> <span class='ocrx_word' id='word_1_163' title='bbox 670 3079 720 3133; x_wconf 91' lang='lat' dir='ltr'><strong>aut</strong></span> <span class='ocrx_word' id='word_1_164' title='bbox 743 3088 760 3131; x_wconf 92' lang='lat' dir='ltr'><strong>a</strong></span> <span class='ocrx_word' id='word_1_165' title='bbox 782 3067 987 3148; x_wconf 87' lang='lat' dir='ltr'><strong>Praelatione,</strong></span> <span class='ocrx_word' id='word_1_166' title='bbox 1018 3087 1095 3150; x_wconf 88' lang='lat' dir='ltr'><strong>quae</strong></span> <span class='ocrx_word' id='word_1_167' title='bbox 1118 3071 1217 3131; x_wconf 89' lang='lat' dir='ltr'><strong>statim</strong></span> <span class='ocrx_word' id='word_1_168' title='bbox 1239 3069 1393 3150; x_wconf 86' lang='lat' dir='ltr'><strong>sequitur:</strong></span> <span class='ocrx_word' id='word_1_169' title='bbox 1417 3068 1497 3131; x_wconf 90' lang='lat' dir='ltr'><strong>unde</strong></span> <span class='ocrx_word' id='word_1_170' title='bbox 1519 3069 1658 3150; x_wconf 87' lang='lat' dir='ltr'><strong>proclive</strong></span> <span class='ocrx_word' id='word_1_171' title='bbox 1680 3068 1751 3149; x_wconf 88' lang='lat' dir='ltr'><strong>luit,</strong></span> <span class='ocrx_word' id='word_1_172' title='bbox 1782 3075 1815 3131; x_wconf 91' lang='lat' dir='ltr'><strong>nt</strong></span> <span class='ocrx_word' id='word_1_173' title='bbox 1842 3086 1919 3149; x_wconf 86' lang='lat' dir='ltr'><strong>quae</strong></span> 
     </span>
     <span class='ocr_line' id='line_1_20' title="bbox 553 3168 1920 3252; baseline -0.002 -20"><span class='ocrx_word' id='word_1_174' title='bbox 553 3172 648 3252; x_wconf 89' lang='lat' dir='ltr'><strong>prima</strong></span> <span class='ocrx_word' id='word_1_175' title='bbox 671 3168 851 3235; x_wconf 89' lang='lat' dir='ltr'><strong>occurrebat</strong></span> <span class='ocrx_word' id='word_1_176' title='bbox 873 3171 969 3232; x_wconf 90' lang='lat' dir='ltr'><strong>oratio</strong></span> <span class='ocrx_word' id='word_1_177' title='bbox 992 3168 1107 3231; x_wconf 90' lang='lat' dir='ltr'><strong>titulum</strong></span> <span class='ocrx_word' id='word_1_178' title='bbox 1134 3169 1188 3232; x_wconf 92' lang='lat' dir='ltr'><strong>toti</strong></span> <span class='ocrx_word' id='word_1_179' title='bbox 1217 3169 1372 3252; x_wconf 87' lang='lat' dir='ltr'><strong>Liturgiae</strong></span> <span class='ocrx_word' id='word_1_180' title='bbox 1399 3187 1547 3234; x_wconf 90' lang='lat' dir='ltr'><strong>successu</strong></span> <span class='ocrx_word' id='word_1_181' title='bbox 1576 3171 1721 3251; x_wconf 90' lang='lat' dir='ltr'><strong>temporis</strong></span> <span class='ocrx_word' id='word_1_182' title='bbox 1752 3169 1920 3234; x_wconf 89' lang='lat' dir='ltr'><strong>communi-</strong></span> 
     </span>
     <span class='ocr_line' id='line_1_21' title="bbox 555 3267 1918 3351; baseline 0 -19"><span class='ocrx_word' id='word_1_183' title='bbox 555 3276 649 3334; x_wconf 87' lang='lat' dir='ltr'><strong>caret.</strong></span> <span class='ocrx_word' id='word_1_184' title='bbox 683 3268 794 3332; x_wconf 87' lang='lat' dir='ltr'><strong>Omnes</strong></span> <span class='ocrx_word' id='word_1_185' title='bbox 817 3270 895 3331; x_wconf 76' lang='lat' dir='ltr'><strong>enin</strong></span> <span class='ocrx_word' id='word_1_186' title='bbox 917 3287 994 3350; x_wconf 88' lang='lat' dir='ltr'><strong>quae</strong></span> <span class='ocrx_word' id='word_1_187' title='bbox 1009 3267 1204 3349; x_wconf 83' lang='lat' dir='ltr'><strong>praecedunt,</strong></span> <span class='ocrx_word' id='word_1_188' title='bbox 1216 3268 1253 3333; x_wconf 92' lang='lat' dir='ltr'><strong>ad</strong></span> <span class='ocrx_word' id='word_1_189' title='bbox 1275 3270 1536 3351; x_wconf 85' lang='lat' dir='ltr'><strong>praeparationem</strong></span> <span class='ocrx_word' id='word_1_190' title='bbox 1550 3270 1712 3351; x_wconf 86' lang='lat' dir='ltr'><strong>pertinent,</strong></span> <span class='ocrx_word' id='word_1_191' title='bbox 1735 3269 1918 3350; x_wconf 81' lang='lat' dir='ltr'><strong>reliquisque</strong></span> 
     </span>
     <span class='ocr_line' id='line_1_22' title="bbox 554 3367 1917 3451; baseline -0.001 -18"><span class='ocrx_word' id='word_1_192' title='bbox 554 3387 725 3433; x_wconf 89' lang='lat' dir='ltr'><strong>communes</strong></span> <span class='ocrx_word' id='word_1_193' title='bbox 760 3376 839 3432; x_wconf 90' lang='lat' dir='ltr'><strong>sunt.</strong></span> <span class='ocrx_word' id='word_1_194' title='bbox 884 3367 990 3432; x_wconf 87' lang='lat' dir='ltr'><strong>Obstat</strong></span> <span class='ocrx_word' id='word_1_195' title='bbox 1019 3377 1117 3431; x_wconf 92' lang='lat' dir='ltr'><strong>tamen</strong></span> <span class='ocrx_word' id='word_1_196' title='bbox 1149 3369 1219 3431; x_wconf 91' lang='lat' dir='ltr'><strong>huic</strong></span> <span class='ocrx_word' id='word_1_197' title='bbox 1248 3369 1457 3450; x_wconf 88' lang='lat' dir='ltr'><strong>conjecturae,</strong></span> <span class='ocrx_word' id='word_1_198' title='bbox 1487 3368 1567 3450; x_wconf 89' lang='lat' dir='ltr'><strong>quod</strong></span> <span class='ocrx_word' id='word_1_199' title='bbox 1605 3369 1662 3432; x_wconf 90' lang='lat' dir='ltr'><strong>ista</strong></span> <span class='ocrx_word' id='word_1_200' title='bbox 1689 3370 1772 3451; x_wconf 88' lang='lat' dir='ltr'><strong>pacis</strong></span> <span class='ocrx_word' id='word_1_201' title='bbox 1802 3368 1917 3432; x_wconf 83' lang='lat' dir='ltr'><strong>dandae</strong></span> 
     </span>
     <span class='ocr_line' id='line_1_23' title="bbox 555 3467 1345 3549; baseline 0.001 -17"><span class='ocrx_word' id='word_1_202' title='bbox 555 3471 650 3534; x_wconf 91' lang='lat' dir='ltr'><strong>oratio</strong></span> <span class='ocrx_word' id='word_1_203' title='bbox 671 3486 732 3531; x_wconf 92' lang='lat' dir='ltr'><strong>non</strong></span> <span class='ocrx_word' id='word_1_204' title='bbox 754 3467 881 3532; x_wconf 90' lang='lat' dir='ltr'><strong>babetur</strong></span> <span class='ocrx_word' id='word_1_205' title='bbox 903 3469 932 3530; x_wconf 92' lang='lat' dir='ltr'><strong>in</strong></span> <span class='ocrx_word' id='word_1_206' title='bbox 956 3467 1089 3548; x_wconf 88' lang='lat' dir='ltr'><strong>Copticis</strong></span> <span class='ocrx_word' id='word_1_207' title='bbox 1113 3467 1345 3549; x_wconf 90' lang='lat' dir='ltr'><strong>exemplaribus.</strong></span> 
     </span>
    </p>
   </div>
   <div class='ocr_carea' id='block_1_8' title="bbox 556 3709 1918 3942">
    <p class='ocr_par' dir='ltr' id='par_1_8' title="bbox 556 3709 1918 3942">
     <span class='ocr_line' id='line_1_24' title="bbox 556 3709 1918 3825; baseline -0.003 -21"><span class='ocrx_word' id='word_1_208' title='bbox 556 3727 631 3804; x_wconf 77' lang='grc' dir='ltr'><strong>Καὶ</strong></span> <span class='ocrx_word' id='word_1_209' title='bbox 663 3727 727 3814; x_wconf 60' lang='lat' dir='ltr'><strong>aas</strong></span> <span class='ocrx_word' id='word_1_210' title='bbox 758 3727 855 3825; x_wconf 77' lang='grc' dir='ltr'>ἡμῖν.</span> <span class='ocrx_word' id='word_1_211' title='bbox 908 3729 956 3800; x_wconf 83' lang='lat' dir='ltr'><strong>Et</strong></span> <span class='ocrx_word' id='word_1_212' title='bbox 981 3729 1027 3800; x_wconf 86' lang='lat' dir='ltr'><strong>da</strong></span> <span class='ocrx_word' id='word_1_213' title='bbox 1058 3709 1158 3800; x_wconf 85' lang='lat' dir='ltr'><strong>nobis</strong></span> <span class='ocrx_word' id='word_1_214' title='bbox 1190 3735 1227 3800; x_wconf 84' lang='lat' dir='ltr'><strong>at</strong></span> <span class='ocrx_word' id='word_1_215' title='bbox 1258 3753 1332 3802; x_wconf 86' lang='lat' dir='ltr'><strong>cara</strong></span> <span class='ocrx_word' id='word_1_216' title='bbox 1362 3733 1453 3800; x_wconf 85' lang='lat' dir='ltr'><strong>omni</strong></span> <span class='ocrx_word' id='word_1_217' title='bbox 1484 3733 1605 3800; x_wconf 83' lang='lat' dir='ltr'><strong>timore</strong></span> <span class='ocrx_word' id='word_1_218' title='bbox 1637 3737 1671 3800; x_wconf 86' lang='lat' dir='ltr'><strong>et</strong></span> <span class='ocrx_word' id='word_1_219' title='bbox 1704 3732 1918 3801; x_wconf 82' lang='lat' dir='ltr'><strong>conscientia</strong></span> 
     </span>
     <span class='ocr_line' id='line_1_25' title="bbox 578 3845 1892 3942; baseline -0.002 -24"><span class='ocrx_word' id='word_1_220' title='bbox 578 3871 669 3940; x_wconf 90' lang='lat' dir='ltr'><strong>para</strong></span> <span class='ocrx_word' id='word_1_221' title='bbox 695 3850 877 3942; x_wconf 73' lang='lat' dir='ltr'><strong>offeramus</strong></span> <span class='ocrx_word' id='word_1_222' title='bbox 902 3845 965 3916; x_wconf 83' lang='lat' dir='ltr'><strong>tibi</strong></span> <span class='ocrx_word' id='word_1_223' title='bbox 989 3845 1168 3942; x_wconf 78' lang='lat' dir='ltr'><strong>spirituale</strong></span> <span class='ocrx_word' id='word_1_224' title='bbox 1192 3845 1259 3918; x_wconf 82' lang='lat' dir='ltr'><strong>bac</strong></span> <span class='ocrx_word' id='word_1_225' title='bbox 1286 3853 1320 3917; x_wconf 87' lang='lat' dir='ltr'><strong>ct</strong></span> <span class='ocrx_word' id='word_1_226' title='bbox 1345 3849 1553 3916; x_wconf 73' lang='lat' dir='ltr'><strong>incruentam</strong></span> <span class='ocrx_word' id='word_1_227' title='bbox 1578 3848 1801 3939; x_wconf 78' lang='lat' dir='ltr'><strong>sacrificium,</strong></span> <span class='ocrx_word' id='word_1_228' title='bbox 1829 3852 1892 3917; x_wconf 84' lang='lat' dir='ltr'><strong>cic.</strong></span> 
     </span>
    </p>
   </div>
   <div class='ocr_carea' id='block_1_9' title="bbox 553 4055 1919 5150">
    <p class='ocr_par' dir='ltr' id='par_1_9' title="bbox 553 4055 1919 5150">
     <span class='ocr_line' id='line_1_26' title="bbox 658 4055 1917 4152; baseline -0.005 -18"><span class='ocrx_word' id='word_1_229' title='bbox 658 4055 761 4134; x_wconf 84' lang='lat' dir='ltr'><strong>Locus</strong></span> <span class='ocrx_word' id='word_1_230' title='bbox 783 4069 928 4152; x_wconf 76' lang='lat' dir='ltr'><strong>insigms,</strong></span> <span class='ocrx_word' id='word_1_231' title='bbox 957 4076 988 4132; x_wconf 88' lang='lat' dir='ltr'><strong>et</strong></span> <span class='ocrx_word' id='word_1_232' title='bbox 1015 4067 1066 4150; x_wconf 90' lang='lat' dir='ltr'><strong>qui</strong></span> <span class='ocrx_word' id='word_1_233' title='bbox 1093 4085 1237 4130; x_wconf 88' lang='lat' dir='ltr'><strong>summam</strong></span> <span class='ocrx_word' id='word_1_234' title='bbox 1269 4067 1307 4132; x_wconf 85' lang='lat' dir='ltr'><strong>de</strong></span> <span class='ocrx_word' id='word_1_235' title='bbox 1329 4066 1516 4131; x_wconf 86' lang='lat' dir='ltr'><strong>Eucharistia</strong></span> <span class='ocrx_word' id='word_1_236' title='bbox 1544 4066 1691 4130; x_wconf 85' lang='lat' dir='ltr'><strong>sacrificio</strong></span> <span class='ocrx_word' id='word_1_237' title='bbox 1722 4065 1917 4147; x_wconf 69' lang='lat' dir='ltr'><strong>theologiam</strong></span> 
     </span>
     <span class='ocr_line' id='line_1_27' title="bbox 554 4169 1918 4254; baseline -0.001 -20"><span class='ocrx_word' id='word_1_238' title='bbox 554 4173 659 4253; x_wconf 88' lang='lat' dir='ltr'><strong>paucis</strong></span> <span class='ocrx_word' id='word_1_239' title='bbox 682 4172 782 4236; x_wconf 90' lang='lat' dir='ltr'><strong>verbis</strong></span> <span class='ocrx_word' id='word_1_240' title='bbox 805 4171 1023 4254; x_wconf 89' lang='lat' dir='ltr'><strong>complectitur.</strong></span> <span class='ocrx_word' id='word_1_241' title='bbox 1065 4169 1283 4252; x_wconf 62' lang='lat' dir='ltr'><strong>:ignoscebant</strong></span> <span class='ocrx_word' id='word_1_242' title='bbox 1311 4171 1429 4235; x_wconf 88' lang='lat' dir='ltr'><strong>scilicet</strong></span> <span class='ocrx_word' id='word_1_243' title='bbox 1459 4171 1510 4252; x_wconf 93' lang='lat' dir='ltr'><strong>qui</strong></span> <span class='ocrx_word' id='word_1_244' title='bbox 1538 4170 1648 4234; x_wconf 90' lang='lat' dir='ltr'><strong>talibus</strong></span> <span class='ocrx_word' id='word_1_245' title='bbox 1671 4171 1773 4233; x_wconf 86' lang='lat' dir='ltr'><strong>verbis</strong></span> <span class='ocrx_word' id='word_1_246' title='bbox 1796 4170 1918 4234; x_wconf 85' lang='lat' dir='ltr'><strong>Eucha-</strong></span> 
     </span>
     <span class='ocr_line' id='line_1_28' title="bbox 553 4269 1919 4351; baseline -0.001 -18"><span class='ocrx_word' id='word_1_247' title='bbox 553 4271 667 4334; x_wconf 88' lang='lat' dir='ltr'><strong>ristiam</strong></span> <span class='ocrx_word' id='word_1_248' title='bbox 689 4272 878 4336; x_wconf 88' lang='lat' dir='ltr'><strong>celebrantes</strong></span> <span class='ocrx_word' id='word_1_249' title='bbox 901 4270 1071 4347; x_wconf 90' lang='lat' dir='ltr'><strong>utebantur,</strong></span> <span class='ocrx_word' id='word_1_250' title='bbox 1093 4288 1210 4334; x_wconf 88' lang='lat' dir='ltr'><strong>sacram</strong></span> <span class='ocrx_word' id='word_1_251' title='bbox 1233 4271 1380 4334; x_wconf 78' lang='lat' dir='ltr'><strong>acdonem</strong></span> <span class='ocrx_word' id='word_1_252' title='bbox 1402 4289 1472 4335; x_wconf 87' lang='lat' dir='ltr'><strong>esse</strong></span> <span class='ocrx_word' id='word_1_253' title='bbox 1494 4269 1684 4349; x_wconf 87' lang='lat' dir='ltr'><strong>sacrificium,</strong></span> <span class='ocrx_word' id='word_1_254' title='bbox 1709 4269 1865 4351; x_wconf 87' lang='lat' dir='ltr'><strong>spirituale</strong></span> <span class='ocrx_word' id='word_1_255' title='bbox 1887 4276 1919 4332; x_wconf 88' lang='lat' dir='ltr'><strong>et</strong></span> 
     </span>
     <span class='ocr_line' id='line_1_29' title="bbox 556 4357 1919 4457; baseline -0.002 -24"><span class='ocrx_word' id='word_1_256' title='bbox 556 4372 757 4434; x_wconf 90' lang='lat' dir='ltr'><strong>incruentum:</strong></span> <span class='ocrx_word' id='word_1_257' title='bbox 781 4391 850 4436; x_wconf 88' lang='lat' dir='ltr'><strong>esse</strong></span> <span class='ocrx_word' id='word_1_258' title='bbox 874 4389 994 4452; x_wconf 86' lang='lat' dir='ltr'><strong>quoque</strong></span> <span class='ocrx_word' id='word_1_259' title='bbox 1017 4357 1148 4455; x_wconf 78' lang='grc' dir='ltr'><strong>λογικὴν</strong></span> <span class='ocrx_word' id='word_1_260' title='bbox 1169 4365 1322 4457; x_wconf 74' lang='grc' dir='ltr'><strong><em>λατρείαν</em></strong></span> <span class='ocrx_word' id='word_1_261' title='bbox 1343 4370 1529 4451; x_wconf 90' lang='lat' dir='ltr'><strong>spiritualem</strong></span> <span class='ocrx_word' id='word_1_262' title='bbox 1546 4369 1729 4434; x_wconf 89' lang='lat' dir='ltr'><strong>adorationis</strong></span> <span class='ocrx_word' id='word_1_263' title='bbox 1743 4369 1919 4451; x_wconf 84' lang='lat' dir='ltr'><strong>religionis·</strong></span> 
     </span>
     <span class='ocr_line' id='line_1_30' title="bbox 558 4468 1916 4552; baseline -0.003 -18"><span class='ocrx_word' id='word_1_264' title='bbox 558 4489 617 4552; x_wconf 88' lang='lat' dir='ltr'><strong>que</strong></span> <span class='ocrx_word' id='word_1_265' title='bbox 645 4487 777 4535; x_wconf 87' lang='lat' dir='ltr'><strong>sununae</strong></span> <span class='ocrx_word' id='word_1_266' title='bbox 805 4470 932 4548; x_wconf 89' lang='lat' dir='ltr'><strong>cultum,</strong></span> <span class='ocrx_word' id='word_1_267' title='bbox 968 4469 1065 4550; x_wconf 89' lang='lat' dir='ltr'><strong>qualis</strong></span> <span class='ocrx_word' id='word_1_268' title='bbox 1094 4469 1152 4532; x_wconf 88' lang='lat' dir='ltr'><strong>soli</strong></span> <span class='ocrx_word' id='word_1_269' title='bbox 1178 4469 1245 4533; x_wconf 91' lang='lat' dir='ltr'><strong>Deo</strong></span> <span class='ocrx_word' id='word_1_270' title='bbox 1274 4468 1411 4535; x_wconf 88' lang='lat' dir='ltr'><strong>debetur.</strong></span> <span class='ocrx_word' id='word_1_271' title='bbox 1454 4470 1596 4532; x_wconf 87' lang='lat' dir='ltr'><strong>Eamdem</strong></span> <span class='ocrx_word' id='word_1_272' title='bbox 1623 4487 1739 4532; x_wconf 86' lang='lat' dir='ltr'><strong>sacram</strong></span> <span class='ocrx_word' id='word_1_273' title='bbox 1770 4471 1916 4533; x_wconf 89' lang='lat' dir='ltr'><strong>actionem</strong></span> 
     </span>
     <span class='ocr_line' id='line_1_31' title="bbox 557 4564 1918 4653; baseline -0.004 -19"><span class='ocrx_word' id='word_1_274' title='bbox 557 4589 638 4649; x_wconf 87' lang='lat' dir='ltr'><strong>esse,</strong></span> <span class='ocrx_word' id='word_1_275' title='bbox 661 4571 745 4653; x_wconf 91' lang='lat' dir='ltr'><strong>cnjus</strong></span> <span class='ocrx_word' id='word_1_276' title='bbox 768 4571 835 4651; x_wconf 92' lang='lat' dir='ltr'><strong>ipse</strong></span> <span class='ocrx_word' id='word_1_277' title='bbox 857 4569 981 4634; x_wconf 85' lang='lat' dir='ltr'><strong>formam</strong></span> <span class='ocrx_word' id='word_1_278' title='bbox 1003 4568 1160 4651; x_wconf 82' lang='lat' dir='ltr'><strong>Apostolis</strong></span> <span class='ocrx_word' id='word_1_279' title='bbox 1179 4569 1386 4651; x_wconf 88' lang='lat' dir='ltr'><strong>praescripsit,</strong></span> <span class='ocrx_word' id='word_1_280' title='bbox 1409 4569 1476 4632; x_wconf 92' lang='lat' dir='ltr'><strong>dum</strong></span> <span class='ocrx_word' id='word_1_281' title='bbox 1492 4568 1552 4631; x_wconf 92' lang='lat' dir='ltr'><strong>illis</strong></span> <span class='ocrx_word' id='word_1_282' title='bbox 1569 4570 1736 4649; x_wconf 88' lang='lat' dir='ltr'><strong>praecepit,</strong></span> <span class='ocrx_word' id='word_1_283' title='bbox 1752 4576 1786 4631; x_wconf 94' lang='lat' dir='ltr'><strong>ut</strong></span> <span class='ocrx_word' id='word_1_284' title='bbox 1808 4569 1847 4632; x_wconf 87' lang='lat' dir='ltr'><strong>ita&#39;</strong></span> <span class='ocrx_word' id='word_1_285' title='bbox 1869 4564 1918 4628; x_wconf 90' lang='lat' dir='ltr'><strong>la-</strong></span> 
     </span>
     <span class='ocr_line' id='line_1_32' title="bbox 557 4666 1917 4750; baseline -0.003 -19"><span class='ocrx_word' id='word_1_286' title='bbox 557 4678 662 4732; x_wconf 86' lang='lat' dir='ltr'><strong>cerent</strong></span> <span class='ocrx_word' id='word_1_287' title='bbox 690 4670 721 4732; x_wconf 93' lang='lat' dir='ltr'><strong>in</strong></span> <span class='ocrx_word' id='word_1_288' title='bbox 751 4670 798 4733; x_wconf 93' lang='lat' dir='ltr'><strong>sni</strong></span> <span class='ocrx_word' id='word_1_289' title='bbox 827 4672 1008 4733; x_wconf 86' lang='lat' dir='ltr'><strong>memoriam.</strong></span> <span class='ocrx_word' id='word_1_290' title='bbox 1053 4669 1157 4750; x_wconf 88' lang='lat' dir='ltr'><strong>ltaque</strong></span> <span class='ocrx_word' id='word_1_291' title='bbox 1185 4687 1225 4731; x_wconf 87' lang='lat' dir='ltr'><strong>ex</strong></span> <span class='ocrx_word' id='word_1_292' title='bbox 1247 4667 1364 4730; x_wconf 92' lang='lat' dir='ltr'><strong>illorum</strong></span> <span class='ocrx_word' id='word_1_293' title='bbox 1395 4669 1561 4746; x_wconf 88' lang='lat' dir='ltr'><strong>sententia,</strong></span> <span class='ocrx_word' id='word_1_294' title='bbox 1582 4667 1718 4750; x_wconf 85' lang='lat' dir='ltr'><strong>Liturgia</strong></span> <span class='ocrx_word' id='word_1_295' title='bbox 1739 4666 1917 4730; x_wconf 83' lang='lat' dir='ltr'><strong>sacrificium</strong></span> 
     </span>
     <span class='ocr_line' id='line_1_33' title="bbox 557 4764 1917 4850; baseline -0.004 -19"><span class='ocrx_word' id='word_1_296' title='bbox 557 4777 614 4848; x_wconf 89' lang='lat' dir='ltr'><strong>est,</strong></span> <span class='ocrx_word' id='word_1_297' title='bbox 636 4769 714 4831; x_wconf 88' lang='lat' dir='ltr'><strong>idem</strong></span> <span class='ocrx_word' id='word_1_298' title='bbox 736 4768 819 4850; x_wconf 92' lang='lat' dir='ltr'><strong>quod</strong></span> <span class='ocrx_word' id='word_1_299' title='bbox 830 4768 970 4848; x_wconf 85' lang='lat' dir='ltr'><strong>Apostoli</strong></span> <span class='ocrx_word' id='word_1_300' title='bbox 991 4767 1058 4831; x_wconf 92' lang='lat' dir='ltr'><strong>Deo</strong></span> <span class='ocrx_word' id='word_1_301' title='bbox 1087 4767 1270 4844; x_wconf 85' lang='lat' dir='ltr'><strong>obtulerunt,</strong></span> <span class='ocrx_word' id='word_1_302' title='bbox 1293 4775 1383 4848; x_wconf 82' lang='lat' dir='ltr'><strong>atque</strong></span> <span class='ocrx_word' id='word_1_303' title='bbox 1406 4766 1482 4832; x_wconf 89' lang='lat' dir='ltr'><strong>adeo</strong></span> <span class='ocrx_word' id='word_1_304' title='bbox 1504 4766 1629 4830; x_wconf 81' lang='lat' dir='ltr'><strong>formam</strong></span> <span class='ocrx_word' id='word_1_305' title='bbox 1649 4767 1820 4849; x_wconf 87' lang='lat' dir='ltr'><strong>exprimens</strong></span> <span class='ocrx_word' id='word_1_306' title='bbox 1833 4764 1917 4828; x_wconf 87' lang='lat' dir='ltr'><strong>Coe-</strong></span> 
     </span>
     <span class='ocr_line' id='line_1_34' title="bbox 555 4863 1916 4950; baseline -0.003 -20"><span class='ocrx_word' id='word_1_307' title='bbox 555 4886 613 4930; x_wconf 88' lang='lat' dir='ltr'><strong>nae</strong></span> <span class='ocrx_word' id='word_1_308' title='bbox 635 4867 831 4948; x_wconf 84' lang='lat' dir='ltr'><strong>Apostolicae</strong></span> <span class='ocrx_word' id='word_1_309' title='bbox 854 4875 885 4930; x_wconf 90' lang='lat' dir='ltr'><strong>ot</strong></span> <span class='ocrx_word' id='word_1_310' title='bbox 906 4867 1124 4950; x_wconf 82' lang='lat' dir='ltr'><strong>Evangelioae:</strong></span> <span class='ocrx_word' id='word_1_311' title='bbox 1154 4885 1211 4931; x_wconf 89' lang='lat' dir='ltr'><strong>nec</strong></span> <span class='ocrx_word' id='word_1_312' title='bbox 1241 4867 1319 4930; x_wconf 88' lang='lat' dir='ltr'><strong>enim</strong></span> <span class='ocrx_word' id='word_1_313' title='bbox 1347 4866 1440 4930; x_wconf 89' lang='lat' dir='ltr'><strong>verba</strong></span> <span class='ocrx_word' id='word_1_314' title='bbox 1469 4866 1715 4949; x_wconf 79' lang='lat' dir='ltr'><strong>significationem</strong></span> <span class='ocrx_word' id='word_1_315' title='bbox 1744 4865 1830 4930; x_wconf 88' lang='lat' dir='ltr'><strong>aliam</strong></span> <span class='ocrx_word' id='word_1_316' title='bbox 1860 4863 1916 4928; x_wconf 87' lang='lat' dir='ltr'><strong>ad-</strong></span> 
     </span>
     <span class='ocr_line' id='line_1_35' title="bbox 557 4958 1916 5051; baseline -0.004 -21"><span class='ocrx_word' id='word_1_317' title='bbox 557 4968 684 5034; x_wconf 91' lang='lat' dir='ltr'><strong>mittunt.</strong></span> <span class='ocrx_word' id='word_1_318' title='bbox 730 4967 846 5031; x_wconf 87' lang='lat' dir='ltr'><strong>Colitur</strong></span> <span class='ocrx_word' id='word_1_319' title='bbox 868 4984 945 5049; x_wconf 81' lang='lat' dir='ltr'><strong>ergo</strong></span> <span class='ocrx_word' id='word_1_320' title='bbox 966 4966 1066 5045; x_wconf 86' lang='lat' dir='ltr'><strong>Deus,</strong></span> <span class='ocrx_word' id='word_1_321' title='bbox 1095 4974 1125 5029; x_wconf 92' lang='lat' dir='ltr'><strong>et</strong></span> <span class='ocrx_word' id='word_1_322' title='bbox 1155 4965 1274 5048; x_wconf 90' lang='lat' dir='ltr'><strong>quidem</strong></span> <span class='ocrx_word' id='word_1_323' title='bbox 1302 4958 1436 5051; x_wconf 69' lang='lat' dir='ltr'><strong>tarpeia</strong></span> <span class='ocrx_word' id='word_1_324' title='bbox 1463 4962 1592 5050; x_wconf 75' lang='grc' dir='ltr'><strong>λογικῇ,</strong></span> <span class='ocrx_word' id='word_1_325' title='bbox 1621 4985 1684 5030; x_wconf 91' lang='lat' dir='ltr'><strong>non</strong></span> <span class='ocrx_word' id='word_1_326' title='bbox 1711 4965 1837 5048; x_wconf 89' lang='lat' dir='ltr'><strong>prolana</strong></span> <span class='ocrx_word' id='word_1_327' title='bbox 1865 4971 1916 5026; x_wconf 87' lang='lat' dir='ltr'><strong>aut</strong></span> 
     </span>
     <span class='ocr_line' id='line_1_36' title="bbox 556 5065 1918 5150; baseline -0.001 -21"><span class='ocrx_word' id='word_1_328' title='bbox 556 5065 697 5148; x_wconf 85' lang='lat' dir='ltr'><strong>ludaico,</strong></span> <span class='ocrx_word' id='word_1_329' title='bbox 726 5068 795 5150; x_wconf 92' lang='lat' dir='ltr'><strong>quia</strong></span> <span class='ocrx_word' id='word_1_330' title='bbox 828 5065 982 5148; x_wconf 90' lang='lat' dir='ltr'><strong>spirituale</strong></span> <span class='ocrx_word' id='word_1_331' title='bbox 1011 5073 1075 5142; x_wconf 87' lang='lat' dir='ltr'><strong>est,</strong></span> <span class='ocrx_word' id='word_1_332' title='bbox 1105 5073 1135 5129; x_wconf 88' lang='lat' dir='ltr'><strong>et</strong></span> <span class='ocrx_word' id='word_1_333' title='bbox 1161 5068 1347 5130; x_wconf 89' lang='lat' dir='ltr'><strong>incruentum</strong></span> <span class='ocrx_word' id='word_1_334' title='bbox 1378 5065 1574 5145; x_wconf 82' lang='lat' dir='ltr'><strong>sacrificium,</strong></span> <span class='ocrx_word' id='word_1_335' title='bbox 1609 5084 1677 5130; x_wconf 92' lang='lat' dir='ltr'><strong>cum</strong></span> <span class='ocrx_word' id='word_1_336' title='bbox 1701 5065 1918 5148; x_wconf 82' lang='lat' dir='ltr'><strong>Apostolomm</strong></span> 
     </span>
    </p>
   </div>
   <div class='ocr_carea' id='block_1_10' title="bbox 0 0 2339 6036">
    <p class='ocr_par' dir='ltr' id='par_1_10' title="bbox 0 0 2339 6036">
     <span class='ocr_line' id='line_1_37' title="bbox 0 0 2339 6036; baseline 0 0"><span class='ocrx_word' id='word_1_337' title='bbox 0 0 2339 6036; x_wconf 95' lang='lat' dir='ltr'><strong> </strong></span> 
     </span>
    </p>
   </div>
  </div>
 </body>
</html>
