4778 6034
884 569 1198 702 PRAEFATlO.

349 762 558 840 arbitramur
580 760 755 860 fideliter,
777 759 982 861 respondit,
1009 759 1080 837 hoc
1102 763 1309 861 mysterium
1334 785 1431 839 esse:
1465 772 1501 838 et
1524 758 1728 840 Catholicus

349 921 455 974 nemo
478 920 552 973 non
577 894 671 972 idem
695 906 878 996 agnoscat.
912 891 1050 970 Verum
1069 893 1099 970 si
1121 895 1320 996 ignorantia
1343 892 1531 998 aliquando
1553 919 1728 972 excusare

349 1041 479 1131 potest,
503 1031 568 1108 etsi
593 1031 804 1106 eonomine
828 1030 991 1105 excusari
1012 1051 1118 1105 nemo
1143 1025 1262 1130 debet,
1287 1033 1347 1132 qui
1371 1053 1463 1133 quac
1487 1032 1564 1129 ipse
1580 1031 1728 1130 nesciat,

350 1174 506 1268 cogente
533 1161 652 1264 nullo,
684 1162 772 1238 alios
807 1160 941 1239 docere
974 1159 1205 1263 aggreditur,
1240 1172 1274 1239 at
1307 1161 1556 1240 inexcusabilis
1583 1165 1728 1238 omnino

349 1308 404 1374 est
437 1296 529 1374 mala
565 1295 676 1396 sides,
716 1320 821 1399 qoam
854 1294 988 1398 ubique
1019 1297 1053 1371 in
1078 1293 1233 1373 Ludollo
1258 1292 1570 1397 deprehendimus.
1633 1293 1728 1386 Quid

348 1454 420 1508 non
453 1429 500 1506 de
528 1428 698 1532 Liturgi1s
729 1439 952 1506 commentus
985 1438 1059 1528 est,
1094 1453 1243 1531 quarum
1280 1432 1477 1532 originem,
1511 1404 1671 1505 formam*
1693 1437 1730 1506 ct

273 1599 284 1616 ·
349 1561 618 1665 dispositionem
651 1586 800 1664 prorsus
835 1564 1032 1664 ignoravit,
1075 1560 1159 1639 dum
1195 1562 1270 1639 illas
1305 1561 1477 1640 Homilias
1503 1586 1596 1639 esse
1631 1560 1728 1664 dixit,

350 1694 574 1800 diversisque
596 1695 798 1772 nominibus
829 1694 1037 1796 appellavit,
1072 1719 1118 1772 nc
1139 1694 1334 1799 Liturgiam
1356 1709 1415 1774 aut
1437 1694 1583 1774 Missam
1607 1693 1729 1772 dicere
1859 1672 1860 1680 A

349 1841 561 1933 cogeretur.
593 1828 658 1906 sed
680 1801 884 1906 Orationem
908 1827 1200 1906 Eucharisticam
1252 1826 1417 1933 Cumque
1440 1832 1589 1906 veritate
1611 1831 1728 1906 victus

349 1987 485 2066 negare
508 1987 580 2040 non
604 1973 728 2064 posset
751 1963 900 2065 agnosci
923 1959 966 2037 ab
990 1960 1228 2065 Aethiopibus
1251 1963 1385 2040 realem
1407 1965 1662 2064 praesentiam,
1694 1971 1729 2038 at

350 2121 396 2172 ex
417 2097 509 2174 illius
528 2095 716 2198 Aethiopis
740 2095 963 2194 testimonie,
990 2099 1050 2198 qui
1073 2107 1191 2173 tamen
1213 2108 1252 2173 ut
1272 2121 1319 2174 ex
1352 2097 1432 2200 ejus
1454 2095 1577 2172 verbis
1606 2117 1728 2196 agno-

349 2233 476 2330 scitur,
507 2229 592 2305 nihil
619 2229 733 2306 simile
755 2218 917 2338 dirrerat,''¹
939 2225 1109 2306 audacter
1130 2227 1329 2330 affirmavit,
1359 2229 1439 2307 illos
1461 2225 1728 2306 Transubstan-

349 2367 528 2441 tiationem
549 2385 622 2439 non
648 2385 861 2465 agnoscere.
995 2421 998 2428 .

472 2496 512 2572 ln
541 2494 710 2597 Liturgiis
742 2495 882 2572 illorum
905 2495 1012 2572 multa
1040 2506 1179 2597 extant,
1213 2520 1305 2600 quae
1332 2495 1432 2573 aliter
1462 2493 1630 2594 explicari
1654 2515 1728 2571 non

349 2640 499 2732 possunt
532 2654 638 2733 quam
671 2625 869 2706 secundum
905 2625 1123 2707 Catholicam
1161 2628 1208 2706 de
1246 2627 1469 2708 Eucharistia
1509 2625 1727 2704 doctrinam:

350 2762 532 2840 Invocatio
555 2762 690 2841 scilicet
713 2762 865 2865 Spiritus
890 2766 1021 2863 sancti,
1056 2788 1162 2867 quam
1185 2786 1311 2840 omnes
1334 2770 1623 2863 repraesentant:
1662 2757 1728 2839 sed

350 2900 541 2999 praecipue
563 2899 690 2973 eximia
714 2897 770 2974 illa
793 2908 874 2974 ante
897 2899 1185 2974 communionem
1209 2894 1422 2995 Confessio,
1444 2918 1550 2997 quam
1572 2893 1615 2971 ab
1632 2892 1727 2970 Ale-

349 3029 520 3108 xandrina
550 3026 715 3109 Ecclesia
749 3043 975 3132 acceperunt.
1037 3029 1093 3107 De
1128 3055 1170 3107 ea
1203 3053 1250 3108 ne
1280 3028 1432 3106 verbum
1464 3026 1609 3130 quidem
1644 3025 1728 3104 lecit

349 3163 545 3242 Ludolius:
576 3176 612 3241 et
633 3165 711 3266 ejus
735 3175 853 3242 tamen
883 3189 974 3266 opus
1002 3166 1038 3240 in
1065 3166 1182 3241 varias
1208 3164 1349 3266 linguas
1371 3161 1600 3262 translatum,
1631 3185 1727 3238 arma

349 3294 631 3375 Protestantibus
665 3296 840 3377 adversus
875 3321 943 3374 nos
974 3297 1233 3398 subministrat,
1275 3294 1340 3375 sed
1384 3320 1478 3400 quae
1520 3307 1558 3373 ut
1590 3295 1727 3398 glacies

350 3429 478 3531 futilis,
510 3455 580 3508 una
609 3442 644 3507 et
671 3432 818 3533 simplici
841 3429 987 3508 Rituum
1013 3430 1337 3509 Alexandrinorum
1361 3431 1625 3532 comparatione
1648 3428 1727 3507 dis-

348 3563 477 3641 siliunt.
541 3562 677 3640 Verum
712 3563 758 3640 de
794 3565 847 3643 his
880 3564 981 3666 plura
1015 3562 1177 3643 dicentur
1208 3567 1243 3641 in
1274 3567 1368 3641 notis
1401 3561 1446 3640 ad
1479 3562 1727 3663 Aethiopicam

348 3696 559 3800 Liturgiam,
590 3708 630 3774 ut
654 3700 790 3773 etiam
782 3723 816 3775 m
834 3697 1092 3775 Dissertatione
1117 3697 1163 3774 de
1184 3696 1349 3775 Ecclesia
1372 3693 1601 3795 Aethiopica,
1633 3717 1726 3797 quae
1783 3712 1785 3716 ·

349 3828 483 3906 dudum
510 3827 554 3906 ad
579 3829 769 3908 editionem
791 3843 908 3933 parata
937 3842 1002 3909 est.

468 3962 640 4041 Edidit
615 3967 671 4041 vir
692 3963 851 4042 emditus
874 3963 1039 4042 Andreas
1059 3964 1232 4042 lllullems
1259 3986 1314 4039 au.
1337 3881 1586 4039 thctxxtt.
1610 3957 1726 4037 Com·
1794 3974 1882 4028 Andre
1854 3975 1964 4030 retae
1951 3974 2054 4030 ιιιιιιιιι

349 4100 558 4175 mentarium
592 4095 639 4175 de
659 4096 891 4177 Monumento
915 4097 1032 4201 Syro-
1035 4097 1157 4175 Sinico
1189 4096 1286 4202 quod
1320 4120 1413 4174 anno
1436 4091 1656 4172 tsstcxxv
1691 4060 1900 4170 ἰιιυἰίπθῐωιο
1975 4085 1977 4090 ’

349 4228 463 4307 Xensi
491 4229 655 4308 Sinarum
675 4232 866 4310 Provincia
888 4231 1060 4311 ellossum
1082 4233 1146 4310 fut
1154 4235 1334 4334 insigne
1357 4253 1525 4332 prorsus,
1557 4237 1727 4330 quantum

350 4361 394 4440 ad
415 4363 618 4442 Ecclesiam
641 4364 857 4444 Orientalem
879 4369 1048 4469 pertinet,
1079 4377 1358 4444 mouumentum.
1420 4362 1477 4440 De
1499 4387 1544 4440 eo
1570 4372 1605 4439 et
1628 4359 1728 4436 lllul-

350 4497 413 4574 leri
437 4502 719 4601 commentariis,
752 4526 833 4577 cum
854 4499 995 4578 dicendi
1018 4500 1075 4578 bic
1099 4502 1200 4578 locus
1224 4501 1383 4599 nonsit,
1425 4496 1583 4600 illudque
1609 4494 1728 4595 expli-

352 4634 551 4709 caverimus
574 4637 794 4735 accuratius,
826 4638 861 4710 in
884 4633 1200 4713 Dissertationibus
1223 4631 1269 4710 de
1289 4629 1477 4709 Ecclesiae
1493 4629 1728 4708 Nestorianae

351 4766 629 4866 propagatione,
664 4765 748 4844 nibil
772 4766 952 4869 dicemus,
986 4771 1053 4847 nisi
1075 4765 1172 4869 quod
1196 4766 1316 4843 ultima
1336 4777 1435 4867 parte
1468 4762 1514 4840 de
1535 4763 1727 4864 Religione

353 4919 496 4997 eorum,
520 4896 617 4999 quod
640 4901 675 4975 in
698 4898 802 4976 Sinas
817 4899 1005 5004 Evangelii
1030 4898 1263 4978 annunciandi
1288 4923 1395 4977 causa
1416 4896 1616 5000 proiectoS,
1638 4895 1727 4996 lapis

351 5036 518 5131 testatur,
549 5029 721 5112 lllullerus
749 5032 928 5112 disserere
951 5057 1150 5140 aggressus
1175 5044 1239 5111 est.
1301 5031 1394 5109 Nihil
1416 5055 1524 5134 porro
1551 5027 1658 5108 babet
1682 5053 1728 5105 ex
