4680 6044
805 537 1178 614 EPISTOLA.

669 1137 886 1262 ιΙΟΑΝΝΙ
922 1141 963 1256 Α
997 1140 1040 1258 S.
1077 1139 1314 1258 ANDREA

441 1317 763 1462 EOCLESIAE
811 1378 1201 1458 PARISIENSIS
1248 1375 1551 1486 dedalico*

736 1581 771 1644 c.
794 1543 1025 1647 'saucios
1064 1577 1196 1645 cuno.
1227 1579 1258 1645 s.

390 1847 488 1958 &a
515 1898 562 1948 ea
587 1875 713 1946 litteris
740 1879 807 1946 tuis
832 1877 879 1946 ad
905 1875 1166 1948 lllustrissimum
1191 1882 1227 1946 et
1252 1875 1583 1946 Reuerendissimum
1609 1877 1679 1947 do-

301 1996 425 2064 minum
449 2014 556 2064 meum
582 1991 801 2063 Cardiualem
825 1991 1056 2064 senonensem
1069 1992 1098 2080 ⁴,
1125 1994 1357 2084 coqnooisrem
1380 1996 1414 2062 te
1428 1991 1552 2064 Sancti
1563 1992 1681 2064 Marci

300 2107 546 2203 anuqelistae
573 2105 764 2199 Liturqiom
789 2106 1004 2178 aebunenter
1030 2129 1181 2200 cupere,·
1206 2106 1286 2178 dedi
1311 2129 1452 2200 operam
1477 2114 1515 2177 ut
1541 2131 1586 2178 ec
1611 2129 1678 2178 ce-
1693 2105 1727 2142 ve
1771 2129 1777 2146 ·

300 2227 484 2296 iustissimo
526 2223 647 2294 codice
686 2222 894 2294 Monosterii
930 2221 967 2293 S.
1001 2224 1139 2293 Mariae
1162 2219 1376 2322 ὁὸηγητρίας
1397 2222 1488 2315 quod
1526 2224 1679 2296 Romami

300 2341 395 2433 apud
429 2338 616 2427 Calabros,
649 2337 710 2408 sub
744 2341 899 2408 iratituto
925 2337 1049 2409 Sancti
1081 2337 1209 2408 Basilii
1243 2341 1385 2433 reqilur,
1413 2337 1677 2429 describeretur,

301 2461 339 2527 el
364 2477 464 2549 qnam
489 2455 746 2550 dlliqenlissime
763 2477 837 2524 cuni
852 2453 1044 2546 exemplari
1070 2454 1209 2542 collata,
1232 2457 1345 2547 primo
1366 2475 1498 2548 quoqne
1525 2458 1678 2548 tempore

301 2571 350 2642 ad
374 2594 426 2642 me
451 2575 651 2642 mitteretur.
679 2569 826 2663 Cumque
861 2567 1118 2658 lllastrism'mus,
1152 2575 1186 2640 et
1218 2567 1534 2641 Reoereadissimus
1559 2570 1678 2644 Seno-

301 2690 434 2774 nensis,
462 2693 499 2758 ut
526 2692 578 2758 est
603 2688 654 2756 tui
681 2687 945 2772 amantissimus,
974 2689 1183 2779 omniumque
1218 2684 1384 2756 bonarum
1409 2707 1533 2776 rerum,
1561 2709 1680 2759 earum

298 2804 508 2896 praesertim
534 2823 622 2895 quae
648 2801 695 2872 ad
720 2799 903 2872 Eccleuoe
928 2799 1128 2873 Catholicae
1141 2803 1379 2895 antiquitatem
1395 2805 1581 2894 pertinent,
1610 2803 1679 2875 ob·

303 2919 591 3005 incautissimus,
623 2940 648 2986 a
672 2917 772 2988 nobie
800 2919 994 3009 linqueret,
1027 2924 1065 2987 ut
1096 2917 1288 3009 Liturqiam
1319 2916 1429 3008 ipsam
1461 2922 1678 3008 mitteremur,

303 3055 374 3104 non
395 3036 566 3125 potuimus
592 3032 658 3103 boc
683 3034 810 3103 diutius
837 3031 900 3102 tibi
926 3031 1060 3103 debere.
1095 3032 1202 3126 quue
1228 3037 1265 3102 at
1290 3032 1449 3103 libentius
1471 3037 1678 3127 faceremus,

306 3171 351 3218 ea
376 3170 433 3219 res
459 3171 522 3219 nos
547 3151 693 3219 macine
719 3147 906 3218 adhortata
931 3155 993 3236 est,
1020 3149 1110 3243 quod
1136 3147 1180 3219 ab
1207 3149 1411 3241 amplissimo
1424 3156 1526 3244 atque
1553 3155 1680 3244 optimo

307 3263 454 3334 Domino
489 3262 679 3334 Senonensi
707 3263 810 3357 plene
844 3263 1037 3354 didicimus,
1072 3287 1172 3359 quum
1197 3268 1339 3357 eqreqia
1364 3271 1410 3336 sit
1435 3270 1472 3337 in
1498 3273 1532 3338 te
1553 3269 1681 3360 pietas,

307 3377 369 3448 illa
395 3378 528 3472 quidem
555 3382 677 3472 patria
709 3385 744 3450 et
774 3382 870 3450 unita
896 3383 1021 3450 uirtus:
1056 3386 1185 3474 quanta
1219 3383 1255 3450 in
1278 3382 1531 3474 propuqnanda
1557 3382 1682 3452 ortbo-

294 3495 424 3566 *domae
448 3495 532 3592 fidei
563 3498 712 3566 ceritote
739 3494 915 3566 alacritas.
961 3496 1049 3567 Sunt
1082 3495 1170 3567 baec
1197 3497 1330 3590 quidem
1359 3519 1492 3589 semper
1523 3497 1623 3567 utilia
1649 3504 1685 3569 et

306 3608 484 3680 laboranti
510 3610 692 3680 Ecclesiae
718 3614 920 3682 necessaria
944 3609 1113 3698 remedia,
1147 3617 1215 3681 trun
1248 3611 1304 3682 cel
1327 3615 1473 3682 maxime
1500 3612 1565 3683 boc
1592 3619 1681 3684 teni-

303 3746 405 3816 pore,
433 3746 507 3794 cum
532 3728 623 3814 noui,
651 3732 873 3818 recentesque
899 3733 1114 3820 coamantes,
1141 3726 1322 3819 loquuntur
1344 3749 1523 3822 peruersa,
1549 3733 1588 3797 nt
1611 3727 1682 3798 ab·

309 3840 437 3910 ducant
463 3839 648 3933 discipulos
671 3846 750 3933 post
776 3863 832 3930 se,
864 3843 1020 3933 maqislri
1053 3841 1250 3931 mendaces,
1282 3843 1537 3914 introducentes
1568 3849 1683 3914 sectas

304 3955 520 4047 perditionis.
574 3953 793 4049 Quapropter
822 3956 1028 4048 oiqilandum
1053 3963 1115 4045 est,
1141 3959 1172 4027 si
1198 3956 1349 4029 noluimus
1361 3959 1476 4052 decipi
1482 3987 1495 4044 ;
1517 3982 1681 4055 puqnan-

308 4069 385 4140 ditm
410 4073 441 4140 si
467 4059 617 4141 colamus
641 4094 825 4164 superma,
858 4078 893 4144 et
918 4073 1056 4144 diuinae
1086 4073 1328 4166 procidentiae
1353 4081 1513 4166 majores,
1540 4079 1577 4146 in
1596 4075 1682 4166 dies,

307 4188 445 4278 qratiae
471 4193 549 4256 sunt
573 4186 740 4279 aqendae‚
767 4209 857 4281 quoe
884 4189 1035 4280 quotidie
1067 4188 1166 4260 nobis
1198 4211 1297 4259 arura
1321 4191 1530 4284 suppeditat,
1565 4189 1685 4284 quibus

307 4300 449 4372 bostiles
475 4305 569 4372 acies
594 4303 797 4392 retundere,
823 4307 965 4396 impetra
989 4303 1175 4396 repellere,
1217 4311 1251 4374 et
1274 4312 1456 4397 paternum
1482 4305 1683 4377 Catholicae

307 4419 466 4488 saltatis
497 4420 746 4509 possessionem
779 4417 824 4488 ab
860 4418 1137 4490 aduersariorum
1163 4422 1302 4512 ,injuria
1332 4426 1480 4505 tuentes,
1514 4423 1683 4515 inteqram

308 4529 572 4626 indiolatomque
596 4533 696 4625 fidem
722 4556 865 4604 smoare
887 4537 1064 4628 possimus.
1092 4533 1173 4604 Nou
1200 4535 1311 4607 deerit
1322 4536 1488 4607 Dominus
1501 4534 1684 4606 Ecclesiae

308 4653 470 4736 sanctae,
506 4671 604 4741 qaam
640 4651 823 4741 acquisivit
851 4653 1015 4742 sanquine
1049 4672 1128 4738 suo,
1161 4651 1275 4743 fidelis
1307 4657 1359 4723 est
1393 4651 1441 4721 ad
1470 4651 1682 4740 seruandum,

305 4767 496 4854 potensque
527 4761 574 4832 ad
604 4763 849 4855 praestandum
879 4764 970 4858 quod
995 4768 1174 4859 promisit,
1208 4771 1290 4860 [ore
1322 4766 1456 4838 scilicet
1488 4773 1526 4838 ut
1556 4773 1684 4860 portae

310 4877 416 4967 inseri
442 4898 511 4948 non
531 4877 762 4970 praevaleant
787 4879 950 4952 Moerim
976 4903 1067 4952 eom:
1092 4883 1548 4977 nunquomprneaolnerunt,
1575 4905 1685 4978 neque

313 4987 498 5082 aliquando
521 4991 773 5086 praevalebunt
798 4995 981 5085 educante
1008 4995 1143 5068 Cbristo
1161 4996 1321 5090 Domino,
1349 5002 1407 5096 qui
1423 4999 1571 5071 mooun
1592 5011 1684 5093 pre-
