4736 6064
537 378 577 454 lll
598 376 780 452 GANOllllll
800 371 1024 450 GENERALEll
1038 372 1122 448 SIVE
1141 369 1348 446 LITURGllll
1366 367 1633 446 AETllldPlllAll.
1708 367 1782 441 515

410 564 439 624 in
462 561 576 623 lexico
599 579 655 624 suo
678 559 777 620 locum
799 557 912 619 habere
934 557 986 617 vix
1007 555 1111 616 voluit.
1155 553 1299 629 liorbcn,
1322 553 1443 628 Kados,
1465 552 1650 631 Artaphoro,
1683 551 1785 613 Coeno

410 667 495 734 suut,
519 665 598 721 totas
620 657 740 719 Comme
767 665 870 718 octus:
914 653 1076 716 Orationes
1103 671 1214 714 sacrae
1240 654 1272 714 in
1303 651 1405 712 Coeno
1430 651 1554 714 Domini
1575 651 1639 712 dici
1659 651 1785 711 solitae.-

410 759 523 820 Preces
552 757 801 833 Eucharisticoe,
829 753 995 814 Homitioe:
1026 770 1124 832 neque
1152 751 1337 813 soloecisaro
1366 751 1448 811 timet
1478 757 1509 811 ut
1539 748 1671 812 Coenam
1700 767 1785 810 suam

410 857 522 937 ubique
545 857 681 918 instruat-
725 853 881 916 llabentur
903 851 1059 932 Epistolae
1083 850 1192 930 quibus
1220 851 1268 911 vir
1290 850 1459 932 linguarum
1483 848 1678 911 Orientalium
1698 845 1785 926 peri-

410 956 540 1018 tissimus
562 953 734 1016 Ludovicus
756 953 884 1032 Picques
906 952 1023 1014 Doctor
1050 950 1254 1026 Sorbonlcus,
1284 948 1415 1030 putidam
1444 948 1522 1010 illam
1554 947 1784 1019 affectationem,

411 1054 606 1117 vehementer
629 1053 794 1132 exprobrat
811 1048 949 1113 Ludollo.
973 1048 1001 1111 ls
1025 1049 1117 1132 igitur
1139 1066 1206 1109 cum
1228 1047 1404 1127 particulam
1428 1046 1504 1108 hanc
1526 1055 1636 1108 sancto
1658 1048 1784 1124 sanetis,

411 1149 544 1214 Coenam
574 1167 658 1212 suam
687 1159 828 1212 evertere
859 1148 932 1210 satis
962 1146 1162 1230 intelligeret:
1200 1163 1268 1206 nam
1303 1147 1329 1207 si
1358 1154 1462 1208 sancta
1491 1144 1569 1208 lacta
1599 1152 1684 1224 sunt,
1713 1153 1782 1207 alito

411 1248 665 1325 communionem,
689 1264 750 1309 non
772 1253 969 1327 exspectatur
991 1263 1064 1307 usus
1087 1243 1208 1315 Coenae
1231 1244 1359 1321 Domini,
1382 1261 1482 1324 neque
1504 1253 1537 1305 ut
1560 1241 1628 1305 alibi
1650 1244 1784 1324 loquitur

410 1346 565 1410 Arcanum
585 1347 832 1425 participationis
854 1343 975 1406 Coenae
1003 1343 1140 1418 Domini,
1171 1343 1326 1405 ridiculam
1356 1350 1386 1404 et
1415 1341 1575 1404 inauditam
1597 1344 1783 1422 interpreta-

412 1447 523 1508 tionem
537 1462 630 1518 suam,
648 1446 856 1505 sanctuarium
871 1445 996 1518 sanctis,
1005 1443 1174 1510 substituit.
1211 1442 1286 1504 Mira
1308 1459 1382 1503 sane
1405 1441 1584 1504 confidentia
1608 1440 1677 1502 luit:
1701 1440 1783 1502 illum

413 1546 491 1606 enim
522 1543 710 1605 existimasse
743 1541 918 1621 oportebat,
953 1542 1003 1620 qui
1033 1540 1125 1603 ialsas
1154 1559 1224 1603 suas
1254 1542 1413 1604 versiones
1442 1539 1613 1602 confutaret
1635 1541 1784 1602 neminem

411 1642 491 1704 lore:
515 1643 601 1724 quasi
624 1660 663 1703 ex
685 1640 763 1703 illius
786 1639 903 1702 dictatis
927 1639 1075 1721 penderet
1097 1642 1226 1707 omnium
1249 1657 1326 1722 quae
1347 1640 1383 1700 ab
1397 1639 1597 1720 Aethiopibus
1621 1646 1784 1720 usurpatae

411 1741 530 1803 fuerant
553 1759 664 1804 vocum
685 1738 902 1822 intelligentia,
931 1756 1019 1818 quam
1043 1738 1154 1802 frustra
1177 1739 1396 1802 circumvenire
1418 1739 1538 1816 nititur,
1566 1757 1633 1802 cum
1656 1757 1695 1800 ex
1718 1737 1784 1798 aliis

412 1840 521 1922 linguis
546 1847 577 1902 et
597 1819 740 1922 Litargiis
762 1839 923 1918 perspicua
947 1839 996 1900 sit.

694 2143 763 2215 lo.
810 2143 902 2214 Unus
928 2144 1038 2214 Pater
1064 2149 1214 2230 sanctos,
1242 2151 1276 2214 et
1303 2145 1484 2236 sequentia.

513 2355 569 2434 Ex
597 2364 820 2445 comparatione
850 2364 935 2426 istius
965 2364 1120 2446 liturgiae
1153 2382 1220 2426 curn
1254 2361 1468 2424 Alexandrinis
1495 2363 1568 2424 satis
1598 2361 1786 2425 manifestum

417 2477 471 2552 est,
494 2488 533 2532 ex
545 2469 602 2530 illis
614 2466 824 2548 Aethiopicam
838 2485 1015 2546 expressam
1030 2467 1137 2528 luisse:
1160 2466 1213 2528 sed
1236 2465 1325 2528 multa
1350 2464 1457 2528 desunt
1480 2465 1517 2528 ad
1539 2466 1649 2528 rituum
1672 2464 1786 2528 intelli-

416 2570 547 2651 gentiam
569 2567 600 2628 in
618 2565 798 2644 Aethiopico
823 2565 1000 2646 exemplari,
1023 2566 1108 2628 utin
1131 2567 1284 2644 versione,
1308 2583 1386 2646 quae
1409 2565 1529 2628 aliunde
1552 2564 1683 2646 petenda
1705 2573 1785 2642 sunt,

414 2669 579 2748 praecipue
609 2685 649 2728 ex
679 2664 815 2746 Liturgia
843 2663 1050 2728 Alexandrina
1080 2665 1224 2745 Coptica,
1255 2671 1287 2726 et
1316 2663 1456 2727 Gabriele
1486 2664 1666 2726 Patriareha.
1710 2664 1785 2725 Nam

415 2765 575 2828 Orationes
609 2782 648 2826 cx
676 2762 726 2825 illa
757 2763 924 2844 descriptas
953 2771 983 2825 et
1013 2765 1118 2828 eodem
1147 2763 1215 2827 loco
1244 2763 1431 2842 recitandas,
1459 2763 1547 2826 simili
1574 2780 1695 2844 quoque
1725 2765 1786 2824 ritu

413 2863 602 2944 usurpandas
632 2881 702 2924 esse
731 2879 792 2924 non
823 2871 924 2942 potest
952 2862 1089 2926 dubitari.
1132 2861 1174 2925 At
1204 2863 1301 2925 oratio
1334 2863 1415 2925 Unus
1442 2863 1536 2924 Pater
1564 2869 1703 2937 sanctas,
1727 2863 1785 2923 etc.

414 2981 491 3044 qaae
514 2959 736 3024 confessionem
758 2961 829 3023 lidei
850 2961 888 3022 de
918 2962 1063 3024 Trinitate
1093 2964 1236 3038 continet,
1261 2962 1358 3042 primo
1381 2981 1398 3023 a
1420 2961 1582 3024 sacerdote
1605 2962 1785 3042 pronuntia-

415 3067 478 3138 tur,
502 3060 611 3122 deinde
633 3077 650 3120 a
672 3059 801 3140 populo,
832 3059 913 3139 quod
936 3061 965 3121 in
989 3061 1154 3141 exemplari
1176 3059 1356 3141 Aethiopico
1386 3077 1446 3124 non
1477 3067 1608 3138 notatur,
1632 3078 1731 3140 neque
1754 3062 1785 3121 in

415 3157 520 3220 Latina
543 3158 693 3219 versione.

502 3255 589 3329 Quod
612 3257 749 3335 sequitur
769 3255 924 3316 Sacerdos
946 3257 1069 3317 elevans
1097 3264 1323 3318 samomentnm
1345 3257 1421 3318 dicit
1446 3257 1511 3318 otto
1537 3275 1629 3334 voce,
1656 3257 1784 3319 Domine

414 3353 490 3417 lesu
513 3353 632 3416 Christe
654 3354 801 3416 miserere
824 3355 929 3432 nostri,
953 3371 1012 3416 non
1035 3355 1252 3435 praescribitur
1281 3355 1311 3416 in
1334 3353 1403 3416 Ritu
1426 3354 1566 3435 Coptico:
1597 3361 1628 3415 et
1654 3354 1784 3417 tortasse

414 3451 465 3513 illa
488 3453 589 3514 ultima
611 3453 705 3515 verba
728 3471 744 3514 a
768 3452 881 3532 populo
904 3451 1031 3522 dicenda
1054 3460 1140 3515 sunt:
1169 3470 1279 3535 nempe
1301 3454 1394 3536 llyrie
1416 3455 1529 3515 eleison
1550 3461 1613 3515 ter:
1637 3471 1715 3533 quae
1738 3461 1786 3516 est

416 3548 657 3631 frequentissima
678 3551 782 3632 populi
803 3559 874 3632 post
897 3551 1104 3614 sacerdotales
1126 3552 1278 3615 orationes
1303 3551 1487 3616 acclamatio.

502 3647 543 3710 At
566 3649 696 3712 elevatio
720 3649 906 3713 Sacramenti
929 3650 986 3712 hoc
1009 3658 1057 3712 est
1078 3651 1243 3729 particulae
1270 3651 1349 3714 illius
1372 3651 1504 3732 majoris,
1528 3668 1606 3730 quae
1628 3653 1659 3712 in
1681 3649 1785 3711 Litur-

415 3747 474 3830 giis
503 3747 718 3811 Alexandrinis
757 3748 881 3811 Graecis
917 3738 1103 3812 Σπουδικόν
1138 3749 1246 3812 dicitur
1282 3751 1341 3812 hoo
1375 3758 1422 3812 est
1449 3745 1552 3826 Σῶμα
1581 3737 1785 3829 δεσποτικόν,

416 3863 526 3926 corpas
553 3847 761 3909 Dominieam:
798 3847 878 3910 unde
907 3847 1039 3910 Arabico
1067 3848 1253 3926 scribentes,
1291 3848 1429 3930 Coptitae
1459 3847 1598 3912 lecerunt
1624 3847 1787 3912 Isbodieon

416 3945 482 4006 sive
503 3945 689 4020 Asbodicon,
713 3947 751 4008 de
774 3964 832 4026 qua
855 3947 966 4008 dictum
994 3954 1042 4008 est
1064 3948 1101 4008 ad
1123 3947 1225 4009 Basilii
1251 3948 1432 4031 liturgicum
1463 3948 1571 4010 eodem
1600 3948 1689 4009 modo
1720 3947 1786 4009 lieri

416 4041 520 4104 debuit
548 4051 638 4123 atque
665 4044 696 4105 in
725 4043 794 4106 Ritu
823 4043 959 4125 Coptieo.
1009 4045 1113 4125 ltaque
1142 4064 1217 4108 vere
1244 4045 1363 4110 dicebat
1392 4046 1550 4129 Zagazabo
1580 4047 1609 4108 in
1638 4045 1785 4109 relatione

417 4159 505 4220 quam
520 4141 612 4204 edidit
624 4141 785 4206 Damianos
810 4143 920 4206 aGoes
943 4145 980 4206 de
995 4144 1130 4206 mortham
1139 4145 1328 4224 Aethiopum,
1351 4144 1573 4208 Sacramentum
1590 4161 1651 4206 non
1670 4145 1785 4208 elevari

416 4239 496 4320 apud
518 4259 603 4316 suos,
625 4248 658 4302 ut
680 4242 711 4303 in
732 4242 884 4305 Lusitania
907 4242 1028 4304 videbat
1050 4241 1131 4304 lieri:
1156 4250 1244 4323 atque
1268 4262 1308 4305 ex
1330 4262 1367 4308 eo
1391 4244 1561 4306 testimonio
1583 4262 1745 4325 perperam
1768 4263 1785 4304 a

416 4338 515 4400 multis
539 4340 693 4402 autoribus
716 4341 859 4421 scriptum
882 4350 939 4417 est,
962 4342 1163 4403 elevationem
1189 4341 1395 4405 Eucharistiae
1423 4343 1502 4423 apud
1524 4341 1692 4422 Aethiopes
1715 4343 1787 4404 uul-

416 4435 476 4498 lam
498 4453 584 4502 esse:
625 4438 697 4501 lade
720 4441 872 4502 acutiores
896 4440 945 4502 alii
968 4439 1091 4521 probari
1121 4441 1386 4516 existimaverunt,
1420 4441 1555 4504 eamdem
1583 4441 1620 4503 ab
1643 4440 1702 4503 illis
1725 4458 1785 4502 non

416 4534 545 4596 adorari.
589 4536 736 4600 Elevatur
758 4546 856 4601 tamen
878 4539 987 4621 procul
1009 4539 1116 4601 dubio:
1148 4539 1204 4602 sed
1227 4558 1286 4602 non
1310 4541 1416 4604 eodem
1439 4541 1593 4624 liturgiae
1616 4540 1701 4618 loco,
1725 4557 1784 4620 quo

415 4630 446 4693 in
468 4633 573 4696 Latina
594 4634 747 4698 Ecclesia:
771 4656 870 4719 neque
892 4638 990 4701 hostia
1011 4639 1188 4719 simpliciter
1210 4639 1377 4702 sacerdotis
1401 4639 1551 4702 manibus:
1582 4658 1688 4701 verum
1710 4657 1786 4720 par-

415 4729 504 4791 ticula
526 4732 556 4792 in
579 4731 663 4796 disco
686 4735 797 4814 posita,
821 4755 888 4799 cum
912 4737 1018 4800 eodem
1041 4738 1201 4800 attollitur:
1231 4738 1311 4800 calix
1333 4757 1394 4801 non
1416 4745 1563 4802 movetur.
1610 4738 1685 4800 'ium
1708 4737 1787 4801 aliud

413 4845 533 4908 quoque
556 4831 586 4892 iu
609 4829 679 4894 Ritu
701 4833 863 4898 discrimen
886 4837 1047 4917 estquod,
1071 4846 1103 4900 ut
1125 4837 1155 4899 in
1177 4845 1242 4899 toto
1256 4836 1381 4900 Oriente
1404 4844 1436 4900 ut
1459 4837 1538 4918 apud
1562 4837 1696 4900 Graecos
1720 4837 1789 4900 elc-

440 4966 550 5008 nmm
1530 4956 1576 5029 er
