4680 6044
658 527 1350 644 nnurrmcnancorncnnsnnsun.
1623 562 1699 638 aaa

323 857 399 918 riter
421 872 461 916 ex
484 852 690 935 chrysostomi
713 849 907 928 testimoniis,
931 849 1059 930 quisque
1080 846 1169 909 lacile
1191 849 1369 931 agnoseit:)
1394 855 1424 911 et
1447 848 1484 910 ab
1503 847 1568 910 aliis
1585 867 1698 912 saecu-

324 954 362 1016 lis
374 952 412 1016 ad
425 953 500 1016 haee
514 971 610 1033 usque
626 959 794 1034 postrema,
818 950 910 1028 actis,
933 947 1032 1026 libris,
1056 949 1254 1011 monumentis
1268 948 1413 1030 publicis,
1437 947 1564 1011 testibus
1578 949 1697 1012 tandem

262 1047 267 1062 ⁴
326 1053 452 1116 ooadatis
476 1059 594 1115 constet
622 1070 688 1114 earn
711 1021 918 1114 Euchan‘stiae
941 1047 1167 1110 consecrandae
1189 1045 1313 1110 formam
1341 1067 1360 1110 a
1382 1045 1507 1110 Graecis
1534 1056 1696 1128 servatam,

326 1170 415 1234 quam
426 1151 582 1232 liturgiae
598 1154 846 1232 repraesentant,
871 1145 943 1208 nibil
957 1147 1051 1209 retert
1066 1147 1165 1210 sintne
1180 1143 1303 1225 Jacobi,
1327 1156 1377 1210 aut
1392 1146 1509 1225 basilii,
1526 1154 1576 1209 aut
1593 1144 1697 1228 Chry-

326 1252 463 1329 sostomi,
487 1269 554 1312 cunr
577 1248 644 1312 illas
667 1247 825 1312 Ecclesiae
848 1264 956 1309 vocem
978 1265 1047 1310 esse
1070 1253 1206 1323 constet,
1231 1264 1307 1326 quae
1329 1249 1479 1329 potiorem
1501 1264 1555 1309 sua
1579 1247 1697 1310 autori-

327 1358 417 1413 tatem
441 1368 502 1412 non
518 1331 667 1434 agnoscit.
692 1348 744 1410 llis
768 1348 809 1409 ita
832 1345 1013 1424 constitutis,
1037 1347 1102 1426 ipsa
1125 1345 1233 1425 quibus
1256 1345 1360 1408 Critici
1382 1346 1534 1430 Liturgias
1558 1347 1696 1427 antiquas

330 1457 537 1533 oppugnatum
561 1449 681 1511 iverunt
704 1453 893 1530 argumenta,
917 1451 949 1508 ut
971 1462 1023 1508 eas
1045 1445 1263 1525 suppositionis
1293 1452 1324 1507 et
1352 1444 1421 1508 falsi
1451 1446 1696 1526 condemnarent,

327 1567 469 1614 summam
493 1547 606 1610 babent
627 1548 658 1610 in
680 1545 796 1608 illarum
819 1544 977 1607 autoritate
999 1543 1176 1606 stabilienda
1193 1544 1254 1606 vim
1277 1551 1307 1606 ει
1329 1543 1503 1608 efficaciam.
1526 1543 1698 1608 Observant

326 1667 437 1732 preces
459 1655 491 1710 et
513 1648 721 1710 caeremonias
745 1644 858 1707 alienas
880 1663 898 1706 a
920 1643 1023 1725 primis
1045 1643 1204 1706 Ecclesiae
1232 1644 1374 1722 saeculis,
1397 1645 1474 1707 adeo
1504 1651 1537 1706 ut
1559 1651 1697 1707 autorum

328 1748 419 1810 aetati
443 1747 609 1810 convenire
638 1764 698 1808 non
728 1745 859 1827 possint:
884 1761 993 1826 nempe
1025 1743 1095 1823 quia
1125 1741 1225 1804 addita
1252 1751 1321 1805 sunt
1344 1763 1384 1806 ex
1412 1745 1574 1824 posteriori
1603 1743 1697 1806 disci-

327 1845 420 1928 plina,
444 1865 531 1927 quarn
554 1845 606 1907 lex
629 1843 775 1908 credendi
798 1842 952 1926 exigebat
997 1840 1183 1905 Observatur
1212 1843 1291 1904 inter
1313 1843 1498 1924 exemplaria
1525 1843 1696 1923 diversitas,

328 1946 397 2025 quia
420 1945 451 2007 in
474 1945 604 2008 diversis
626 1943 772 2007 Ecclesiis
796 1941 983 2006 consuetudo
999 1959 1054 2004 sua
1076 1943 1186 2022 cuique
1201 1941 1356 2006 manebat:
1381 1951 1472 2023 atque
1495 1944 1537 2006 ita
1561 1944 1599 2006 de
1622 1961 1697 2006 cae-

328 2046 412 2108 teris.
456 2043 504 2106 Ex
528 2044 585 2107 illis
608 2045 700 2128 igitur
722 2042 878 2125 principiis
901 2041 939 2105 de
963 2039 1166 2104 Orientalibus
1195 2041 1337 2124 liturgiis
1366 2041 1523 2106 serendum
1552 2052 1618 2106 erut
1642 2045 1698 2126 ju-

329 2144 448 2222 dicium,
478 2162 540 2207 non
568 2162 608 2206 ex
637 2143 756 2205 minutis
786 2141 1048 2206 observationibus
1078 2140 1208 2219 criticis,
1242 2142 1273 2203 in
1301 2141 1409 2222 quibus
1439 2145 1530 2206 etiarn
1557 2143 1698 2224 plerique

329 2261 422 2325 saepe
444 2242 616 2306 hallucinati
639 2250 718 2306 sunt.
1218 2307 1220 2314 ¹

414 2341 520 2422 ltaque
543 2341 638 2410 altera
660 2350 692 2404 et
714 2341 790 2404 hanc
811 2339 976 2422 praecipue
1000 2355 1077 2420 quae
1100 2338 1284 2414 inmanibus
1307 2347 1363 2418 est,
1387 2337 1530 2404 aBasilio
1554 2343 1697 2422 scriptam
1762 2340 1832 2393 Haeo
1844 2341 1959 2412 liturgia
1974 2359 2024 2398 use

330 2459 400 2504 esse
429 2460 494 2504 non·
515 2440 709 2518 arbitramur,
738 2448 769 2502 et
798 2440 980 2501 contrariam
1003 2439 1174 2518 opinionem
1198 2436 1325 2520 Coptitis
1348 2439 1552 2520 relinquimus.
1585 2441 1696 2506 Verum
1710 2427 2025 2497 ⁸⁰⁸3l¹¹¹⁸⁸l¹¹¹⁰E⁰⁰¹⁰⁸l⁸0

329 2540 416 2603 simul
438 2541 644 2604 constituimus
667 2559 707 2602 ex
721 2540 850 2603 omniurn
873 2539 1083 2622 Aegyptiacae
1105 2537 1263 2600 Ecclesiae
1285 2547 1544 2603 monumentorum
1558 2542 1698 2604 testimo·
1713 2513 1837 2583 cmm
1858 2518 2025 2571 ⁰⁰¹¹¹m⁸¹¹d⁸⁸
2092 2559 2093 2564 ¹

327 2640 384 2702 niis
409 2640 608 2703 certissimum
631 2656 700 2702 esse
724 2638 803 2700 illam
824 2638 919 2719 ipsarn
936 2638 1111 2720 Liturgiam,
1129 2636 1236 2700 saltem
1259 2638 1573 2702 ablubamedanorum
1595 2641 1699 2720 initiis,
1712 2608 1762 2653 ω’

327 2747 507 2820 perpetuum
529 2740 561 2802 in
582 2738 729 2800 Ecclesiis
753 2737 887 2818 Coptieis
914 2755 1001 2799 usurn
1023 2736 1175 2814 babuisse,
1200 2739 1250 2818 qui
1274 2737 1410 2802 adhaec
1438 2757 1535 2819 usque
1563 2746 1701 2821 tempora

328 2847 520 2920 perseverat.
564 2837 611 2900 Ex
635 2857 672 2902 eo
696 2857 751 2902 usu
774 2837 976 2901 Ecclesiarunr
999 2844 1080 2898 tanta
1109 2837 1174 2919 ejus
1205 2845 1252 2900 est
1280 2837 1361 2918 apud
1383 2837 1519 2921 Coptitas
1543 2842 1699 2920 autoritas,

331 2946 363 3000 ut
386 2946 457 3019 post
479 2956 583 3001 sacras
608 2940 785 3020 scripturas,
808 2938 953 3020 maj0rem
981 2935 1091 2998 nullam
1115 2943 1292 3018 agnoscant.
1323 2937 1389 3000 Etsi
1413 2957 1486 3001 vero
1511 2938 1638 3020 Coptitis
1662 2939 1700 3002 ab

331 3037 382 3100 illo
412 3046 549 3118 ternpore
580 3038 724 3118 propriae
747 3037 844 3100 laetae
868 3036 989 3114 luerint,
1021 3054 1081 3110 npn
1112 3045 1212 3099 tamen
1239 3037 1468 3101 existimandum
1499 3047 1557 3117 est,
1588 3057 1640 3101 eas
1669 3037 1701 3101 in

212 3145 219 3172 t
330 3136 449 3200 illorum
479 3146 563 3200 secta
592 3138 738 3220 originem
768 3136 928 3213 habuisse,
959 3155 1064 3198 verum
1092 3135 1241 3199 basiliana
1272 3154 1350 3217 qnae
1374 3136 1496 3200 duarum
1518 3137 1701 3220 reliquarum

331 3235 448 3316 Canon,
476 3245 510 3299 ut
539 3237 685 3316 diximus,
720 3238 840 3300 censeri
863 3235 964 3312 debet,
994 3255 1034 3298 ex
1064 3236 1185 3316 antiqua
1214 3235 1329 3298 Graeca
1360 3256 1507 3318 expressa
1536 3245 1593 3316 εει,
1620 3237 1700 3302 unde

332 3345 459 3414 certum,
482 3355 548 3399 earn
571 3338 667 3418 ipsam
691 3355 760 3399 esse
783 3335 937 3418 Liturgiec
961 3335 1097 3414 sormam,
1122 3351 1199 3414 quae
1222 3335 1426 3398 Alexandriae
1452 3337 1507 3400 sub
1524 3336 1700 3400 Christianis

331 3436 565 3517 lrnperatoribus
584 3435 839 3516 frequentabatur.
862 3435 967 3516 Neque
990 3434 1066 3496 haee
1089 3443 1192 3497 nostra
1215 3434 1311 3497 solurn
1329 3437 1478 3498 sententia
1492 3445 1548 3516 est,
1573 3455 1639 3500 curn
1663 3437 1701 3500 de

331 3534 450 3598 illorum
472 3535 641 3598 olliciorum
664 3535 839 3616 antiquitate
862 3533 1069 3616 splendidiora
1093 3535 1181 3595 etiarn
1205 3533 1375 3597 testimonia
1405 3534 1528 3597 tulerint
1549 3536 1700 3618 losepbus

334 3633 472 3716 Scaliger
494 3641 524 3696 et
537 3633 679 3696 Claudius
703 3633 876 3712 Salmasius,
899 3640 1027 3712 uterquc
1049 3634 1079 3694 in
1101 3633 1330 3695 Protcstantium
1354 3636 1570 3698 communione.

417 3731 486 3814 lpsa
508 3734 653 3816 Liturgia,
677 3743 709 3797 ut
732 3734 819 3797 etiam
850 3733 879 3795 id
911 3751 928 3794 a
954 3732 1041 3796 nobis
1065 3731 1261 3810 observetur,
1290 3733 1401 3812 scripta
1431 3740 1477 3794 est
1509 3733 1612 3816 lingua
1636 3728 1990 3800 00.Aegypuaoeecripaa.

327 3833 422 3914 ptica,
445 3833 501 3896 boc
525 3841 571 3896 est
585 3834 786 3917 Aegyptiace,
804 3851 881 3914 quae
904 3834 934 3894 in
949 3851 1006 3894 usu
1029 3838 1094 3896 erat
1108 3829 1163 3895 sub
1178 3830 1354 3894 Christianis
1371 3831 1607 3914 Imperatoribus
1628 3843 1700 3899 ante

330 3931 548 3996 Muharnedana
570 3941 715 4014 tempora.

418 4034 528 4097 Versio
550 4031 682 4096 Arabica
706 4033 743 4096 ab
767 4032 881 4114 aliquot
903 4030 1033 4096 saeculis
1057 4031 1094 4094 ad
1116 4048 1201 4093 oram
1232 4029 1354 4114 adjungi
1376 4031 1466 4111 solet,
1490 4053 1531 4095 ex
1554 4051 1613 4114 quo
1638 4033 1701 4098 Co·
1714 4040 1804 4095 versio
1820 4042 1874 4110 ejus
1888 4042 2009 4096 armies.

329 4132 410 4213 ptioa
434 4132 537 4217 lingua
560 4151 577 4193 a
600 4132 693 4218 vulgo
714 4132 842 4214 intelligi
865 4132 976 4211 desiit„
998 4149 1059 4194 non
1089 4130 1208 4213 quidem
1236 4139 1269 4192 ut
1295 4131 1430 4214 Liturgia
1455 4133 1587 4196 Arabica
1615 4133 1702 4196 cele-

330 4233 481 4310 braretur,
513 4233 594 4313 quod
624 4252 642 4296 a
670 4231 820 4299 nonnullis
854 4240 970 4295 temere
1000 4231 1086 4294 nimis
1114 4229 1291 4293 affirmatum
1320 4238 1383 4309 est,
1417 4232 1471 4294 sed
1494 4239 1526 4294 ut
1555 4233 1703 4296 haberent

334 4331 527 4412 Sacerdotes,
551 4333 629 4396 unde
652 4332 732 4394 illarn
755 4332 857 4418 lingua
880 4331 1042 4395 vernacula
1066 4331 1220 4412 explicare
1242 4339 1376 4412 possent.
1406 4330 1512 4393 Omnia
1533 4334 1613 4394 enirn
1636 4331 1702 4395 Co-

333 4433 414 4513 ptice
442 4439 588 4496 canuntur
622 4441 652 4495 et
681 4432 855 4511 recitantur,
887 4434 976 4495 etiam
1004 4433 1089 4513 ipsae
1120 4449 1273 4494 sacrarum
1303 4432 1519 4513 scripturarum
1541 4431 1699 4498 lectiones.

333 4530 393 4594 Sed
416 4531 587 4617 adjungitur
610 4539 680 4614 post
702 4534 827 4596 istarum
848 4532 1009 4602 lectionem
1031 4531 1195 4613 explicatio
1210 4529 1351 4606 Arabica,
1375 4549 1452 4613 quae
1475 4532 1587 4594 amille
1614 4533 1700 4596 annis

331 4631 363 4693 in
384 4629 528 4716 Aegypto
552 4632 714 4696 vernacula
738 4639 793 4696 est.
836 4631 958 4714 Duplex
980 4640 1079 4694 autern
1101 4631 1229 4694 habetur
1251 4631 1353 4695 versio
1381 4631 1536 4713 Liturgiae
1558 4629 1699 4695 Arabica.

331 4729 407 4792 Nam
430 4748 507 4812 quae
530 4732 561 4792 in
585 4731 698 4795 Codice
719 4732 817 4816 Regio
841 4730 966 4796 Graecis
989 4733 1106 4814 paginis
1129 4730 1315 4813 respondet,
1345 4730 1382 4804 ab
1412 4749 1448 4795 ea
1472 4749 1559 4812 quarn
1583 4730 1702 4812 Coptici

332 4827 460 4893 Codices
488 4839 720 4912 repraesentant
748 4833 869 4894 diversa
898 4837 963 4908 est,
992 4838 1021 4904 et
1051 4832 1088 4894 ab
1118 4831 1176 4893 alia
1197 4848 1296 4894 manu.
1341 4830 1402 4894 lano
1433 4839 1574 4912 quantana
1596 4831 1701 4912 perci-

331 4945 407 5010 pere
428 4947 599 5012 possumus,
622 4934 787 5012 recentior,
811 4939 841 4996 ει
869 4931 907 4994 ab
936 4930 973 4992 iis
1003 4928 1170 4994 bominibus
1198 4930 1292 5012 lacta,
1322 4932 1431 5012 quibus
1458 4930 1574 4994 Graeca
1597 4930 1700 5015 lingua

332 5029 428 5092 minus
452 5029 604 5093 familiaris
627 5039 719 5113 esset,
742 5050 831 5114 quam
854 5030 980 5114 Coptica
1003 5030 1189 5111 alteris-qui
1213 5049 1253 5093 ex
1267 5049 1304 5094 ea
1317 5031 1594 5116 interpretationem
1616 5050 1701 5096 suam
