4760 6038
620 414 673 487 30
1128 411 1491 488 LllllllGlA

725 581 911 669 Sacerdos.
962 595 1008 667 Et
1033 599 1214 693 suspexisti
1240 600 1274 668 in
1301 597 1434 670 coelum
1460 597 1503 668 ad
1528 597 1663 669 Patrem
1689 607 1779 670 tuum
1804 599 1932 691 Deum,
1959 625 2001 673 ac

621 712 799 785 Dominum
826 715 988 802 omnium,
1015 722 1049 782 et
1074 714 1201 803 gratias
1217 713 1337 804 egisti.

726 828 889 921 Poprdoa.
939 829 1060 899 Amen.

727 943 912 1015 Sacerdos.
963 941 1009 1013 Et
1033 940 1236 1014 benedixisti
1262 941 1361 1013 illum.

726 1059 890 1150 Populos.
933 1059 1054 1132 Amen.

726 1173 913 1245 Sacerdos.
965 1173 1010 1244 Et
1036 1173 1249 1246 sanctificasti
1274 1172 1374 1244 illum.

728 1289 891 1382 Poptdoc.
942 1291 1065 1361 Amen.

724 1404 910 1475 Sacerdos.
963 1402 1008 1474 Et
1032 1403 1164 1494 fregisti
1190 1402 1299 1494 illum,
1327 1413 1362 1475 et
1388 1404 1506 1476 dedisti
1532 1402 1622 1474 illum
1656 1407 1721 1476 tuis
1754 1404 1914 1496 gloriosis
1939 1404 1996 1477 di-

620 1519 757 1614 scipulis
784 1523 930 1608 sanctis,
958 1528 992 1588 et
1016 1516 1192 1613 Apostolis
1218 1521 1310 1612 puris
1331 1517 1460 1592 dicens:
1480 1519 1647 1613 Accipite,
1675 1517 1872 1591 manducate
1890 1543 1938 1592 ex
1957 1543 1999 1593 eo

622 1656 756 1707 omncs:
783 1635 859 1707 Hoc
886 1642 939 1705 est
965 1635 1054 1704 enim
1081 1654 1204 1728 corpus
1231 1656 1342 1706 meum
1369 1633 1458 1728 quod
1472 1633 1639 1726 frangitur
1664 1633 1856 1730 pronubis,
1883 1645 1917 1707 et
1936 1657 1998 1731 pro

621 1750 730 1822 multis
758 1748 908 1839 dabitur,
935 1751 1229 1822 inremissionem
1255 1760 1491 1844 peccatomm:
1517 1748 1583 1821 boc
1608 1749 1711 1822 facite
1728 1752 1886 1822 inmeam
1900 1771 1999 1821 com-

620 1867 905 1937 memorationem.

725 1980 887 2072 Popolos.
941 1979 991 2050 lta
1019 1989 1071 2052 est
1097 1982 1131 2050 in
1156 1981 1207 2050 rei
1233 1983 1387 2052 veritate.
1430 1982 1551 2054 Amen.

724 2095 910 2170 Sacerdos.
963 2094 1121 2167 Similiter
1146 2103 1324 2189 postquam
1350 2094 1578 2184 comederunt,
1605 2097 1766 2189 accepisti
1787 2093 1937 2185 calicem,
1965 2105 1999 2167 et

621 2212 781 2286 miscuisti
807 2233 882 2282 cum
910 2232 957 2281 ex
983 2209 1103 2280 iructu'
1119 2213 1198 2281 vitis
1225 2220 1259 2281 et
1284 2233 1386 2304 aqna3
1414 2221 1448 2282 et
1473 2213 1601 2304 gratias
1629 2214 1737 2302 egisti.

723 2326 887 2419 Populos.
940 2325 1061 2397 Amen.
1754 2309 1757 2316 โด

723 2441 909 2512 Sacerdos.
962 2439 1008 2510 Et
1032 2438 1235 2513 benedixisti
1259 2439 1361 2516 illum.

629 2537 631 2542 ยน
723 2555 887 2649 Populos.
941 2555 1060 2629 Amen.

722 2670 907 2742 Sacerdos.
960 2670 1005 2740 Et
1031 2671 1244 2744 sanctificasti
1269 2669 1369 2746 illum.

722 2786 884 2879 Populos.
936 2785 1058 2857 Amen.

722 2901 906 2976 Sacerdos.
958 2900 1002 2971 Et
1028 2903 1190 2992 gustasti,
1223 2912 1257 2972 et
1283 2901 1402 2975 dedisti
1427 2901 1517 2974 illum
1544 2905 1608 2976 tuis
1644 2901 1802 2993 gloriosis
1830 2900 1998 2996 discipulis

618 3020 763 3109 sanctis,
798 3026 833 3089 et
864 3015 1041 3112 Apostobs
1075 3018 1167 3112 puris
1204 3016 1335 3088 dicens:
1366 3017 1539 3112 Accipite,
1573 3014 1678 3089 bibite
1712 3037 1758 3086 ex
1792 3037 1835 3088 co
1869 3037 1996 3091 omnes,

617 3133 681 3205 llic
709 3144 761 3206 est
787 3136 875 3204 enim
902 3134 1038 3223 sanguis
1064 3153 1160 3204 meus
1186 3137 1268 3205 novi
1295 3131 1510 3222 Testamenti,
1537 3133 1594 3226 qni
1617 3129 1790 3202 ellunditrn
1807 3153 1869 3226 pro
1886 3129 1997 3225 vobis,

619 3258 654 3320 et
679 3270 742 3344 pro
768 3248 877 3319 multis
905 3247 1000 3317 datur
1025 3247 1059 3317 in
1085 3249 1318 3320 remissionem
1344 3256 1575 3342 peccatorum:
1610 3246 1676 3318 hoc
1701 3244 1802 3316 iacite
1827 3249 1863 3317 in
1887 3269 1997 3318 meam

619 3365 982 3435 commemorationem.

720 3477 883 3570 Populos.
936 3477 985 3548 lta
1013 3499 1145 3572 qnoque
1173 3479 1284 3549 estin
1311 3481 1363 3548 rei
1389 3480 1542 3550 veritate.

720 3591 906 3664 Sacerdos.
966 3590 1250 3685 Quotiescumque
1284 3595 1371 3664 enim
1405 3591 1686 3665 manducaveritis
1723 3614 1770 3664 ex
1800 3592 1866 3664 boc
1897 3615 1996 3688 punc,

618 3719 652 3780 et
677 3705 827 3781 biberitis
854 3730 900 3808 ex
928 3706 993 3779 hoc
1019 3707 1141 3799 cabce,
1169 3707 1409 3782 annunciabitis
1435 3719 1576 3780 mortem
1609 3729 1718 3780 meam
1750 3718 1786 3780 et
1816 3707 1997 3780 contitebi-

618 3827 697 3895 mini
723 3828 1005 3897 resurrectionem
1033 3846 1158 3914 meam,
1187 3834 1221 3896 et
1246 3827 1312 3895 mei
1338 3828 1533 3896 memoriam
1547 3823 1699 3913 iacietis,
1727 3823 1836 3896 donec
1853 3827 1996 3897 veniam.

721 3939 883 4032 Populus.
936 3941 1080 4012 Mortem
1108 3948 1215 4030 tuam,
1240 3937 1402 4030 Domine,
1429 3941 1666 4012 annunciamus
1694 3949 1727 4011 et
1754 3949 1902 4012 sanctam
1932 3961 1996 4010 re-

620 4058 859 4128 surrectionem
902 4064 1008 4146 tuam,
1050 4064 1085 4126 et
1126 4058 1360 4128 ascensionem
1396 4055 1608 4144 confitemur3
1643 4064 1677 4126 te
1708 4054 1898 4143 laudamus,
1938 4051 1997 4125 tibi

619 4171 747 4260 gratias
775 4174 923 4262 agimus,
951 4179 985 4241 et
1007 4179 1042 4240 te
1069 4169 1305 4264 deprecamur,
1331 4170 1475 4244 Domine
1501 4170 1595 4241 Deus
1621 4179 1748 4241 noster.

724 4285 908 4357 Sacerdos.
961 4283 1007 4356 Et
1031 4307 1119 4356 nunc
1146 4288 1258 4377 etiam,
1283 4286 1447 4376 Domine,
1473 4287 1669 4357 memoriam
1691 4288 1821 4376 agimus
1848 4282 1996 4355 descen-

619 4421 676 4473 sus
708 4405 754 4472 tui
786 4401 828 4475 ad
862 4410 997 4492 terram,
1034 4412 1067 4473 et
1098 4404 1215 4474 mortis
1255 4412 1332 4473 tuae
1366 4401 1586 4490 vivificantis,
1620 4411 1655 4472 et
1689 4399 1881 4495 sepulturae
1918 4408 1994 4470 tuae

618 4516 811 4606 triduanae,
839 4527 874 4589 et
898 4518 1153 4590 resurrectionis
1181 4541 1201 4588 a
1227 4519 1386 4607 mortuis,
1414 4526 1448 4588 et
1474 4519 1681 4589 ascensionis
1709 4515 1752 4587 ad
1786 4514 1924 4603 coelos,
1962 4524 1995 4584 et

619 4635 780 4706 sessionis
807 4643 884 4704 tuae
911 4633 954 4704 ad
985 4632 1158 4704 dexteram
1192 4630 1301 4705 Patris
1335 4634 1402 4720 tui,
1438 4639 1471 4702 et
1504 4630 1667 4702 adventus
1703 4633 1748 4701 tui
1782 4627 1920 4703 secundi
1954 4626 1996 4697 de

618 4747 723 4819 coelis
751 4747 913 4819 tremendi
938 4758 973 4821 et
997 4747 1157 4840 gloriosi:
1185 4747 1420 4844 ollerimusqnc
1446 4747 1505 4820 tibi
1531 4747 1615 4818 haec
1645 4746 1733 4820 dona
1768 4755 1841 4834 tua,
1875 4765 1922 4814 cx
1954 4745 1993 4813 iis

619 4883 705 4955 quac
731 4872 788 4934 tua
815 4871 907 4953 sunt,
933 4885 996 4958 pro
1025 4862 1196 4956 omnibus,
1223 4873 1258 4936 et
1284 4874 1423 4960 propter
1449 4865 1580 4954 omnia,
1608 4865 1702 4936 etin
1728 4860 1889 4934 onmibus.
