4680 6044
664 617 739 691 178
1138 615 1574 696 COMMENTARIUS

661 802 733 864 vino
757 801 966 864 consecrando
990 819 1095 882 aquam
1118 819 1182 863 non
1203 800 1398 863 admisceant.
1444 800 1639 865 Consuetudo
1654 811 1754 864 autem
1768 804 1900 866 omnium
1918 804 2038 869 illarum

662 901 867 963 Ecclesiarum
891 908 954 979 est,
978 909 1011 962 ut
1034 918 1105 981 pars
1129 918 1225 980 aquae
1248 898 1466 979 admisceatur,
1497 917 1534 963 ea
1562 903 1762 980 proportione
1792 921 1881 983 qoam
1910 904 1951 965 ita
1980 903 2039 967 de·

662 997 766 1059 scribit
788 999 1014 1064 Eclunimensis.
1058 999 1165 1079 Aquam
1187 1000 1230 1061 ad
1250 1000 1351 1060 oinnm
1370 1001 1541 1079 proportio,
1563 1001 1604 1060 sit
1624 1018 1647 1060 a
1667 1003 1758 1062 tertio
1775 1010 1866 1080 porte
1881 1021 1976 1083 usqae
1997 1003 2040 1064 ad

662 1096 825 1172 decimam,
852 1100 897 1159 ita
924 1106 958 1160 ut
978 1101 1009 1160 si
1028 1101 1130 1160 vinnm
1149 1099 1327 1178 peneresius
1355 1099 1475 1159 omnino
1498 1099 1552 1172 sit,
1580 1099 1625 1159 ita
1651 1104 1848 1177 temperetur,
1878 1108 1912 1162 nt
1939 1119 2039 1180 aquae

373 1199 480 1251 domem·
493 1196 590 1249 Erotes·
606 1193 753 1257 (tr-tertio
770 1215 849 1276 pars
872 1197 1092 1259 admisceatur.-
1114 1199 1144 1258 si
1164 1197 1340 1258 imbecillius
1361 1197 1627 1277 mandaturosque
1649 1197 1692 1259 ad
1718 1198 1882 1274 decimam,
1910 1201 1940 1260 si
1971 1219 2038 1262 mc-

342 1285 448 1354 nrp.
466 1285 510 1336 aa.

662 1295 746 1356 diam
767 1297 828 1356 eim
850 1296 976 1372 tabem,
1000 1296 1181 1357 adhibeatur
1201 1295 1364 1357 secundnm
1386 1296 1521 1356 camdem
1540 1297 1774 1375 proportionem.
1807 1296 1898 1358 Extat
1919 1297 1950 1357 in
1971 1298 2038 1360 No-

661 1409 830 1455 mocanone
854 1393 974 1457 Graeco
997 1393 1191 1457 Coteleriano
1222 1392 1402 1456 constitutio
1433 1392 1580 1472 quaedam
1609 1394 1683 1455 satis
1712 1393 1844 1455 absurda
1872 1412 1951 1475 quae
1979 1396 2038 1459 buc

659 1489 770 1554 reterri
792 1498 904 1571 potest.
949 1491 1043 1568 Dum,
1066 1493 1178 1573 inquit,
1201 1493 1368 1553 necessitas
1388 1511 1450 1552 non
1472 1499 1532 1568 est,
1554 1491 1709 1554 Sacerdos
1730 1511 1798 1554 cnm
1820 1500 1908 1555 aceto
1929 1493 2038 1556 Litaui-

658 1592 742 1670 piam
762 1610 800 1651 ne
822 1591 959 1654 celebret.
1004 1590 1068 1652 Sed
1087 1598 1123 1651 ut
1142 1591 1254 1652 dicitnr
1279 1590 1354 1669 selle
1372 1597 1406 1651 'et
1432 1598 1519 1653 aceto
1545 1598 1672 1670 propter
1696 1609 1744 1651 me
1767 1599 1892 1670 potatus
1919 1611 1968 1668 es,
1997 1612 2038 1654 ec

660 1690 792 1770 quodam
814 1693 952 1751 emtione
973 1691 1159 1768 depromtnm
1180 1689 1307 1752 uidetur.
1353 1687 1416 1749 Sed
1435 1707 1527 1750 noum
1548 1689 1702 1767 exprime,
1724 1690 1753 1748 si
1771 1687 1854 1768 [orte
1870 1692 2038 1752 necessitas

656 1790 768 1868 premit
789 1794 819 1849 et
839 1790 884 1850 ita
906 1789 1090 1866 sacrificium
1109 1788 1181 1866 fiat,
1203 1788 1276 1866 qnia
1298 1795 1368 1848 tunc
1389 1788 1514 1848 malado
1534 1787 1569 1865 fit
1589 1786 1672 1866 lepis.
1718 1785 1799 1847 llaec
1823 1787 1974 1849 attulimus
1996 1805 2037 1849 ne

661 1887 852 1949 existimetur
873 1884 1121 1947 consuetudinem
1142 1902 1216 1946 uvas
1240 1883 1277 1946 ad
1300 1883 1478 1946 sacrificium
1509 1882 1698 1946 ollerendum
1728 1884 1932 1964 exprimendi,
1962 1885 2036 1948 solis

661 1984 864 2047 Orientalibus
886 1991 1059 2063 usurpatam
1082 2001 1168 2045 esse:
1191 1983 1339 2064 simulque
1362 1983 1544 2044 observetur
1565 1983 1662 2044 minus
1686 1983 1782 2045 adbuc
1810 2001 1916 2045 errare
1947 1984 2036 2061 istos,

662 2082 819 2146 Graeculis
842 2081 1078 2156 recentioribus3
1102 2101 1170 2143 cum
1193 2089 1324 2159 acetum,
1349 2087 1379 2143 et
1402 2082 1501 2143 vinum
1525 2081 1606 2160 quod
1630 2099 1774 2144 acescere
1795 2081 1951 2163 coeperit,
1975 2099 2034 2143 non

660 2183 800 2261 usurpari
823 2199 916 2262 posse
940 2178 978 2242 ad
1001 2180 1095 2243 altare
1119 2188 1267 2259 statuant,
1297 2179 1406 2242 Gracci
1433 2197 1507 2241 vero
1531 2181 1722 2260 permittant,
1756 2182 1813 2244 etsi
1843 2196 1948 2242 omnes
1977 2179 2036 2242 hac

661 2281 805 2362 opinione
826 2281 993 2359 implicatos
1016 2297 1075 2342 non
1099 2278 1195 2342 luisse
1217 2278 1345 2340 maxime
1368 2277 1530 2339 verisimile
1553 2279 1602 2342 sit.
1647 2277 1720 2340 Nam
1749 2279 1942 2342 Nomooanon
1971 2278 2034 2356 ille,

661 2386 692 2441 et
714 2378 826 2441 similes
849 2375 986 2458 quidam,
1009 2385 1068 2439 tam
1091 2379 1163 2440 editi
1186 2395 1275 2459 quam
1297 2376 1510 2458 Manuscripti,
1534 2377 1665 2439 absurda
1681 2385 1738 2440 tam
1751 2362 1849 2440 ¹multa
1866 2378 2034 2456 continent,

660 2484 693 2540 nt
716 2496 756 2540 ex
777 2477 835 2538 illis
858 2493 932 2538 vera
955 2475 1131 2556 disciplinae
1154 2475 1250 2538 forma
1272 2475 1420 2539 delineari
1442 2474 1522 2537 nulla
1544 2477 1652 2556 possit.

372 2581 463 2636 Discus
481 2599 526 2636 aaa
545 2591 646 2652 patena.
750 2575 787 2637 Ut
809 2571 896 2636 Calix
917 2575 1008 2652 vino,
1031 2575 1071 2634 itu
1095 2576 1198 2636 dbcrts
1220 2593 1275 2636 seu
1298 2583 1409 2655 patena
1430 2575 1501 2654 pani
1523 2574 1731 2638 Eucharistico
1751 2551 1942 2656 adjungitur,
1967 2583 2035 2638 est-

660 2693 720 2756 que
742 2659 935 2751 atramina,
958 2674 999 2733 ita
1023 2679 1054 2733 et
1075 2671 1189 2749 forma,
1212 2673 1396 2735 Graecorum
1419 2672 1504 2735 disco
1526 2672 1648 2749 similis,
1671 2691 1739 2734 nam
1762 2691 1829 2735 eum
1843 2690 1951 2735 vocem
1965 2691 2035 2735 oum

660 2772 726 2837 aliis
749 2771 970 2834 Ecclesiasticis
993 2771 1093 2832 multis
1116 2770 1255 2852 Coptitae
1277 2773 1475 2834 retinuerunt.
1512 2770 1616 2832 Latior
1632 2780 1697 2850 est,
1719 2771 1874 2850 multoque
1890 2773 2035 2851 capacior

660 2889 748 2953 quam
770 2869 944 2932 Latinorum
967 2876 1091 2950 patena,
1115 2871 1155 2932 ita
1177 2878 1210 2933 ut
1232 2869 1312 2932 calix
1334 2879 1366 2932 et
1387 2869 1487 2932 oblata
1509 2869 1539 2930 in
1564 2887 1602 2932 eo
1625 2869 1713 2931 simul
1735 2867 1880 2932 collocari
1901 2871 2032 2949 possint.

660 2968 864 3032 Consecratur
885 2968 964 3049 apud
988 2969 1124 3050 Coptitas
1155 2969 1192 3032 ab
1214 2970 1368 3050 Episcopo
1398 2967 1545 3050 singulari
1577 2967 1809 3042 benedictione,
1838 2975 1869 3029 et
1898 2967 1936 3030 ad
1965 2986 2032 3031 eum

658 3067 874 3150 perficiendam
898 3076 981 3130 extat
1002 3069 1099 3131 oratio
1122 3070 1151 3131 in
1175 3069 1274 3132 multis
1296 3067 1451 3150 liturgiae
1475 3066 1639 3129 codicibus.
1684 3065 1718 3128 ln
1741 3085 1777 3128 ea
1799 3074 1925 3148 rogatur
1937 3065 2031 3147 Deus,

658 3176 692 3230 nt
713 3167 857 3229 ecterndat
877 3167 1034 3229 bracbbrm
1055 3187 1141 3229 sunm
1162 3176 1316 3256 sanctum,
1339 3175 1369 3228 et
1385 3167 1552 3246 sanctificet
1564 3167 1681 3226 discum
1692 3167 1813 3244 plenum
1828 3165 1932 3240 bonis,
1955 3185 2033 3245 puae

653 3267 854 3346 praeparavit
873 3265 1065 3346 dilipentibos
1085 3285 1192 3328 nomen
1222 3285 1307 3327 suum
1333 3273 1487 3339 sanctam,
1517 3265 1633 3326 scilicet
1660 3282 1771 3342 corpas
1800 3271 1830 3324 et
1855 3265 2033 3347 mnpninem

654 3365 823 3443 pretium
851 3360 964 3426 Cbrrsti
984 3366 1041 3427 soi.
1086 3363 1201 3444 Nempe
1225 3365 1265 3426 ita
1288 3363 1450 3443 loquuntur
1478 3379 1541 3424 uon
1569 3359 1659 3424 modo
1686 3363 1716 3423 in
1746 3361 1887 3440 precibus
1917 3360 2031 3424 Eccle-

659 3462 805 3538 siastiols‚
829 3461 884 3524 sed
907 3462 996 3524 etiam
1018 3463 1049 3523 in
1071 3462 1247 3524 tractatibus
1270 3462 1481 3543 theologicis,
1508 3469 1539 3522 et
1561 3469 1754 3542 praesentem
1783 3458 1921 3522 localiter
1950 3478 2032 3540 quo-

657 3559 834 3637 dammodo,
858 3557 1008 3624 Christum
1031 3561 1061 3622 in
1086 3560 1170 3623 disco
1192 3560 1402 3623 Eucharistiae
1424 3561 1535 3623 intueri
1553 3561 1671 3640 jubent.
1702 3561 1836 3625 Severus
1858 3558 2031 3638 Episcopus

656 3657 857 3736 Aschmonin,
881 3659 923 3720 ait
945 3679 1011 3720 enm
1032 3659 1160 3720 stradam
1180 3658 1239 3721 hoc
1262 3667 1309 3722 est
1330 3659 1400 3722 velo
1423 3676 1483 3739 qur)
1507 3661 1620 3742 tegitur
1642 3667 1878 3737 sacramentum,
1906 3657 2031 3733 incolui,

655 3765 687 3818 et
706 3775 772 3818 esse
792 3758 924 3835 positum
944 3759 977 3818 in
998 3758 1099 3834 disco,
1122 3759 1201 3820 sicat
1221 3760 1254 3819 in
1274 3759 1451 3838 septdebro,
1474 3767 1505 3821 et
1523 3761 1555 3820 in
1575 3760 1735 3838 praesepio
1766 3759 1931 3820 codocotns
1959 3757 2031 3822 olim

652 3854 722 3933 fait.
767 3854 912 3917 Homiliae
943 3855 974 3915 in
996 3855 1133 3918 Ecclesia
1155 3855 1363 3918 Alexandrina
1391 3855 1454 3940 legi
1476 3856 1584 3921 solitae
1612 3858 1729 3937 dicunt,
1758 3858 1891 3938 parotidie
1912 3860 2034 3920 ceoriri

653 3952 743 4014 nobis
764 3950 915 4014 Cbm'stum
935 3955 1127 4016 incantatam
1148 3957 1181 4016 in
1202 3955 1287 4017 disco
1311 3955 1511 4018 encboristico
1535 3959 1616 4018 etin
1638 3957 1753 4018 colice:
1775 3956 1876 4017 uideri
1896 3973 1917 4016 u
1937 3955 2030 4018 ctet-

653 4051 764 4111 stionis
782 4059 953 4130 pometum
976 4071 1088 4132 corpus
1109 4055 1174 4132 pus
1195 4054 1227 4114 in
1250 4054 1354 4129 disco,
1376 4055 1456 4116 siortt
1482 4056 1514 4116 in
1536 4056 1704 4135 sepeulcltro.
1755 4052 1799 4116 Ea
1827 4072 1904 4116 vero
1933 4055 2029 4118 verba

655 4163 716 4209 non
738 4147 832 4210 semel
854 4158 1033 4228 occurrunt,
1058 4151 1112 4213 sed
1134 4153 1328 4230 reperiuntm
1351 4150 1479 4217 diversis
1503 4154 1598 4231 locis,
1628 4172 1668 4216 ne
1696 4154 1763 4234 quis
1793 4153 1962 4230 existimet,
1991 4172 2029 4216 aa

654 4246 775 4310 incauto
798 4250 912 4310 oratori
935 4248 1109 4328 excidisse,
1133 4268 1193 4312 non
1216 4250 1254 4311 ab
1277 4258 1392 4313 attento
1416 4251 1574 4334 'theologo
1597 4269 1668 4316 esse
1690 4251 1872 4333 perscripta.
1913 4250 1947 4314 lu
1970 4253 2028 4314 ulia

653 4345 790 4408 oratione
813 4345 851 4408 ad
873 4346 1115 4411 benedictionem
1138 4349 1223 4412 disci.
1263 4349 1403 4412 Extende
1432 4370 1553 4414 manum
1575 4360 1657 4414 taam
1678 4353 1814 4415 divinam
1835 4370 1927 4430 asper
1948 4351 2027 4414 ltmrc

383 4438 445 4499 aar.
469 4445 538 4498 Pan.
564 4445 638 4499 Aba.
653 4443 770 4505 discam
792 4444 994 4521 benedictum,
1016 4448 1069 4526 pui
1088 4447 1255 4527 implendos
1276 4456 1322 4510 est
1339 4449 1481 4528 partibus
1502 4451 1643 4530 corporis
1665 4451 1710 4511 tni
1720 4450 1833 4525 sancti,
1855 4449 1937 4530 quod
1947 4447 2027 4530 offe·

327 4548 354 4599 p.
370 4531 433 4583 378.

651 4551 720 4604 rent
739 4562 830 4622 suuper
850 4544 950 4606 altare
970 4548 1157 4621 sanctuarii,
1187 4547 1275 4626 bojas
1303 4555 1430 4610 sanctae
1459 4549 1601 4610 ciuitates.
1645 4547 1679 4609 ln
1707 4547 1832 4610 historia
1864 4546 2025 4610 Ecclesiae

651 4639 878 4704 Alexandrinae
901 4659 939 4705 eo
961 4643 1031 4706 loco
1050 4643 1101 4706 ubi
1116 4652 1256 4708 narratur
1273 4645 1447 4708 miraculum
1461 4646 1632 4727 apparentis
1645 4645 1720 4708 Jesu
1734 4644 1845 4709 Christi
1858 4645 1889 4706 in
1900 4645 2026 4708 Eucha-

651 4739 757 4801 ristiae
780 4739 984 4804 celebratione
1008 4742 1063 4804 sub
1087 4743 1182 4806 iorma
1204 4746 1309 4825 pueri,
1338 4744 1419 4826 quod
1448 4744 1517 4808 alibi
1540 4745 1712 4823 retulimus,
1741 4743 1851 4806 dicitur
1878 4744 1909 4806 in
1939 4743 2024 4808 disco

653 4839 842 4916 apparuisse.
887 4838 936 4903 Ad
966 4858 1033 4902 eum
1064 4849 1182 4922 spectet
1211 4843 1382 4906 benedictio
1411 4863 1490 4926 quae
1520 4846 1615 4926 prima
1638 4845 1717 4907 inter
1741 4844 1815 4906 allas
1838 4845 1972 4907 occurrit
1993 4846 2025 4907 in

652 4933 777 4998 Conone
800 4935 940 4999 Generali
961 4938 1154 5021 Aethiopum.
1178 4942 1303 5005 Paratur
1325 4943 1404 5006 sicut
1425 4952 1456 5007 et
1478 4942 1559 5006 calix
1580 4963 1621 5006 err
1644 4961 1738 5021 auro,
1762 4951 1908 5027 argento,
1932 4951 2025 5024 atque

650 5031 708 5095 alla
729 5036 866 5116 pretiosa
887 5037 1034 5114 materia,
1057 5039 1116 5101 nisi
1137 5040 1259 5105 obstent
1281 5040 1542 5106 afflictissimarmn
1563 5042 1770 5106 Ecclesiarnm
1793 5043 1963 5126 angustiae.
