4686 6060
674 583 1212 666 ALEXANDRINO.
1558 585 1634 658 369

254 777 413 852 Attamen
439 797 485 847 ex
512 797 578 869 quo
605 775 784 872 Aegyptus
810 778 845 846 in
871 771 1186 845 Mubamedanomm
1213 772 1535 866 potestatemvenit,
1563 769 1634 840 im-

254 898 379 966 minuta
411 903 463 964 est
494 890 624 962 illorum
666 893 846 978 autoritas,
878 911 953 960 cum
986 889 1115 960 etiamsi
1142 889 1198 978 jus
1231 887 1359 982 primae
1393 887 1632 981 propositionis

254 1013 400 1081 retinere
427 1015 647 1094 conarentur,
673 1004 751 1077 nibil
765 994 888 1078 'tamen
916 1003 1047 1076 efficere
1073 1013 1211 1099 possent
1234 1003 1362 1098 absque
1380 1001 1632 1090 Cabiranorum,

255 1137 288 1198 et
331 1125 471 1196 aliorum
508 1125 564 1216 qui
605 1121 760 1216 populum
804 1119 1025 1194 Christianum
1066 1118 1284 1192 Jacobitioum
1321 1114 1632 1213 repraesentabant,

255 1242 415 1332 suffragio
444 1247 477 1310 et
504 1235 758 1333 approbatione.
813 1235 949 1309 Certum
975 1235 1009 1306 id
1035 1257 1082 1305 ex
1108 1236 1213 1307 variis
1241 1233 1440 1326 acerbisquo
1465 1234 1631 1304 intereos

255 1367 289 1429 et
314 1357 504 1452 Episcopos
532 1351 852 1441 concertationibus,
881 1373 968 1445 quae
995 1348 1172 1443 aliquando
1200 1349 1398 1420 electionum
1415 1345 1556 1419 Comitia
1576 1357 1633 1419 aut

253 1472 353 1566 plane
380 1479 552 1565 ruperunt,
579 1467 704 1540 autad
731 1487 866 1540 menses
893 1475 928 1538 et
954 1486 1059 1538 annos
1078 1463 1325 1561 produxemnt3
1353 1463 1547 1535 sacerdotes
1564 1486 1631 1535 au-

255 1595 328 1656 tem
349 1584 569 1658 'Alexandrini
595 1582 798 1674 intelligendi
832 1591 922 1668 sunt,
959 1583 1014 1675 qui
1050 1591 1145 1652 erant
1178 1603 1224 1651 ex
1258 1579 1412 1652 Ecclesia
1444 1577 1479 1650 S.
1512 1577 1632 1669 Marci,

256 1723 341 1795 quae
358 1699 593 1773 Patriarcbalis
621 1697 864 1793 quodammodo
884 1697 1076 1788 dignitatem
1104 1707 1137 1768 et
1152 1699 1360 1768 autoritatem
1377 1694 1555 1769 obtinebat.
1581 1695 1632 1766 Illi

256 1839 302 1888 ex
328 1839 369 1888 ea
397 1818 638 1911 praerogativa
664 1835 731 1885 non
758 1815 867 1886 solum
889 1815 944 1904 jus
971 1813 1157 1886 sententiae
1172 1815 1311 1908 primum
1326 1810 1487 1884 dicendae
1500 1812 1632 1884 retine-

254 1932 353 2021 bant,
381 1931 441 2004 sed
468 1941 572 2004 totum
599 1930 733 2004 Clerum
746 1929 1010 2002 Alexandrinum
1037 1928 1343 2021 repraesentabant.
1383 1929 1540 2001 Attamen
1563 1948 1632 1998 non

255 2059 381 2120 tantum
407 2049 513 2120 valuit
539 2068 654 2118 eorum
683 2048 861 2135 autoritas,
889 2047 966 2139 quin
992 2045 1131 2116 aliorum
1159 2066 1204 2114 ex
1239 2037 1355 2114 eadem
1391 2043 1475 2116 urbe
1509 2065 1633 2116 sacer-

257 2162 370 2235 dotum
398 2163 643 2258 oppositionem
669 2171 872 2257 paterentur.
925 2159 1035 2231 Docet
1060 2181 1123 2232 nos
1157 2162 1203 2231 ita
1236 2179 1483 2252 nonnumquam
1518 2161 1632 2231 conti-

256 2283 367 2370 gisse,
394 2279 542 2350 Historia
569 2277 836 2349 Patriarcbamm
862 2275 1168 2348 Alexandrinorum
1194 2277 1227 2346 in
1261 2281 1331 2349 vita
1358 2278 1504 2350 Simonis
1530 2275 1633 2349 XLII.

255 2391 343 2466 Nam
369 2393 590 2466 Alexandrini
618 2391 812 2465 sacerdotes
840 2390 922 2463 duas
950 2393 983 2461 in
1009 2389 1173 2462 factiones
1200 2391 1300 2464 divisi
1327 2403 1437 2481 erant,
1471 2391 1543 2464 aliis
1561 2392 1631 2464 lo-

256 2529 376 2579 annem
402 2507 570 2581 Abbatem
596 2508 743 2598 Nitriae,
770 2506 843 2579 aliis
870 2506 1043 2578 Victorem
1068 2506 1237 2578 Abbatem
1265 2508 1401 2581 alterius
1434 2507 1631 2583 Monasterii

255 2623 540 2718 proponentibus,
567 2623 612 2695 illi
638 2645 723 2695 vero
751 2631 845 2694 erant
872 2643 918 2693 ex
944 2618 1099 2713 Collegio
1125 2620 1303 2695 Ecclesiae
1330 2624 1480 2718 Ampelii.
1532 2623 1632 2696 Nea-

255 2747 309 2809 ter
336 2746 446 2810 tamen
471 2759 585 2810 eorum
613 2739 739 2811 electus
771 2747 844 2824 est,
876 2747 975 2831 atque
1007 2741 1140 2833 saepius
1171 2740 1297 2810 irritam
1331 2738 1438 2813 fuisse
1473 2739 1632 2811 Alexan-

257 2853 442 2925 drinorum·
461 2865 517 2925 aut
560 2852 801 2926 Cabiranorum
837 2855 1113 2942 nominationem,
1152 2855 1181 2927 si
1212 2853 1374 2950 Episcopi
1407 2853 1631 2944 dissentirent,

255 2968 356 3040 multa
385 2969 539 3064 exempla
566 2969 746 3042 declarant.
799 2969 875 3041 Fuit
901 2979 1011 3040 amen
1038 2991 1172 3063 semper
1198 2991 1238 3040 ea
1265 2979 1332 3048 tom
1350 2969 1442 3044 Cleri
1460 2974 1631 3066 utriusque

256 3084 367 3174 urbis,
394 3094 461 3155 tum
487 3087 666 3180 primorum
693 3086 872 3158 Laicorum
900 3087 1028 3179 opinio,
1056 3083 1145 3177 quod
1170 3087 1233 3178 ipsi
1256 3087 1312 3176 jus
1343 3089 1556 3182 praecipuum
1589 3086 1631 3158 ad

257 3200 447 3292 eligendum
473 3201 701 3273 Patriarcbam
731 3199 908 3291 haberent,
934 3199 1112 3296 Episcopis
1140 3198 1213 3274 sola
1241 3210 1447 3295 competeret
1477 3225 1632 3274 mannum

256 3319 439 3410 impositio,
477 3339 538 3412 per
574 3339 672 3411 quam
706 3314 877 3388 Ordinatio
913 3315 1139 3410 perficeretur.
1192 3316 1242 3387 lta
1268 3319 1302 3386 in
1328 3314 1534 3412 Theophanii
1561 3319 1632 3389 vita

256 3431 398 3522 legimus
426 3453 513 3518 eom,
541 3455 614 3504 cum
633 3432 777 3528 superbe
802 3433 900 3503 nimis
917 3452 955 3502 se
978 3431 1111 3502 edomet
1126 3429 1289 3502 adversus
1309 3430 1571 3524 Alexandrinos,
1599 3441 1632 3503 et

258 3569 299 3617 ea
327 3549 522 3643 quaeipsis
549 3557 626 3618 ante
653 3547 904 3619 Ordinationem
930 3546 1095 3641 pollicitus
1121 3544 1244 3632 iuerat,
1271 3557 1446 3642 praestare
1463 3555 1632 3636 renueret,

258 3683 319 3734 eos
347 3662 491 3750 dixisse,
519 3673 670 3735 omatum
698 3662 788 3734 illum
815 3673 849 3734 et
873 3673 1003 3735 vestem
1032 3683 1096 3756 qua
1124 3665 1267 3734 caeteris
1295 3661 1505 3758 praestabat,
1537 3685 1633 3738 suum

256 3781 406 3873 ipsorum
432 3801 550 3850 munus
578 3801 674 3866 esse,
703 3790 736 3852 et
763 3779 805 3850 ad
833 3801 871 3850 se
897 3780 953 3872 qui
970 3777 1148 3866 dederant,
1174 3781 1352 3872 pertinere.
1405 3778 1531 3850 Vemm
1547 3778 1632 3851 haec

256 3915 326 3965 non
352 3896 459 3966 minus
486 3893 727 3967 contumeliosa
755 3917 851 3990 quam
878 3893 964 3967 falsa
999 3904 1109 3964 erant:
1144 3903 1270 3964 certum
1295 3891 1374 3964 illud
1405 3894 1631 3967 tantummodo

258 4008 365 4103 quod,
403 4011 467 4082 nisi
505 4032 688 4083 consensus
725 4013 907 4083 communis
944 4013 1087 4081 omnium
1122 4008 1313 4097 accederet,
1348 4009 1428 4082 nibil
1459 4021 1632 4105 peractum

258 4122 467 4198 censebatur.
913 4133 918 4136 ’

362 4238 465 4311 XLll.
506 4239 572 4312 Ubi
604 4241 729 4314 Missae
764 4245 897 4314 comitia
935 4241 1058 4314 indicta
1092 4251 1205 4328 erant,
1239 4250 1396 4336 essetque
1432 4242 1562 4314 civibus
1598 4252 1633 4314 et
1680 4263 1772 4316 murae
1788 4261 1958 4316 aaronitae

259 4354 362 4428 Clero
388 4353 473 4428 ilbus
500 4355 592 4430 urbis
616 4360 670 4450 jus
697 4358 905 4452 proponendi
932 4379 1031 4452 quem
1058 4356 1245 4449 digniorem
1262 4360 1507 4446 existimarent,
1534 4351 1745 4447 dice-“Wium,
1766 4349 1811 4415 ³³¹³
1842 4349 1959 4420 ⁵⁰ff¹⁸8³l

257 4468 339 4541 bant
365 4469 411 4541 illi
439 4475 635 4544 sententiam
663 4495 756 4546 suam
784 4477 891 4570 primo
918 4473 1016 4563 loco,
1044 4476 1129 4546 sicut
1156 4471 1234 4545 olim
1256 4472 1387 4568 quando
1404 4472 1633 4548 Alexandriae
1645 4435 1755 4488 ‘m'

257 4583 447 4677 eligebatur
472 4587 684 4677 Patriarcba,
710 4588 795 4661 haec
822 4599 895 4660 erat
920 4588 1227 4661 Alexandrinorum
1253 4593 1501 4684 praerogativa.
1556 4590 1631 4676 Quo

257 4700 336 4773 loco
364 4699 611 4774 observandum
639 4713 690 4776 est
722 4725 767 4775 ex
800 4707 869 4776 vita
902 4705 1042 4776 Macarii
1074 4704 1195 4776 LXIX.
1254 4703 1397 4778 Cabirae
1430 4702 1564 4777 clerum
1600 4715 1635 4777 et

260 4818 376 4904 cives,
404 4817 536 4910 quando
564 4818 607 4889 ad
633 4841 695 4892 eos
722 4819 843 4892 electio
878 4818 1067 4914 spectabat,
1099 4841 1224 4892 novam
1256 4841 1389 4916 quoque
1423 4825 1633 4894 autoritatem

260 4929 449 5021 adrogasse
475 4932 557 5023 sibi,
583 4934 697 5008 literas
726 4933 917 5032 encyclicas
945 4934 987 5006 ad
1014 4956 1131 5008 omnes
1165 4933 1356 5031 Episcopos
1392 4937 1633 5010 convocandos

260 5067 323 5142 per
349 5056 453 5119 totam
479 5049 674 5146 Aegyptum
701 5049 875 5140 mittendo,
902 5050 992 5146 quod
1018 5059 1091 5123 erat
1118 5049 1282 5124 adversus
1304 5053 1388 5143 juris
1405 5053 1634 5128 Ecclesiastici
