4736 6064
408 1077 1562 1202 RITUSORDINATIONIS

810 1320 1159 1398 ALEXANDRINI

632 1532 963 1629 ιΙΛΟΟΒΙΤΑΒΠΜ
998 1531 1346 1627 PATRIARGHAE.

379 1825 557 1945 Elipetur
583 1874 607 1920 a
632 1849 770 1943 Synodo
796 1849 1044 1944 Episcopcrum
1070 1859 1104 1922 et
1131 1851 1175 1922 ab
1200 1854 1358 1923 umcerso
1375 1849 1514 1944 populo,
1540 1871 1668 1920 secuu-

308 1969 383 2038 dum
412 1967 617 2040 voluntatem
649 1965 799 2058 Spiritus
832 1970 963 2036 sancti:
1007 1971 1139 2061 eritque
1172 1966 1299 2062 absque
1333 1967 1483 2038 macula:
1519 1969 1668 2060 sapiens,

308 2091 439 2172 castus,
465 2085 571 2170 milis,
597 2081 780 2168 modestus,
807 2080 957 2170 burnilis,
984 2105 1053 2156 ηοω
1079 2085 1235 2178 copilons
1260 2105 1304 2154 ea
1330 2106 1418 2177 quae
1443 2088 1521 2154 sunt
1544 2082 1668 2178 modi,

306 2223 375 2272 ηοω
401 2221 518 2270 onsorss
541 2200 730 2292 pecuniam,
756 2197 956 2291 insculpatur,
984 2204 1019 2270 et
1044 2197 1172 2294 absque
1197 2197 1315 2272 licore.
1349 2199 1430 2269 Eril
1447 2200 1550 2269 etiom
1566 2221 1668 2268 oma-

309 2323 364 2388 tor
387 2337 590 2409 pauperum,
614 2315 811 2407 peritusque
837 2317 1094 2406 smiptmarum,
1121 2320 1156 2385 et
1180 2318 1414 2408 mysteriorum
1439 2313 1526 2385 Dei:
1551 2312 1669 2402 bonu,

307 2453 375 2503 ηοω
410 2434 596 2502 inuniscens
633 2451 671 2500 se
705 2432 859 2520 nepociis
895 2428 992 2521 bidus
1022 2432 1132 2501 citae:
1163 2430 1345 2502 solitariae
1378 2433 1472 2501 citae
1503 2421 1670 2520 addictus,

302 2552 537 2642 praeparatus
564 2544 714 2617 omnibus
741 2543 900 2637 operibus
925 2544 1034 2633 bonis,
1061 2552 1218 2640 tanquam
1239 2546 1434 2639 desipuolns
1448 2547 1495 2616 cd
1512 2546 1673 2618 Ordinem

308 2664 378 2735 Dei
404 2663 542 2736 eccelsi.
594 2662 675 2733 Erit
699 2664 802 2734 etiam
827 2665 953 2733 uelatis
977 2661 1119 2733 redico.
1172 2663 1291 2734 Clerus
1323 2669 1359 2734 et
1387 2661 1533 2757 populus
1567 2664 1670 2734 testi-

308 2782 452 2851 monium
478 2777 605 2850 mlum
631 2777 742 2848 bonae
768 2781 840 2868 ejus
866 2781 1150 2867 concremationis,
1182 2781 1430 2874 conficieulque,
1461 2784 1533 2871 dus
1565 2799 1673 2849 casua

160 2867 169 2888 ⁸
308 2895 513 2992 Psophisms,
539 2898 613 2966 sice
638 2897 888 2964 immerentem
912 2894 1092 2965 secuudum
1118 2893 1282 2967 Canones.
1335 2895 1416 2966 lbrit
1441 2895 1671 2968 Ecclesiasti-

309 3037 391 3100 cus,
417 3015 536 3104 cirpo,
564 3010 690 3105 absque
715 3009 998 3103 reprebensione,
1033 3017 1068 3082 et
1093 3009 1233 3082 babebit
1256 3018 1391 3105 partem
1415 3015 1451 3082 iu
1477 3013 1670 3104 sacrificiis.

308 3128 351 3200 Si
376 3149 443 3198 non
470 3133 521 3200 est
546 3127 724 3198 ordinatus
748 3125 946 3208 Sacerdoss
971 3125 1205 3198 ordinabitur:
1226 3133 1352 3219 posteo
1375 3133 1436 3222 fiet
1450 3128 1672 3220 Hepumenus,

311 3252 346 3316 et
372 3243 590 3316 benedicetur
621 3243 738 3315 eaden
769 3243 834 3313 die.
886 3241 1026 3314 Sinon
1053 3246 1162 3336 fecerit
1193 3243 1397 3332 Monocbus,
1428 3249 1504 3338 fiet:
1534 3247 1672 3314 recila-
1799 3275 1809 3282 -

311 3361 498 3455 buuturque
524 3381 626 3452 super
652 3381 726 3430 eum
751 3379 865 3429 onmes
891 3362 1065 3430 orationes
1090 3356 1301 3448 schematis,
1336 3383 1396 3431 scu
1426 3359 1562 3432 babitus
1587 3359 1671 3432 blo-

310 3480 445 3547 nostici.
498 3476 642 3547 induent
667 3497 740 3546 eum
770 3477 893 3546 certitu
926 3478 1016 3544 omni
1044 3475 1233 3566 Ampeliou:
1265 3474 1422 3565 lborcce,
1456 3475 1605 3564 mula,
1639 3483 1674 3546 el

311 3615 402 3665 nona
427 3591 607 3664 sclsemotis
628 3590 787 3685 pelliceo,
814 3613 916 3683 super
941 3612 1042 3661 rencs
1069 3595 1155 3682 cjssu
1183 3597 1218 3662 et
1240 3587 1365 3686 pallio:
1389 3599 1457 3663 tum
1483 3595 1534 3662 ita
1558 3593 1672 3664 relin-

312 3716 433 3803 quetur
458 3731 562 3804 suque
587 3708 634 3777 cd
659 3707 746 3778 diem
770 3706 992 3778 Dominicom.
1180 3703 1182 3712 '

413 3826 506 3896 Ante
532 3824 619 3894 baec
645 3827 758 3894 omnio
783 3821 993 3893 vocabuntur
1019 3822 1147 3896 Patres
1172 3825 1257 3912 duo,
1287 3845 1334 3895 ea
1358 3830 1472 3896 tractu
1498 3827 1672 3898 Maritima

312 3947 347 4012 et
371 3940 545 4029 Australi,
572 3961 689 4032 nempe
711 3941 839 4033 primus
866 3940 1113 4032 Episcoporum
1140 3946 1271 4012 tractus
1296 3941 1462 4012 Maritimi
1488 3949 1522 4013 et
1544 3945 1674 4036 primus

312 4079 428 4129 eorum
453 4059 511 4150 qui
536 4057 572 4126 in
598 4055 765 4144 Australi,
792 4077 900 4150 neque
926 4055 1012 4128 ullru
1034 4063 1178 4150 prodor
1198 4079 1257 4128 eos
1277 4080 1408 4128 omnum
1430 4061 1498 4151 ipsi
1516 4061 1672 4151 imponet.

311 4169 354 4243 Si
378 4196 463 4244 unus
488 4194 604 4243 eorum
629 4173 826 4264 lnprmerme
851 4173 1005 4244 detentus
1030 4174 1151 4245 adesse
1175 4195 1244 4244 non
1266 4176 1386 4267 possit,
1416 4178 1608 4246 comenlire
1634 4197 1673 4246 se

222 4317 228 4330 ·
314 4310 387 4358 cum
412 4287 551 4381 Spuodo
576 4309 694 4359 mansu
718 4312 802 4361 suae
826 4288 1074 4382 subscriptione
1100 4290 1300 4362 testabitur:
1332 4296 1367 4360 et
1396 4295 1453 4386 qui
1485 4313 1558 4362 eum
1580 4314 1672 4386 pro-

311 4408 403 4477 xime
427 4407 595 4498 sequitur,
621 4407 714 4476 vices
740 4411 812 4497 m'us
836 4405 1004 4499 mpplebit
1028 4409 1064 4476 in
1091 4406 1250 4477 ornnibus.

414 4519 580 4620 Similiter
606 4526 806 4594 corseenient
833 4544 945 4594 omnes
962 4523 1137 4616 Episcopi,
1164 4526 1282 4617 etqui
1307 4523 1427 4595 adesse
1451 4545 1521 4596 ηοω
1543 4531 1673 4618 potue-

312 4639 370 4724 rit,
396 4635 645 4730 subscriptione
671 4661 866 4710 consensom
889 4661 983 4708 suum
1009 4639 1197 4710 testabitur.
1235 4639 1415 4711 Ordinatio
1440 4645 1512 4732 q'us
1534 4643 1597 4734 fiel
1617 4640 1674 4711 dic

313 4751 504 4824 Dominico.

417 4868 498 4940 Cum
523 4875 676 4956 cocatm,
704 4869 954 4962 constrinpelur
978 4869 1131 4958 uinculis,
1158 4877 1193 4942 et
1218 4870 1403 4942 deducetur
1427 4895 1549 4944 suanno
1575 4894 1674 4943 mone

315 4983 361 5053 od
385 4984 577 5055 Ecclesium
602 4983 759 5079 Ampelii:
785 5003 873 5075 quoe
899 4992 951 5057 est
975 4985 1236 5058 Alexandriae:
1262 4985 1312 5057 ibi
1338 5011 1451 5061 omnes
1477 5011 1672 5085 conprepo-

315 5096 455 5190 burdur,
488 5100 663 5194 dicentque
696 5094 867 5168 Cononem
898 5101 1137 5193 Psalmodioe,
1168 5103 1417 5199 Ποηοίορὸωω,
1452 5104 1673 5202 Erunpelirsn
1799 5157 1804 5166 ι
