4778 6034
801 1368 1410 1490 PRAEFATIO.

547 1833 704 2043 QUAE
739 1963 816 2017 rem
848 1937 1064 2042 liturgicam
1095 1941 1292 2041 generatim
1326 1947 1506 2040 spectant,
1550 1947 1656 2040 atque
1701 1935 1793 2014 adeo
1825 1945 1917 2016 oreris
1934 1948 2074 2002 eonsilium

425 2093 498 2147 non
527 2068 694 2150 Orientali
723 2072 831 2152 modo
863 2056 1063 2175 Ecclesiae,
1095 2070 1160 2151 sed
1194 2070 1413 2150 Occidentali
1453 2073 1557 2149 etiam
1593 2073 1793 2149 communia

426 2214 519 2306 sunt,
552 2228 633 2282 cum
655 2210 722 2284 viri
755 2206 947 2286 doctissimi
976 2205 1056 2285 luse
1077 2208 1318 2309 exposuerint,
1348 2203 1478 2284 inboc
1504 2229 1616 2308 opere
1642 2215 1793 2282 tractare

425 2362 498 2416 non
530 2339 808 2444 aggrediemur,
852 2365 979 2418 verum
1019 2365 1061 2418 ea
1093 2339 1169 2419 sola
1201 2365 1293 2444 quae
1327 2338 1372 2418 ad
1408 2327 1605 2418 Orientales
1649 2342 1794 2441 proprie

425 2475 623 2574 pertinent3
666 2474 764 2579 quod
804 2500 846 2554 ea
886 2485 926 2552 ut
967 2474 1156 2577 plurimum
1194 2478 1319 2552 intacta
1364 2477 1454 2576 sint,
1498 2497 1637 2553 summe
1675 2483 1793 2552 tamen

425 2611 628 2688 necessaria
655 2608 700 2687 ad
729 2608 992 2714 intedigendam
1021 2611 1154 2687 veteris
1182 2607 1370 2689 Ecclesiae
1404 2633 1486 2685 cum
1528 2633 1646 2710 nova,
1679 2605 1792 2685 Occi-

426 2739 646 2847 dentalisque
676 2769 758 2822 cum
793 2743 981 2846 Orientali,
1013 2768 1086 2822 non
1118 2745 1346 2847 interruptam
1374 2742 1417 2820 ab
1448 2741 1668 2845 Apostolicis
1698 2753 1794 2820 tem-

424 2875 571 2979 poribus
594 2877 733 2981 iulide,
754 2877 1008 2982 disciplinaque
1025 2876 1271 2958 Eucharistiae
1292 2876 1528 2956 celebrandae
1555 2875 1793 2990 concordiam.

424 3009 548 3113 ltaque
577 3009 622 3087 ad
653 3036 695 3088 ea
732 3011 973 3116 intelligenda,
1007 3035 1099 3115 quae
1134 3010 1349 3090 Orientalem
1382 3011 1543 3091 sacrificii
1579 3008 1793 3113 Evangelioi

425 3143 574 3222 lormam
603 3139 830 3248 constituunt,
856 3149 955 3250 prius
991 3171 1033 3224 ea
1061 3144 1228 3226 didicisse
1261 3171 1413 3226 necesse
1448 3157 1523 3248 est,
1556 3169 1648 3249 quae
1683 3155 1792 3222 totam

424 3278 515 3357 illius
566 3283 812 3359 oeconomiam
862 3283 1061 3382 continent,
1119 3305 1212 3384 quae
1256 3293 1338 3360 sunt
1382 3292 1418 3359 et
1458 3279 1602 3358 luemnt
1651 3303 1795 3382 semper

281 3471 287 3490 .
426 3413 590 3493 omnibus
621 3410 796 3495 Ecclesiis
828 3418 1038 3494 communia.
1476 3399 1478 3404 ¹

544 3545 742 3653 Egregiam
781 3574 868 3629 sane
903 3553 938 3627 in
979 3574 1022 3627 ea
1063 3573 1186 3629 sacrae
1227 3548 1408 3629 doctrinae
1444 3561 1545 3652 parte
1586 3546 1792 3653 explicanda
1841 3574 1949 3636 curnam
1966 3593 2009 3630 m
2026 3576 2114 3630 ercur-

427 3681 571 3760 contulit
606 3707 752 3786 operam
790 3687 846 3762 vir
876 3707 951 3792 non
985 3693 1055 3761 tam
1084 3683 1266 3788 dignitate,
1292 3708 1398 3787 quam
1433 3682 1603 3784 doctrina,
1630 3665 1877 3762 momm-liffl
1895 3664 2095 3731 ⁰¹l¹¹⁰⁸l⁰¹'¹¹¹¹‘

426 3839 497 3919 que
541 3820 723 3894 sanctitate
743 3821 960 3920 conspicuus
986 3814 1180 3896 cardinalis
1206 3816 1364 3896 Joarmes
1385 3816 1498 3920 Bona,
1526 3815 1628 3895 editis
1652 3814 1793 3895 duobus

425 3947 560 4027 Rerum
584 3949 843 4054 Liturgicarum
868 3951 978 4053 libris,
1005 3948 1150 4029 eruditis
1181 3962 1218 4029 et
1239 3949 1438 4052 laboriosis,
1469 3954 1506 4029 in
1528 3948 1657 4055 quibus
1675 3953 1793 4029 omnia

425 4107 539 4187 prope
573 4108 664 4188 quae
697 4084 834 4164 hocin
865 4109 1004 4189 genere
1023 4086 1153 4188 optima
1184 4097 1278 4188 sunt,
1314 4097 1479 4164 accurate
1502 4084 1669 4188 cobegit,
1700 4082 1791 4163 adeo
1942 4164 1944 4168 Α

424 4228 464 4295 ut
493 4216 584 4296 illius
616 4216 831 4322 diligentiam
861 4222 923 4297 vix
957 4217 1149 4323 quidquam
1177 4217 1354 4324 effugerit.
1417 4219 1486 4313 Qui
1518 4231 1620 4298 antea
1654 4230 1694 4297 ut
1726 4217 1794 4296 Ja-

426 4350 540 4430 cobus
570 4349 761 4456 Pamelius,
789 4352 884 4431 idem
911 4367 1160 4458 argumentum
1185 4365 1443 4456 tractaverant,
1474 4357 1540 4433 etsi
1570 4354 1678 4432 multa
1711 4353 1794 4430 col-

425 4485 575 4588 legere,
620 4511 711 4591 quac
753 4491 939 4566 maximam
969 4488 1228 4593 antiquitatibus
1261 4487 1450 4592 liturgicis
1480 4487 1597 4566 lucem
1630 4486 1793 4590 allerunt,

425 4619 536 4722 longe
566 4632 683 4699 tanmn
725 4620 912 4700 abluerunt
945 4648 966 4700 a
1002 4635 1098 4702 certa
1137 4623 1194 4702 illa
1227 4626 1304 4701 veri
1340 4625 1562 4727 cognitione,
1603 4626 1681 4702 sine
1723 4646 1794 4724 qua

424 4753 553 4832 frustra
579 4757 614 4832 in
649 4755 716 4834 illis
754 4755 970 4859 explicandis
1001 4755 1197 4836 laboratur:
1225 4759 1377 4835 maxime
1401 4781 1490 4836 vero
1520 4761 1600 4862 quia
1631 4757 1793 4859 plerique

427 4885 584 4966 Graecae
615 4887 802 4969 Ecclesiae
828 4889 1045 4993 disciplinam
1074 4915 1141 4994 pro
1175 4895 1317 4995 cognita
1346 4890 1557 4994 babuemnt,
1590 4916 1671 4969 cum
1705 4893 1791 4992 ipsis

425 5025 604 5127 incognita
635 5023 738 5127 plane
769 5024 873 5126 foret,
912 5024 1098 5128 Syromm,
1121 5023 1395 5130 Aegyptiorum,
1415 5027 1634 5130 aliorumque
1658 5023 1792 5104 Orien-

425 5157 543 5236 talium
581 5158 690 5238 multo
735 5162 862 5240 minus.
937 5157 1115 5239 Pamelius
1164 5162 1257 5239 enim
1302 5157 1438 5240 Graece
1475 5185 1600 5264 pamm
1638 5157 1791 5240 sciebat:

1561 5315 1581 5363 a
