4670 6046
671 724 749 799 294
1000 811 1003 818 Δ
1140 822 1142 828 s
1279 728 1514 805 nonan

671 911 732 973 nio.
779 911 892 972 Tamen
915 930 955 973 ex
979 911 1115 974 oratione
1139 929 1217 991 quae
1241 913 1377 976 ominibus
1400 913 1459 975 illis
1481 913 1698 995 praemittitur,
1728 913 1800 996 qnid
1829 914 1860 977 in
1882 913 2054 996 participe-

670 1009 754 1072 tione
775 1009 984 1073 Eucharistiae
1007 1009 1106 1072 datum
1130 1007 1308 1075 Christianis
1330 1011 1431 1090 luerit,
1455 1012 1567 1076 docere
1584 1030 1641 1075 nos
1662 1012 1919 1087 vultSalmasius3
1941 1031 2054 1095 nempe

670 1123 730 1169 non
755 1109 886 1188 quaein
910 1109 976 1189 ipsa
999 1109 1139 1172 oratione
1162 1111 1388 1189 contineantur,
1421 1111 1477 1173 sed
1500 1129 1578 1192 quae
1600 1112 1631 1173 in
1654 1111 1870 1175 absurdissimo
1893 1131 2052 1176 commen-

670 1207 767 1269 tario:
791 1224 880 1287 quem
902 1207 968 1269 sola
991 1208 1146 1292 Liturgiae
1170 1207 1327 1290 dispositio
1350 1209 1470 1274 relellit,
1515 1209 1606 1288 Nam,
1639 1218 1672 1272 nt
1702 1211 1799 1272 omnia
1830 1211 1896 1292 ejus
1924 1218 2052 1292 peecata

670 1322 730 1367 uno
753 1305 863 1367 intuitu
886 1315 1067 1387 appareant,
1113 1306 1217 1370 Oratio
1250 1327 1337 1388 quam
1360 1310 1447 1384 citat,
1479 1325 1539 1370 non
1569 1307 1678 1370 dicitnr
1704 1311 2050 1389 postcommunionem,

669 1403 724 1465 sed
747 1403 840 1466 rnnlto
863 1407 958 1486 prius.
1004 1405 1154 1468 Sacerdos
1176 1424 1239 1469 non
1266 1407 1410 1487 populum
1441 1407 1618 1488 alloquitur,
1649 1406 1705 1470 sed
1732 1407 1848 1470 Deum:
1877 1407 1951 1470 nibil
1979 1407 2052 1470 dicit

670 1517 877 1584 eorumquae
902 1503 1064 1567 Salmasius
1095 1506 1259 1587 supponit:
1290 1506 1409 1568 tandem
1433 1508 1530 1569 omnio
1566 1505 1766 1570 Confessione
1794 1507 1981 1588 explicatur,
2012 1505 2050 1568 de

669 1619 727 1681 qua
749 1603 876 1666 verbum
899 1603 950 1666 ille
972 1621 1033 1666 non
1056 1602 1138 1681 lecit,
1161 1622 1218 1667 nec
1241 1604 1427 1684 Albertians,
1450 1623 1508 1668 nec
1530 1606 1590 1683 alii,
1617 1607 1753 1686 quamvis
1777 1593 1896 1668 extaret
1920 1606 1950 1666 in
1974 1623 2051 1666 ver-

669 1701 754 1762 sione
778 1699 882 1765 Latina
905 1703 1028 1784 saepius
1052 1703 1147 1781 edita,
1178 1704 1264 1766 utin
1295 1702 1418 1766 Canone
1447 1703 1587 1767 Generali
1617 1703 1810 1785 Aethiopum.
1862 1705 1921 1778 Qui
1951 1703 2076 1776 credit,

670 1797 822 1878 quasilla
846 1799 1046 1864 consessione
1070 1802 1276 1880 continentur,
1307 1820 1323 1864 a
1346 1802 1528 1866 Salmasiana
1552 1801 1720 1884 Theologia
1742 1803 1961 1869 remotissimus
1985 1812 2049 1866 est:

669 1908 700 1962 at
729 1902 771 1962 ita
802 1900 937 1982 Coptitas
965 1900 1093 1963 credere
1116 1902 1166 1982 qui
1196 1908 1298 1984 neget,
1329 1901 1402 1964 illud
1431 1901 1537 1965 saltem
1566 1920 1682 1985 negare
1711 1919 1772 1963 non
1800 1902 1913 1984 poterit
1944 1901 2049 1964 verbis

668 1999 971 2083 significantioribus,
1010 2001 1168 2081 minusque
1198 2001 1346 2084 ambiguis
1375 2001 1463 2064 tidem
1494 2001 1585 2064 realis
1614 2002 1870 2064 transmutationis
1899 2001 2049 2082 explicari

669 2117 729 2162 non
752 2116 861 2179 posse,
893 2099 969 2161 adeo
993 2105 1027 2161 nt
1048 2098 1186 2161 Ecclesia
1209 2099 1343 2162 Romana
1373 2101 1403 2161 in
1426 2098 1620 2162 Prolessione
1650 2098 1720 2161 lidei
1747 2107 1817 2181 post
1840 2099 2049 2162 Tridentinum

672 2197 839 2261 Concilium
868 2197 1037 2278 publicata,
1071 2215 1133 2260 non
1163 2199 1258 2279 magis
1286 2200 1448 2281 perspicue
1479 2198 1517 2261 de
1545 2198 1735 2260 Eucharistia
1763 2198 1922 2280 loquatur,
1958 2215 2049 2279 quam

668 2297 727 2359 ista
750 2304 820 2360 ante
843 2296 1087 2362 Communionem
1112 2296 1282 2362 Confessio.

1078 2611 1088 2616 -
1097 2610 1110 2615 ..
1122 2586 1631 2634 ,ψὴ-

838 3007 921 3126 ΙΝ
972 3005 1428 3124 LITURGlAll
1482 3004 1885 3122 conuictu

1155 3242 1327 3321 SANCTI
1370 3241 1552 3320 ClRlLLl

1271 3439 1444 3524 built.

1013 3847 1694 3941 LitorpiaOyrilli.

760 4060 855 4137 Hanc
877 4071 1014 4153 Litnrgia
1036 4087 1095 4132 una
1118 4077 1166 4131 est
1188 4067 1365 4147 extribus,
1397 4084 1472 4148 quas
1497 4066 1636 4148 Coptitae
1658 4064 1814 4128 Jacobitue
1844 4071 1991 4144 usurpant
2013 4065 2044 4126 in

669 4175 767 4240 saeris
791 4174 905 4255 olllciis,
930 4180 962 4236 ut
985 4193 1025 4236 ex
1041 4169 1223 4234 Christoduli
1244 4171 1436 4235 Patriarcbae
1460 4169 1742 4248 constitutionibus,
1766 4167 1954 4246 Abulbircat,
1975 4167 2044 4230 Au-

669 4281 738 4337 tore
762 4273 914 4337 scientiae
935 4271 1169 4334 Ecclesiasticae
1193 4277 1224 4332 et
1246 4270 1311 4333 aliis
1335 4269 1487 4335 discimus.
1522 4269 1594 4332 Eam
1619 4267 1727 4332 Codex
1753 4265 2042 4331 Graeco-Arabicus

668 4391 730 4436 non
753 4380 976 4454 repraesentat,
999 4388 1058 4433 non
1082 4369 1164 4450 quod
1188 4369 1316 4448 Graece,
1339 4377 1372 4432 ut
1395 4369 1472 4432 duae
1494 4368 1582 4446 aliae,
1605 4385 1667 4430 non
1682 4367 1826 4444 extiterit,
1849 4365 1916 4441 sed,
1937 4373 1971 4428 ut
1985 4385 2043 4430 vc-

668 4470 793 4534 risimile
817 4480 875 4551 est,
899 4470 1081 4551 exemplaris
1112 4467 1242 4532 delectu.
1289 4469 1379 4548 Nam,
1407 4477 1440 4531 ut
1463 4485 1529 4530 eam
1559 4466 1801 4547 comparantibus
1825 4482 1891 4527 oum
1915 4463 2042 4541 Graeca,

668 4570 764 4633 Marci
786 4573 906 4633 nomine
929 4569 1010 4632 edita
1031 4568 1219 4631 manifestum
1242 4573 1300 4643 ast,
1323 4567 1456 4630 secunda
1480 4567 1545 4648 ejus
1568 4583 1656 4647 pars,
1685 4567 1751 4628 sive
1773 4563 1938 4645 anaphora
1965 4580 2043 4644 pro·

668 4670 736 4749 pria
759 4669 849 4746 dicta,
872 4669 958 4732 alteri
982 4676 1029 4730 est
1051 4669 1091 4730 ita
1113 4667 1228 4745 similis,
1251 4668 1278 4730 si
1300 4683 1395 4747 pauca
1420 4666 1598 4746 excipimus,
1629 4671 1663 4726 ut
1684 4684 1725 4726 ex
1747 4663 1856 4726 eodem
1877 4660 1961 4724 sonte
1983 4661 2042 4722 llu-

669 4769 754 4830 xisse
785 4777 942 4849 utramque
969 4774 1123 4849 appareat.
1169 4768 1247 4831 Sane
1279 4764 1457 4828 Abulbircat
1485 4783 1552 4826 cum
1585 4763 1663 4826 bane
1695 4763 1861 4846 Litnrgiam
1890 4767 2040 4838 recenset,

670 4886 737 4929 earn
761 4883 778 4928 a
801 4866 952 4930 nonnullis
975 4866 1070 4928 Marci
1092 4867 1213 4928 nomine
1236 4863 1425 4945 appellatam,
1448 4869 1558 4925 monet.

758 4964 811 5027 llla
841 4983 916 5027 vero
948 4983 1025 5045 quae
1057 4965 1114 5026 hoc
1143 4963 1228 5026 titulo
1257 4962 1336 5026 edita
1364 4959 1641 5026 luitann01583.
1685 4960 1840 5038 Lutetiae,
1870 4957 1988 5020 Graece
2010 4963 2040 5018 et
2110 4995 2113 5002 ·

670 5063 777 5125 Latine
805 5081 822 5124 a
850 5063 968 5126 loanne
996 5081 1013 5124 a
1043 5062 1073 5126 S.
1105 5061 1228 5124 Andrea
1256 5063 1383 5145 insignis
1411 5061 1570 5124 Ecclesiae
1599 5060 1777 5122 Parisiensis
1810 5058 1980 5132 Canonico,
2002 5073 2041 5117 ex

672 5160 786 5225 Codice
811 5160 1130 5243 Crypta-Ferratensi,
1153 5159 1184 5222 id
1206 5159 1296 5223 habet
1319 5161 1484 5245 singulare,
1507 5157 1600 5240 quod,
1623 5167 1766 5240 qnantum
1788 5159 1941 5239 conjicere
1965 5171 2040 5235 pos-
