4680 6044
616 623 668 698 Ab
692 619 899 698 uibranti
919 617 1111 697 corttottt
1132 620 1163 698 S.
1182 619 1326 697 Btsttn
1582 617 1655 692 167

287 807 367 873 loco.
417 809 501 871 Deris
527 809 648 888 aradae
677 808 819 886 largitor,
855 813 911 868 etc.
946 823 1045 887 neque
1085 807 1163 868 enim
1193 803 1250 866 alia
1283 807 1380 866 oratio
1415 804 1656 886 praeparationis

289 909 423 971 occurrit
452 908 483 969 in
506 905 618 970 Codice
642 905 851 988 Scaligerano,
890 924 978 986 quem
1005 905 1152 969 blaronita
1176 911 1298 966 secutus
1321 910 1385 983 est,
1409 920 1466 966 noo
1487 904 1518 964 in
1539 910 1657 982 nostro,

291 1024 349 1069 nec
371 1005 402 1069 in
423 1005 527 1089 Regiis
550 1013 610 1068 tuni
634 1005 762 1086 antiquis
790 1013 851 1066 tum
873 1005 1104 1067 recentioribus.
1150 1003 1314 1066 Observari
1342 1019 1463 1084 quoque
1485 1009 1605 1082 oportet
1627 1010 1657 1064 ct

291 1106 323 1168 in
346 1105 414 1184 ista,
438 1107 521 1168 etin
543 1105 609 1167 aliis
633 1105 818 1167 orationibus
841 1104 1013 1183 vertendis,
1042 1121 1103 1166 non
1126 1111 1241 1166 temere
1263 1119 1319 1164 nos
1342 1101 1379 1164 ab
1402 1101 1569 1181 interprete
1589 1100 1659 1164 Ma-

285 1206 385 1268 ronita
408 1205 591 1286 recessisse,
621 1205 672 1286 qui
701 1203 783 1284 quod
812 1201 943 1266 Arabim
974 1202 1040 1266 sola
1069 1202 1195 1264 baberet
1217 1219 1290 1283 prae
1313 1200 1423 1280 oculis,
1446 1218 1541 1284 saepe
1564 1218 1658 1263 voces

283 1307 382 1367 miuus
412 1305 554 1385 proprias
585 1303 733 1366 adhibuit:
763 1309 796 1365 ut
825 1319 892 1364 cum
919 1301 1011 1364 vertit
1034 1320 1218 1382 exequamur
1238 1301 1296 1364 bac
1318 1319 1438 1376 manas,
1467 1318 1534 1363 oum
1565 1301 1603 1362 sit
1626 1301 1656 1362 in

282 1402 425 1488 originali
447 1397 610 1466 Διακονία
632 1420 709 1484 quae
732 1403 857 1484 proprie
871 1402 1082 1464 'ministerium
1110 1400 1297 1483 Liturgicum
1318 1397 1476 1482 sig'uilicat.
1523 1397 1658 1462 Hostiam

283 1500 504 1564 benedictionis
524 1497 586 1564 coi
607 1499 816 1580 θυσιασμοῦ.
833 1501 1089 1580 Sacrificiumet
1103 1501 1143 1563 ita
1165 1517 1300 1580 semper:
1324 1516 1392 1561 nam
1414 1498 1512 1563 hostia
1525 1516 1587 1561 uon
1610 1506 1658 1562 est

283 1600 475 1664 sacrificium.
520 1599 600 1663 Male
623 1602 712 1664 ctiam
736 1617 862 1681 prorsus
884 1606 914 1662 in
936 1600 996 1662 line
1018 1599 1200 1681 doxologiae
1221 1599 1328 1677 vertit,
1359 1606 1389 1661 et
1408 1598 1524 1680 Spiritu
1551 1606 1658 1661 sancto

282 1701 474 1780 vivificante,
496 1702 549 1781 qai
569 1701 706 1780 aequalis
727 1700 864 1762 esttibi:
892 1687 959 1762 n'am
981 1699 1031 1762 bic
1059 1708 1090 1762 et
1120 1698 1189 1761 alibi
1213 1698 1350 1778 Coptitae
1372 1692 1494 1779 semper
1515 1696 1658 1760 adhibent

278 1785 319 1861 τό
337 1785 511 1877 c‘poodaiov
533 1785 723 1886 concodacpg
743 1817 879 1877 vappae,
899 1798 1149 1862 consubstantiali
1170 1800 1275 1878 tecnln,
1298 1816 1365 1860 oum
1380 1815 1499 1876 sensus,
1522 1795 1659 1878 aequalis

281 1905 314 1958 et
335 1897 602 1958 consubstantialis
615 1898 675 1960 sint
697 1896 1015 1979 magnoperediversi.
1049 1896 1125 1959 lllud
1140 1912 1215 1960 vcro
1239 1915 1256 1960 a
1278 1896 1376 1960 multis
1399 1896 1465 1960 aliis
1481 1895 1658 1976 interpreti-

280 1995 340 2058 bus
363 2002 523 2077 peocatum
545 1993 707 2058 admissum
735 2006 799 2076 est,
830 1996 899 2059 dum
930 1998 1092 2061 verborum
1116 1996 1262 2078 Syrorum
1286 2003 1317 2058 et
1338 1995 1538 2060 Arabicarum
1559 1994 1658 2078 origi-

280 2113 353 2158 nem
381 2095 476 2177 magis
500 2113 588 2176 quam
609 2096 789 2159 sententiam
811 2096 1012 2192 attenderunt.

696 2357 817 2429 Oratio
847 2359 1045 2429 Gratiarum
1070 2357 1239 2430 Actionis.
1706 2383 1736 2438 Ρ.
1748 2388 1774 2438 2.
1784 2385 1800 2438 t.
1809 2385 1836 2438 a.

389 2561 454 2641 Jnu
477 2578 622 2659 incipiunt
644 2579 809 2659 orationes,
832 2597 957 2660 quarum
978 2579 1091 2661 prima,
1123 2577 1288 2642 secundum
1317 2575 1472 2641 Canonem
1501 2597 1542 2641 ex
1562 2576 1658 2642 Dida·
1726 2571 1814 2628 0¹⁸²i0
1841 2572 1981 2627 amomum

288 2678 384 2744 scalia
407 2696 464 2740 seu
479 2669 748 2741 constitutionibus
770 2678 955 2760 Apostolicis
974 2677 1142 2742 Ebnassalo
1164 2679 1301 2758 relatum,
1324 2678 1401 2740 liaeo
1423 2686 1479 2740 est.
1523 2677 1658 2758 incipiet,
1672 2661 1787 2714 ⁸⁰⁶⁰¹¹¹b

286 2780 395 2861 inquit,
418 2777 574 2840 Sacerdos
595 2777 751 2839 celebrans
776 2778 816 2840 ab
839 2780 977 2840 oratione
999 2779 1176 2842 Gratiam
1198 2779 1338 2855 actionis,
1363 2797 1453 2859 qaam
1471 2778 1661 2858 postmodam

288 2886 431 2959 seqnctar
458 2895 570 2939 sacrae
590 2875 769 2957 Scriptnrae
790 2879 1006 2957 interpretatio.
1053 2878 1097 2941 lta
1119 2885 1247 2956 vocatur
1267 2869 1344 2940 liaeo
1367 2878 1481 2956 oratio,
1505 2877 1543 2940 ob
1565 2877 1660 2958 prima
1689 2873 1694 2890 “

286 2978 385 3060 ipsius
407 2976 512 3040 verba.
557 2973 740 3039 Gravissima
764 2983 862 3038 autem
886 2977 998 3040 erravit
1019 2977 1183 3056 Maronita,
1212 2976 1281 3039 dum
1308 2977 1399 3041 vertit
1422 2975 1598 3039 Orationem
1618 2977 1661 3037 ad

290 3076 442 3157 οιιιφιιιιιιι
463 3075 546 3138 nullo
569 3091 677 3138 sensu:
705 3093 774 3137 nam
802 3075 927 3157 Coptica
957 3083 988 3139 et
1009 3076 1140 3139 Arabica
1168 3094 1231 3139 vox
1256 3075 1330 3138 nibil
1352 3076 1449 3139 miuus
1471 3075 1659 3159 significant:

289 3185 321 3239 et
345 3179 378 3238 ul
400 3195 441 3238 ex
462 3181 551 3238 antea
574 3173 744 3238 observatis
767 3174 954 3243 manifestum
977 3185 1040 3256 est,
1071 3175 1222 3240 Sacerdos
1249 3177 1428 3239 vestimenta
1445 3176 1507 3257 jam
1530 3176 1658 3257 accepit,

287 3284 383 3356 atque
406 3274 483 3337 adeo
506 3273 669 3358 cingulum,
692 3275 812 3355 quando
835 3275 911 3338 banc
933 3277 1100 3338 orationem
1130 3275 1319 3358 pronunciat.
1363 3274 1508 3356 Adjunxit
1531 3292 1569 3337 eo
1592 3274 1660 3337 loco

289 3383 321 3438 et
344 3373 410 3436 aliis
425 3373 461 3436 ad
477 3375 643 3456 marginem
656 3373 774 3437 Graeca
798 3374 943 3456 quaedam
962 3384 994 3438 ut
1017 3363 1036 3438 ὁ
1054 3364 1185 3462 Ἱερεύς,
1203 3365 1222 3438 ιι
1235 3359 1342 3452 Λαός,
1353 3381 1413 3440 eto.
1430 3359 1661 3458 προςεύξασθε

290 3491 369 3556 quae
379 3471 525 3536 formulae
539 3474 597 3536 nisi
610 3473 816 3554 explicentur,
832 3493 892 3556 quo
908 3475 1079 3556 pertineant
1102 3475 1132 3536 in
1154 3473 1284 3536 obscuro
1308 3479 1365 3537 est.
1411 3474 1526 3536 Primae
1542 3472 1662 3553 quidem

289 3572 364 3635 nibil
378 3572 457 3635 aliud
473 3580 543 3636 sunt
556 3590 645 3653 quam
658 3592 698 3635 ex
716 3574 837 3656 antiqua
853 3572 955 3656 lingua
969 3593 1047 3657 quae
1056 3573 1172 3637 Graeca
1185 3573 1249 3652 luit,
1262 3571 1403 3635 indicatio
1417 3591 1520 3635 earum
1533 3573 1662 3654 partium

291 3691 372 3756 quae
395 3691 413 3736 a
436 3671 621 3751 Sacerdote,
643 3672 792 3752 Diacono,
820 3673 932 3754 popolo
961 3672 1107 3736 dicendae
1131 3680 1226 3735 erant.
1273 3670 1480 3735 Secundarum
1501 3671 1560 3733 alia
1581 3673 1660 3733 ratio

231 3767 239 3793 ⁸
290 3781 354 3837 est:
377 3789 446 3834 nam
468 3771 655 3835 hortationes
677 3780 747 3836 sunt
770 3781 800 3836 et
822 3773 1069 3836 commonitiones
1084 3772 1210 3836 Diaconi
1232 3771 1270 3834 ad
1283 3771 1426 3852 populum
1448 3778 1481 3832 ut
1503 3776 1580 3848 oret,
1603 3771 1661 3833 de-

292 3874 411 3956 signata
435 3870 522 3935 simul
545 3889 646 3948 causa
691 3871 765 3934 Cum
786 3888 862 3936 vcro
886 3891 926 3934 ex
949 3874 1097 3935 communi
1125 3871 1205 3934 illius
1228 3871 1350 3954 linguae
1373 3869 1452 3951 apud
1474 3868 1662 3932 Alexandri-

290 3989 349 4036 nos
379 3989 437 4034 usu
464 3971 541 4034 baec
571 3989 668 4052 pauca
697 3973 790 4034 verba
819 3991 896 4052 quae
931 3971 1064 4052 quotidie
1093 3973 1123 4034 in
1149 3970 1298 4034 Ecclesiis
1329 3969 1528 4032 audiebantur
1557 3988 1661 4033 omnes

290 4071 515 4155 intelligerent,
547 4080 727 4136 conservata
749 4071 871 4136 luerunt
893 4074 983 4136 ctiam
1005 4073 1036 4134 in
1060 4072 1185 4153 Coptica
1207 4071 1357 4152 Litargia:
1388 4071 1552 4151 praecipue
1575 4069 1662 4132 oele-
1764 4100 1766 4115 ι

291 4169 444 4235 berrimac
466 4171 536 4235 illae
559 4170 597 4235 de
620 4171 727 4254 quibus
751 4172 827 4235 inira
850 4169 975 4236 dicetur.
1019 4173 1121 4253 Atque
1150 4171 1200 4235 vcl
1228 4190 1268 4235 ex
1289 4169 1348 4234 boo
1370 4170 1459 4232 unico
1483 4177 1660 4252 argumento

294 4269 516 4334 demonstratur
538 4271 625 4355 origo
648 4269 763 4334 Graeca
793 4270 987 4354 Copticorum
1009 4273 1132 4347 rituum,
1162 4273 1251 4333 etiam
1281 4271 1307 4334 si
1335 4269 1445 4332 multae
1477 4268 1554 4330 aliae
1581 4267 1660 4329 illius

293 4369 419 4451 originis
441 4370 636 4451 probationes
659 4388 719 4432 non
741 4379 949 4454 suppeterent.
994 4373 1099 4438 Statim
1120 4372 1213 4454 igitur
1233 4377 1303 4452 post
1325 4370 1450 4451 primam
1472 4368 1557 4430 istius
1580 4366 1661 4429 Ora-

292 4469 383 4531 tionis
394 4469 562 4549 periodum,
585 4468 736 4532 Diaconos
755 4470 826 4533 dicit
837 4457 1075 4556 Προςεῦξασθε
1090 4471 1194 4548 Orate,
1217 4479 1248 4534 et
1262 4477 1294 4534 ut
1308 4470 1339 4531 in
1355 4467 1422 4532 aliis
1435 4465 1588 4540 codicibus
1604 4457 1662 4540 Εἷς

293 4553 460 4641 demotis
484 4563 639 4649 βιὲπετεε
667 4571 709 4633 ad
738 4569 889 4634 Orientem
915 4573 1071 4652 adspicite.
1116 4569 1145 4634 ls
1172 4573 1250 4634 enim
1273 4568 1494 4650 antiquissimus
1514 4565 1662 4629 Christia-

294 4683 403 4728 norum
425 4685 490 4730 mos
513 4677 571 4748 cst,
595 4669 694 4732 multis
709 4669 862 4754 Liturgiac
879 4669 961 4732 locis
980 4671 1183 4750 confirmatus,
1206 4678 1237 4733 et
1260 4668 1298 4732 dc
1316 4687 1386 4750 quo,
1409 4673 1533 4750 praeter
1546 4664 1660 4727 infinita

294 4765 482 4848 antiquorum
506 4769 673 4832 testimonia
697 4770 881 4832 Graecorum
904 4778 935 4833 et
956 4769 1145 4849 Latinorum,
1173 4776 1278 4832 extant
1299 4767 1390 4831 multa
1413 4765 1492 4848 apud
1515 4764 1660 4829 Severum

294 4865 449 4946 Opusculo
473 4865 511 4930 de
533 4867 696 4932 Exercitiis
721 4869 972 4946 Christianorum,
1000 4868 1198 4931 Ebnassalum
1222 4868 1260 4932 de
1283 4868 1444 4944 Oratione,
1465 4861 1659 4938 Abulbircat3

293 4964 441 5028 Autorem
471 4967 615 5030 scientiae
637 4967 887 5033 Ecclesiasticae:
919 4985 1083 5049 anonymos
1112 4969 1215 5032 varios
1243 4977 1275 5032 et
1304 4967 1514 5031 Nestorianum
1536 4964 1660 5027 Antrum

292 5063 423 5126 blatbaei
444 5064 545 5130 lilium.

326 5227 440 5270 rammi.
1158 5265 1160 5274 .
1405 5205 1454 5280 37
