4670 6046
728 515 804 588 aso
1021 468 1031 490 ⁸
1203 505 1622 604 accucurrimus

728 702 835 764 Amen.
879 698 1004 778 Reliqua
1026 698 1055 760 in
1070 693 1208 756 Rubricis
1232 693 1305 755 satis
1328 691 1477 776 explicata
1499 699 1578 756 suut.
1622 693 1799 783 Nequetam
1818 693 1909 756 cenis
1927 693 2045 777 legibus
2063 705 2100 760 et

730 797 997 864 consuetudinibus
1021 795 1163 857 adstricta
1179 791 1335 872 disciplina
1348 789 1550 853 Ecclesiarum
1572 790 1688 854 illarum
1711 801 1769 868 est,
1791 801 1899 855 utnon
1915 793 2096 858 observetur

728 901 848 962 innoxia
861 900 891 960 iu
907 895 1081 977 quibusdam
1098 892 1244 974 capitibus
1259 890 1428 954 diversitas.
1458 891 1517 954 Sed
1538 893 1567 952 in
1584 893 1755 975 praecipuis
1769 910 1873 956 omnes
1894 896 2087 971 consentiunt,

648 1023 661 1048 ο
728 997 844 1060 scilicet
856 1005 888 1059 ut
910 1013 977 1058 cum
992 1010 1105 1056 summa
1122 990 1294 1057 reverentia
1314 989 1492 1053 exhibeatur
1510 991 1754 1055 aSacerdotibus
1773 1000 1803 1054 et
1818 991 1959 1057 Diaconis
1973 993 2089 1055 Eucha-

727 1097 823 1172 ristia,
838 1103 870 1158 ul
887 1093 1057 1178 significent
1071 1091 1150 1152 illam
1168 1108 1242 1152 vere
1260 1107 1330 1151 esse
1353 1106 1464 1169 corpus
1481 1096 1511 1150 et
1529 1092 1707 1172 sanguinem
1721 1090 1848 1154 Christi:
1871 1099 1904 1154 ut
1925 1095 2087 1155 communi-

728 1203 832 1258 cantes
855 1194 1055 1257 confiteantur
1069 1190 1158 1266 idem,
1182 1188 1229 1252 vel
1243 1189 1378 1270 pluribus
1389 1189 1503 1264 verbis,
1526 1197 1559 1251 ut
1572 1190 1602 1252 iu
1615 1189 1800 1271 Coptitarum
1812 1189 2023 1270 confessione,
2044 1192 2086 1255 vel

727 1293 931 1374 paucioribus,
951 1301 983 1355 ut
1003 1294 1032 1354 in
1047 1290 1180 1372 Syriacis
1193 1287 1356 1366 EcclesiiS,
1374 1296 1424 1349 aut
1441 1288 1560 1350 tandem
1573 1289 1638 1352 sola
1652 1290 1876 1371 responsione,
1891 1290 1997 1370 Amen,
2017 1310 2087 1374 quae

728 1393 825 1456 omnia
845 1391 1064 1472 complectitur,
1094 1389 1271 1470 praesertin
1301 1405 1367 1448 eum
1389 1386 1460 1448 nibil
1484 1388 1609 1470 amplius
1632 1389 1690 1452 dici
1713 1389 1811 1452 soleat
1827 1409 1843 1450 a
1860 1389 2003 1472 singulis,
2025 1392 2087 1452 dun

729 1499 946 1554 sacramentum
970 1490 1145 1570 suscipiunt.
1190 1488 1297 1568 Neque
1320 1487 1397 1548 enim
1420 1504 1524 1550 omnes
1548 1486 1718 1574 singulatim
1746 1506 1783 1550 eo
1806 1496 1955 1551 momento
1983 1489 2086 1568 dicunt,

728 1601 894 1674 praeeunte
912 1589 1077 1653 Sacerdote
1093 1587 1323 1651 Confessionem
1334 1587 1500 1668 integram:
1525 1586 1655 1668 alioquin
1667 1586 1800 1670 Liturgia
1813 1595 1877 1650 toto
1889 1589 1938 1650 die
1953 1589 2005 1650 vix
2018 1608 2088 1670 per-

728 1692 885 1754 ficeretur:
909 1688 963 1752 sed
975 1687 1220 1769 quemadmodum
1242 1687 1425 1767 praecipitur
1440 1686 1469 1746 iu
1485 1683 1544 1748 illis
1558 1684 1841 1762 constitutionibus,
1863 1706 1941 1768 quae
1954 1690 2087 1768 superius

727 1792 842 1853 relatae
864 1797 951 1866 sunt,
975 1787 1083 1850 dicitur
1105 1787 1183 1850 elata
1205 1805 1282 1849 rece
1305 1785 1483 1862 Confessio,
1507 1805 1573 1847 cuin
1595 1786 1815 1850 Ecclesiasticis
1839 1789 2006 1850 communio
2028 1787 2088 1850 dis-

729 1889 885 1965 tribuitur,
915 1896 945 1951 et
976 1906 1080 1950 omnes
1103 1906 1163 1949 uno
1186 1904 1240 1949 ore
1263 1887 1463 1968 respondent,
1494 1904 1530 1947 ea
1560 1885 1654 1948 verba
1684 1886 1893 1962 inclamantes,
1927 1887 2088 1962 Credimus,

729 1996 759 2051 et
780 1990 952 2070 confitemur
974 2007 1066 2067 usque
1093 1988 1136 2049 ad
1163 1987 1295 2048 ultimum
1327 1988 1409 2048 citae
1439 1986 1594 2065 spiritum:
1623 1984 1672 2048 vel
1701 1986 1815 2048 Ameu:
1844 1986 1895 2049 vel
1923 1988 2089 2069 simpliciter

731 2086 889 2150 Credimus
895 2109 909 2162 ;
931 2089 971 2149 ita
994 2104 1113 2168 quoque
1137 2087 1166 2147 in
1189 2085 1348 2147 Laicerum
1370 2092 1400 2146 et
1422 2083 1577 2147 mulierum
1600 2087 1816 2150 communione.
1852 2084 1927 2149 Cum
1946 2087 2090 2169 processit

731 2187 881 2252 Sacerdos
905 2195 994 2248 extra
1017 2185 1168 2248 cancellos
1192 2185 1310 2263 altariS,
1333 2202 1387 2246 seu
1411 2185 1448 2246 ad
1470 2192 1588 2266 portam
1611 2186 1787 2264 sanctuarii,
1818 2186 1869 2249 ubi
1896 2187 1980 2250 Laici
2010 2205 2090 2250 com-

730 2289 896 2364 municant,
920 2288 1027 2349 iterum
1050 2284 1208 2348 Confessio
1239 2283 1277 2346 ad
1305 2303 1359 2346 eus
1389 2287 1621 2366 pronunciatur,
1653 2303 1779 2367 cumque
1809 2284 1920 2368 singuli
1949 2289 2091 2354 reomau

729 2395 761 2450 et
784 2386 975 2449 Sacramenta
1006 2385 1187 2466 suscipiunt,
1217 2384 1364 2447 Sacerdos
1394 2385 1477 2461 dicit,
1507 2393 1540 2446 ut
1569 2401 1661 2465 supra
1684 2404 1725 2447 ex
1746 2384 1947 2449 Ecbmimensi
1970 2387 2094 2450 relatum

730 2493 791 2549 est:
822 2493 852 2548 et
881 2506 921 2547 ex
951 2484 1104 2559 Gabriele,
1134 2485 1160 2546 si
1188 2482 1372 2546 Eucharistia
1402 2486 1526 2547 intincta
1555 2485 1657 2559 datur,
1686 2482 1804 2564 Corpus
1838 2493 1869 2546 et
1895 2490 2042 2566 smmis,
2071 2491 2097 2548 et
2210 2535 2215 2548 .

730 2585 826 2664 aliter,
850 2587 876 2648 si
898 2586 984 2666 panis
1007 2593 1038 2647 et
1061 2584 1139 2646 calix
1162 2591 1212 2645 aut
1234 2583 1375 2646 cochlear
1397 2585 1523 2648 seorsim
1546 2582 1758 2666 praebeantur.
1804 2583 1878 2647 Cum
1909 2604 1984 2648 vero
2015 2587 2100 2651 Cou-

679 2765 683 2776 ,
729 2685 824 2747 fessio
849 2684 926 2746 facta
954 2691 1115 2746 censeatur
1137 2683 1266 2746 omnium
1290 2684 1408 2746 nomine
1431 2685 1683 2747 communicantes
1706 2685 1806 2746 dicunt
1834 2693 1961 2764 tantum,
1992 2687 2102 2762 Amen,

730 2791 781 2845 aut
805 2783 917 2862 Crede,
941 2784 991 2846 vel
1014 2783 1128 2864 aliquas
1153 2783 1226 2845 alias
1249 2783 1408 2846 orationes.

442 2895 582 2963 Dispositio
601 2901 626 2951 io
645 2914 717 2951 com·
817 2884 957 2966 Sequitur
979 2892 1011 2946 ut
1034 2884 1071 2945 de
1094 2882 1292 2964 dispositione
1315 2901 1418 2945 eorum
1440 2885 1492 2964 qui
1521 2881 1559 2946 ad
1586 2883 1826 2947 communionem
1853 2883 2022 2962 accedunt,
2058 2885 2108 2948 di-

407 2982 592 3036 manicantibus
627 2985 718 3054 roqui-
731 2989 834 3058 catur,
863 2967 924 3046 nori
954 2982 1073 3064 quidem
1103 2982 1141 3044 de
1170 2981 1321 3060 interiori,
1356 2981 1394 3044 de
1423 3002 1481 3064 qua
1517 2969 1602 3046 tibri‘
1618 2991 1723 3046 extant
1752 2981 1942 3064 complures,
1971 2999 2110 3064 quorum

408 3071 494 3122 ’Μ
507 3071 590 3137 prino
603 3073 717 3123 interior.
731 3083 858 3146 omnium
881 3100 939 3144 uua
962 3083 1109 3145 sententia
1132 3089 1178 3143 est
1190 3101 1200 3156 ;
1223 3082 1371 3144 neminem
1393 3083 1444 3163 qui
1466 3081 1592 3164 alicujus
1614 3085 1733 3163 peccati
1755 3083 1874 3145 lethalis
1893 3086 2042 3148 conscius
2069 3084 2110 3148 sit
2225 3135 2228 3142 ,

731 3183 797 3263 ipse
820 3181 889 3257 sibi,
911 3199 1004 3263 posse
1028 3179 1065 3242 ad
1089 3198 1201 3261 corpus
1224 3189 1253 3242 et
1276 3182 1452 3264 sanguinem
1473 3180 1584 3244 Christi
1608 3181 1766 3260 accedere,
1791 3190 1948 3263 antequam
1970 3193 2111 3263 peccata

731 3281 810 3363 apud
839 3281 1032 3344 Sacerdotem
1063 3279 1220 3344 confessus
1250 3279 1357 3357 fuerit,
1385 3273 1563 3359 ἐπιτίμιον,
1593 3299 1649 3344 seu
1680 3279 1833 3344 Cononem
1854 3281 2103 3362 poenitentialem

732 3382 901 3464 susceperit
924 3389 955 3444 et
977 3380 1149 3461 perfecerit,
1174 3380 1455 3460 absolutionemque
1478 3379 1649 3444 obtinuerit.
1692 3380 1736 3443 lta
1758 3381 1858 3444 multis
1880 3381 2009 3444 blicbael
2040 3384 2093 3445 Pa-

732 3481 864 3543 triarcba
886 3480 1092 3544 Aiitiocbenus
1114 3479 1335 3557 Jacobitarum,
1363 3485 1433 3541 ante
1456 3496 1550 3542 annes
1577 3480 1699 3542 circiter
1728 3488 1893 3544 sexcentos
1915 3478 2090 3544 docebatin

724 3598 829 3670 ¹opere
851 3583 970 3644 eximie.
1013 3580 1060 3641 De
1079 3581 1317 3660 praeparatiorae
1338 3580 1381 3640 cd
1401 3579 1623 3658 accipiendam
1644 3579 1880 3654 Eccbcrisdom,
1903 3578 2090 3656 Ebuassalus,

736 3681 869 3744 Severus
897 3680 1065 3762 Episcopus
1097 3678 1282 3742 Ascbmonin
1312 3679 1343 3740 in
1366 3677 1508 3740 Tractatu
1530 3677 1567 3740 de
1590 3676 1681 3760 Aguo
1710 3679 1864 3754 Paschali,
1892 3687 1923 3742 et
1949 3679 2029 3759 alic,
2059 3680 2089 3744 de

621 3793 625 3800 ·
734 3779 894 3842 Exercitiis
911 3779 1159 3842 Christianorum:
1181 3778 1328 3841 Humiliae
1350 3776 1388 3840 de
1402 3776 1516 3840 circulo
1539 3777 1607 3839 anni
1629 3777 1667 3839 ad
1688 3796 1774 3842 usum
1793 3778 1949 3866 Ecclesiae
1959 3779 2091 3843 Alexan·

735 3878 852 3954 drinae,
875 3887 906 3942 et
929 3880 1087 3941 Tractatus
1111 3877 1250 3959 anonymi
1272 3877 1453 3958 complures.

443 3981 562 4035 liberior
588 3982 720 4051 depositio
820 3978 908 4051 Quod
931 3981 1113 4041 exteriorem
1136 3977 1363 4058 dispositionem
1385 3976 1509 4052 attinet,
1536 3977 1630 4056 prima
1653 3977 1784 4039 conditio
1808 3987 1872 4055 est,
1894 3985 1928 4041 ul
1950 3996 2037 4040 nemo
2059 3976 2090 4040 ad

406 4067 540 4134 jejunium.

733 4079 972 4140 communionem
994 4077 1051 4138 nisi
1068 4078 1191 4158 jejunus
1216 4075 1349 4139 accedat.
1395 4075 1578 4155 Disciplinae
1600 4075 1688 4156 hujus
1703 4075 1924 4141 fundamentum
1947 4085 1995 4140 cst
2010 4079 2089 4160 Apo·

624 4230 629 4239 .
733 4176 838 4248 stolica
861 4177 979 4239 traditio
1003 4195 1081 4258 quae
1104 4196 1144 4238 ex
1166 4175 1336 4240 Caucnibus
1359 4176 1488 4256 antiquis
1509 4175 1726 4256 Apostolorum
1757 4176 1887 4240 refertur
1918 4176 1954 4238 ab
1977 4177 2090 4240 Ebnas·

734 4278 798 4342 salo
830 4296 896 4359 cap.
928 4274 977 4338 13.
1024 4276 1217 4340 Collectionis
1255 4294 1339 4339 suae.
1383 4273 1488 4337 Omnis
1513 4276 1613 4354 fidelia
1639 4295 1762 4354 operam
1791 4276 1891 4353 dabit,
1919 4285 1952 4339 at
1979 4276 2090 4341 Sacra·

733 4379 840 4440 nenda
863 4378 1058 4440 communicet
1078 4385 1237 4457 antequam
1259 4374 1374 4456 aliquid
1382 4376 1557 4456 portaverit.
1580 4374 1624 4436 Ea
1636 4372 1816 4438 constitutio
1831 4375 1957 4438 babetur
1978 4392 2091 4459 quoque

734 4478 765 4538 iu
795 4494 832 4539 eo
863 4484 1052 4558 syntagmate
1082 4476 1162 4556 quod
1191 4475 1360 4538 Orientales
1386 4482 1497 4538 vocant
1525 4482 1689 4556 praecepta
1710 4475 1926 4557 Apostolorum
1954 4473 2088 4539 secunda.

733 4577 839 4640 Refert
869 4575 993 4638 eosdem
1027 4573 1166 4638 Canones
1195 4574 1411 4637 Ecbmimensis
1442 4572 1637 4637 Collectiouis
1666 4593 1740 4638 suae
1770 4593 1837 4657 cap.
1862 4576 1912 4640 ii.
1940 4576 2026 4638 titulo
2048 4572 2089 4656 qui

735 4683 797 4738 est:
821 4675 910 4752 Quod
922 4677 1037 4755 jejunis
1066 4677 1161 4738 selum
1190 4674 1388 4736 Euclionistio
1417 4676 1667 4737 communicanda
1692 4678 1748 4766 sig,
1779 4677 1910 4756 citatque
1938 4683 2091 4758 praeterea

734 4773 899 4853 Epistulam
921 4775 1002 4836 Petri
1025 4774 1062 4836 ad
1086 4773 1285 4851 Clementem,
1309 4781 1339 4836 et
1362 4771 1435 4837 Cau.
1462 4772 1511 4838 19.
1541 4774 1693 4855 Hippolyti
1718 4775 1851 4840 Romani.
1884 4776 1983 4838 Autor
2007 4774 2090 4838 Con-

736 4873 874 4936 mentarii
899 4872 1022 4936 Arabici
1050 4875 1080 4936 iu
1111 4874 1299 4938 Harmoniam
1327 4872 1549 4954 Evangelicam.
1595 4873 1751 4950 Quomodo
1774 4873 1912 4937 Cdra‘stua
1939 4894 2051 4955 corpus
2068 4874 2092 4932 et

735 4974 910 5052 romaicam
938 4992 995 5035 aaa
1020 4973 1208 5052 mdiscipolia
1232 4971 1375 5054 praebuit
1396 4981 1469 5051 port
1498 4991 1581 5036 esum
1608 4972 1790 5050 Poscbalr's5
1819 4973 2006 5036 nocio-oero
2040 4986 2091 5034 noti
