4680 6044
630 607 683 683 to
704 604 911 684 LllURGlhll
933 603 1124 684 COPTIGAM
1144 605 1175 684 S.
1194 605 1338 684 BhSlLll.
1595 605 1667 678 169

302 784 348 869 τῷ
374 783 449 870 ναῷ,
480 787 584 874 σχολῇ
609 786 666 853 καὶ
692 776 814 873 βάδην,
844 784 899 853 καὶ
934 777 1033 852 abaci
1056 778 1194 872 ᾅδουσιν
1215 785 1271 852 καὶ
1292 782 1554 876 προςτιίπτουσιν
1576 777 1669 872 αὐτῷ

301 877 362 949 obv
384 881 474 952 αἰδοῖ
493 877 586 974 noiop
607 885 662 952 καὶ
684 878 860 972 εὐλαβείᾳ,
883 877 1031 967 δεόμενοι
1059 875 1186 973 μνήμης
1214 877 1293 973 παρ’
1315 877 1420 952 αὐτοῦ
1440 887 1550 966 τυχεῖν
1572 881 1607 950 ἐν
1627 886 1669 974 τῇ

301 984 365 1048 τῶν
392 977 506 1071 δώρων
531 985 734 1074 προςαγωγῇ,
762 983 817 1050 καὶ
845 975 949 1060 attede
975 989 1072 1073 χωρεῖ
1099 978 1306 1068 πεμπόμενος
1333 977 1400 1050 r‘nrb
1432 973 1585 1064 λαμπάσι
1613 983 1669 1052 καὶ

300 1076 497 1166 θυμιάμασι
518 1082 573 1150 καὶ
595 1079 700 1162 οὕτως
727 1079 813 1166 ἔχων
833 1079 872 1151 rb
893 1077 1132 1176 buotopcq'ptoe
1158 1079 1343 1172 εἷςέρχεται.
1376 1086 1531 1149 Sacerdos
1559 1105 1670 1168 mapsa

302 1203 377 1247 voce
397 1185 572 1268 Decoloqia
593 1189 638 1250 cd
657 1189 753 1250 Deum
774 1189 868 1264 dicta,
890 1188 972 1249 vertit
993 1187 1036 1248 cd
1056 1187 1138 1248 dona
1159 1195 1278 1262 sancto,
1304 1206 1399 1270 eaque
1419 1188 1476 1248 rite
1497 1203 1589 1264 saper
1611 1205 1670 1249 co-

299 1292 355 1364 pul
376 1287 514 1348 attollens
531 1288 735 1368 propreditur,
763 1289 858 1350 etita
879 1287 1076 1365 illapestams
1102 1286 1145 1347 ad
1167 1287 1264 1348 altare
1289 1285 1397 1366 insert,
1427 1286 1501 1346 data
1523 1303 1616 1364 opero
1638 1289 1670 1348 io

301 1383 442 1447 Ecclesia
463 1386 539 1448 lertte
561 1396 591 1449 et
611 1390 721 1449 sciam
740 1406 798 1467 per
820 1387 975 1448 circuitum
998 1383 1170 1447 ambulans:
1197 1385 1242 1446 illi
1262 1394 1362 1447 auten
1384 1391 1495 1445 canunt
1516 1391 1546 1445 el
1563 1387 1670 1466 proci-

303 1485 377 1545 dunt
398 1503 504 1546 coram
526 1505 562 1548 eo
585 1505 652 1548 mem
673 1486 846 1548 reverentia
866 1493 896 1546 ct
916 1486 1030 1547 honore
1058 1487 1207 1562 maximo,
1236 1493 1378 1565 ropantes
1406 1491 1440 1546 nt
1467 1486 1498 1546 in
1520 1482 1670 1545 oblatione

303 1583 450 1644 demonem
476 1587 651 1646 mammam
673 1585 722 1646 sui
747 1585 877 1647 habeat:
904 1582 973 1662 lpse
994 1584 1142 1646 dedoctus
1163 1603 1231 1646 cam
1252 1583 1442 1664 lampadibus
1464 1591 1495 1644 et
1514 1583 1669 1659 odoribus,

300 1681 379 1744 hamc
399 1683 431 1743 in
457 1683 577 1745 modum
604 1685 646 1746 ad
673 1683 770 1744 altare
797 1683 972 1763 iapreditnr.
1019 1681 1107 1755 Quod
1129 1685 1222 1765 igitur
1248 1683 1330 1746 circa
1357 1689 1474 1763 tempus
1505 1699 1563 1762 quo
1593 1681 1669 1746 haec

303 1781 398 1844 oratio
422 1781 481 1843 dici
503 1781 608 1862 dehet,
640 1783 820 1846 observatur
847 1801 864 1844 a
888 1780 1025 1862 Coptitis,
1054 1783 1149 1845 simile
1179 1789 1226 1844 est
1248 1781 1433 1844 Graecorum
1461 1783 1668 1844 caeremoniae

304 1899 380 1960 quae
404 1900 531 1961 mopnos
551 1881 696 1944 lotroitns
718 1882 839 1975 dicitur,¹
860 1899 897 1943 eo
920 1889 1032 1976 tantum
1055 1881 1235 1961 discrhuine,
1260 1863 1340 1962 qirod
1363 1883 1412 1944 isti
1435 1898 1501 1943 cam
1529 1878 1670 1943 dillerunt

302 1997 398 2060 usque
428 1979 467 2042 ad
493 1980 657 2062 perlectam
687 1979 844 2065 Evangelii
870 1979 1049 2057 lectionem,
1080 1979 1121 2042 illi
1148 1982 1361 2062 praemittunt,
1395 1979 1441 2041 De
1470 1999 1506 2042 ea
1529 1997 1546 2040 a
1568 1979 1669 2042 multis
1705 2037 1709 2043 .

304 2081 445 2160 scripturn
468 2087 527 2158 cst,
550 2088 610 2142 turn
633 2080 712 2158 olim,
736 2087 795 2142 tum
818 2081 877 2142 isto
900 2078 1041 2144 saeculo:
1074 2080 1144 2144 olim
1167 2081 1315 2161 quiajam
1346 2101 1386 2143 ex
1409 2096 1469 2160 quo
1497 2079 1669 2142 Florentiae

303 2179 468 2242 laboratum
493 2188 539 2242 est
563 2178 600 2242 de
624 2178 785 2242 sancienda
809 2181 887 2241 inter
899 2178 1033 2242 Graecos
1057 2187 1086 2243 et
1108 2179 1231 2242 Latinos
1255 2179 1426 2258 concordia,
1452 2196 1468 2240 a
1493 2177 1669 2260 quibusdam

303 2297 341 2342 ex
363 2278 536 2341 Latinorum
557 2287 645 2361 parte
668 2280 831 2362 Theologis
855 2279 987 2341 accusati
1017 2288 1086 2342 sunt
1108 2278 1235 2358 Graeci,
1259 2279 1340 2361 quod
1368 2297 1454 2342 sacra
1477 2277 1556 2342 dona
1579 2285 1668 2339 arite-

303 2397 390 2460 quam
412 2397 471 2458 per
483 2380 742 2442 consecrationem
765 2387 960 2442 transmutata
984 2377 1156 2441 fuissentin
1172 2397 1284 2460 corpus
1302 2379 1413 2442 Christi
1434 2386 1465 2440 et
1478 2379 1667 2460 sanguinem,

303 2479 360 2541 illis
384 2478 548 2541 honoribus
571 2488 850 2559 prosequerentur,
874 2479 924 2559 qui
947 2478 1034 2541 nudis
1059 2478 1215 2542 clementis
1245 2479 1409 2542 convenire
1431 2495 1492 2540 non
1515 2485 1667 2559 poterant.

301 2578 362 2641 alit
384 2578 536 2659 negabant
558 2576 638 2641 dona
665 2597 700 2640 se
723 2587 793 2641 ante
816 2578 1075 2641 consecrationem
1104 2578 1247 2658 adorare,
1275 2577 1331 2641 sed
1358 2577 1515 2656 venerari:
1543 2594 1604 2639 non
1635 2584 1669 2638 ut

301 2695 413 2760 corpus
424 2676 547 2758 Christi,
563 2680 611 2740 cui
630 2696 723 2740 verus
739 2671 892 2764 λατρείας
904 2676 1002 2740 cultus
1016 2677 1199 2742 debebatur:
1220 2696 1320 2757 neque
1335 2678 1488 2739 honorare
1504 2683 1616 2738 tantum
1635 2681 1669 2736 ut

301 2796 404 2841 sacras
421 2776 576 2860 imagines,
591 2777 646 2840 sed
660 2779 820 2857 anticipata
836 2777 962 2858 quadam
973 2779 1170 2840 veneratione
1191 2777 1346 2859 prosequi,
1363 2785 1502 2857 tanquam
1516 2783 1668 2838 transmu-

301 2876 389 2939 tanda
404 2894 475 2938 mox
488 2876 518 2938 in
532 2875 643 2939 Christi
655 2895 776 2939 carnem
788 2885 818 2940 et
832 2879 1017 2958 sanguinem.
1026 2874 1159 2939 Alterius
1174 2895 1250 2941 vero
1264 2876 1377 2939 sacculi
1392 2877 1476 2939 initio
1486 2875 1668 2958 Apologiam

300 2976 379 3038 illius
401 2977 478 3039 ritus
501 2975 594 3039 edidit
615 2975 750 3039 venetiis
780 2976 900 3038 Gahriel
922 2976 1053 3040 Severus
1081 2974 1301 3058 Philadelphiae
1323 2974 1526 3057 Metropolita,
1550 2994 1628 3057 quac
1651 2994 1669 3038 a

300 3077 367 3138 viro
390 3074 563 3138 doctissimo
595 3083 664 3138 ante
687 3093 781 3138 annos
812 3075 926 3158 aliquot
954 3076 1070 3140 Graece
1093 3083 1123 3138 et
1145 3076 1251 3139 Latine
1273 3073 1380 3139 iterum
1409 3075 1490 3138 edita
1513 3081 1577 3154 est,
1602 3095 1669 3138 cum

301 3176 381 3238 notis
403 3174 572 3240 lusissimis.
596 3175 654 3248 Qui
676 3175 762 3256 plura
785 3176 867 3239 volet
889 3184 1013 3256 praeter
1036 3176 1175 3238 Germani
1198 3175 1524 3256 constantinopolitani
1547 3175 1585 3238 de
1608 3177 1668 3239 hoe

301 3281 480 3358 argumento
503 3274 735 3355 expositionem,
758 3273 841 3358 legat
873 3273 1041 3339 Simeonem
1065 3274 1364 3339 Thessalonicensem
1393 3274 1444 3337 lib.
1473 3275 1510 3337 de
1541 3274 1668 3355 Templo

302 3383 331 3436 et
359 3372 397 3435 de
428 3375 523 3436 sacris
552 3373 797 3438 ordinationibus
824 3393 889 3455 cap.
911 3373 941 3438 3.
984 3374 1126 3438 Allatium
1154 3375 1191 3438 de
1220 3375 1313 3438 Missa
1340 3373 1668 3456 praesanctificatorum

300 3491 379 3536 num.
412 3477 441 3537 7.
472 3471 613 3535 Goarium
644 3473 674 3534 in
697 3472 784 3538 Notis
814 3474 850 3537 ad
873 3474 1092 3557 Euchologium
1116 3481 1146 3538 et
1169 3474 1362 3553 Glossarium,
1386 3474 1437 3536 ubi
1460 3474 1552 3536 multa
1573 3493 1668 3556 pree·
1714 3482 1744 3535 P.
1764 3483 1825 3536 120.
1844 3486 1903 3536 121.

301 3579 386 3636 terea
409 3573 447 3636 de
469 3571 520 3635 illo
544 3574 603 3634 ritu
625 3572 786 3636 observata
810 3582 896 3649 sunt;
919 3575 970 3655 qui
994 3582 1134 3654 quantum
1157 3574 1195 3636 ad
1219 3575 1353 3637 Graecos
1384 3573 1490 3637 attinet
1512 3574 1584 3636 satis
1609 3592 1668 3634 ex-

301 3673 431 3754 plicatus
462 3681 517 3737 est.
569 3671 642 3735 Cum
672 3691 748 3735 vero
778 3672 943 3736 doctissimi
976 3673 1018 3735 illi
1049 3673 1106 3736 uiri
1139 3674 1317 3755 scripserint
1350 3672 1468 3754 quando
1505 3672 1666 3735 Orientalis

301 3772 477 3854 disciplina,
505 3771 659 3854 Liturgica
687 3773 882 3852 praesertim,
912 3773 943 3834 in
971 3791 1081 3855 magna
1113 3773 1297 3836 obscuritate
1327 3773 1455 3855 jaceret,
1485 3772 1556 3852 quid
1586 3771 1666 3852 apud

302 3871 407 3954 Syros,
431 3872 567 3953 Coptitas
590 3879 640 3934 aut
663 3871 738 3934 alios
768 3874 850 3936 circa
872 3873 948 3935 hanc
978 3873 1044 3954 ejus
1070 3883 1188 3953 partem
1215 3883 1407 3952 servaretur,
1434 3871 1566 3935 nondum
1594 3857 1667 3934 satis

301 3972 470 4054 expositum
493 3979 549 4036 est.

387 4071 494 4135 Editor
516 4069 737 4152 opusculorum
766 4069 913 4135 Gahriehs
945 4091 1011 4136 cum
1041 4072 1120 4134 illam
1149 4079 1338 4152 exponeret:
1369 4070 1406 4134 de
1428 4070 1573 4135 Ruthenis
1597 4069 1666 4153 qui·
1706 4067 1777 4120 ttitm
1793 4068 1835 4119 itte
1851 4069 1990 4120 commuue

297 4171 369 4235 dem
392 4189 431 4233 cx
453 4169 628 4233 Alexandro
653 4169 809 4252 Guagnino
832 4178 863 4234 et
885 4171 967 4252 aliis,
991 4171 1028 4235 de
1054 4172 1252 4254 Aethiopibus
1280 4191 1319 4235 cx
1341 4169 1503 4234 Alvarezio
1527 4181 1667 4234 constare
1681 4162 1720 4207 ⁰⁵⁹
1732 4153 1877 4223 Aegyptiis.

302 4271 404 4334 docuit
427 4287 481 4334 eos
504 4270 599 4332 simile
623 4268 762 4351 quiddam
784 4269 896 4333 hahere
919 4273 981 4334 suis
1004 4273 1034 4334 in
1056 4272 1217 4356 Liturgiis3
1240 4271 1279 4334 de
1301 4269 1366 4333 aliis
1379 4270 1555 4334 Christianis
1577 4287 1666 4332 ncrno

302 4371 381 4454 quod
405 4371 507 4448 sciam,
531 4368 590 4433 tale
614 4370 773 4452 quidquam
796 4374 958 4434 memoriae
976 4370 1115 4454 prodidit.
1137 4372 1250 4435 Verum
1264 4390 1305 4434 ex
1324 4371 1478 4433 autoribus
1491 4371 1666 4434 certissimis

303 4489 428 4552 quomun
451 4487 522 4532 mox
544 4489 561 4531 a
584 4470 673 4533 nohis
696 4471 863 4534 testimonia
885 4471 1079 4552 proferentur
1101 4472 1259 4549 discimus,
1284 4468 1419 4552 Coptitas
1442 4469 1548 4534 eadem
1569 4488 1667 4532 vene-

302 4572 419 4635 ratione
443 4568 521 4632 dona
544 4588 642 4648 sacra,
667 4579 826 4651 antequam
848 4571 983 4651 perlecta
1007 4573 1198 4635 consecratio
1213 4571 1256 4650 stt,
1279 4570 1436 4652 prosequi,
1460 4569 1539 4649 quod
1560 4567 1665 4648 paucis

302 4678 348 4734 est
371 4670 598 4734 ostendendum.
622 4670 720 4734 Autor
742 4671 1152 4745 ScientineEcclesiasticae.¹
1169 4670 1245 4733 Post
1264 4689 1303 4732 ea
1324 4689 1402 4752 quae
1422 4669 1562 4754 superios
1583 4670 1667 4731 dicto

301 4777 381 4846 mut,
404 4769 557 4833 Sacerdos
575 4771 786 4851 proqredietar
805 4772 849 4832 cd
877 4773 976 4833 altore
998 4791 1129 4852 parcum
1148 4771 1308 4851 prothesis,
1338 4771 1445 4850 (utitur
1474 4779 1561 4834 autor
1588 4789 1666 4836 voce

300 4868 433 4931 Arabica
451 4868 659 4932 Tahaddamet
679 4886 757 4951 quae
773 4868 877 4931 eadem
891 4878 1053 4950 usurpatur
1076 4871 1106 4932 in
1127 4871 1214 4933 istius
1235 4871 1380 4934 orationis
1402 4871 1497 4950 titulo,
1519 4875 1666 4954 proposi·
1751 4881 1889 4970 ·:·ttstpt·t

301 4969 472 5049 tionemque
495 4968 656 5052 significat,
679 4977 768 5050 atque
793 4967 869 5032 adeo
892 4959 1083 5054 Πρόθεσιν)
1106 4991 1147 5032 ec
1168 4991 1226 5052 qno
1249 4972 1379 5052 accipiet
1390 4969 1517 5052 Aprum,
1539 4972 1596 5036 hoc
1618 4981 1665 5037 cst

300 5085 408 5148 panem
430 5065 678 5150 Eucharistieum‚
701 5089 787 5150 quem
808 5076 919 5132 otterue
940 5070 1080 5150 dupiclet
1100 5090 1138 5134 ne
1156 5070 1338 5150 fortefissos
1360 5073 1415 5134 sit:
1435 5075 1546 5152 fissura
1567 5080 1667 5134 cutem

1386 5187 1463 5260 37*
