4778 6034
664 535 725 609 Lll
1108 544 1488 622 bisuntinum

526 775 529 785 ·
663 729 850 820 significant
875 733 1066 828 exspectari
1084 733 1215 824 insigne
1234 731 1367 827 aliquod
1381 731 1514 806 divinae
1532 737 1791 832 omnipotentiae
1811 741 2020 820 miractdum:

347 2718 639 2776 Contineotnocemlic-

334 2807 435 2860 clasiae.

662 845 751 950 quod
777 851 806 920 si
831 871 898 921 uon
923 858 1034 939 esset,
1060 869 1127 918 non
1152 852 1261 942 magis
1287 870 1330 921 eo
1356 846 1452 940 loco,
1479 873 1578 946 quam
1602 856 1636 924 in
1663 853 1735 926 aliis
1763 855 2021 956 quibuscumque

660 960 831 1056 Linugiae
856 964 1003 1060 partibus
1030 963 1213 1039 adhibenda
1238 965 1327 1039 leret
1353 966 1465 1040 similis
1491 967 1649 1060 hortatio,
1685 981 1741 1044 aut
1770 973 1950 1065 rejicienda
1976 978 2020 1051 ad

661 1081 951 1172 Communionem,
978 1104 1043 1177 quo
1070 1081 1143 1155 solo
1174 1093 1341 1179 tempore,
1368 1086 1423 1178 qui
1448 1082 1631 1157 realitatem
1649 1085 1876 1160 verbotenus
1905 1113 2019 1184 agno-

659 1212 773 1292 scunt,
800 1199 870 1272 lieri
896 1221 958 1295 per
984 1203 1228 1295 suscipientium
1253 1198 1366 1271 fidem:
1399 1199 1431 1270 id
1466 1200 1554 1294 quod
1589 1211 1686 1275 vetus
1718 1201 1872 1277 Ecclesia
1890 1222 1892 1228 ’
1908 1205 2020 1281 docuit

658 1328 692 1392 et
718 1316 903 1392 Orientales
931 1336 1047 1388 omnes
1074 1316 1211 1388 credunt
1236 1315 1322 1388 effici
1341 1315 1573 1411 superlabente
1588 1320 1622 1388 in
1643 1316 1729 1390 dona
1744 1324 1916 1416 proposita
1931 1323 2016 1421 Spi-

655 1437 720 1507 ritu
747 1444 880 1523 sancto,
908 1436 992 1506 sicut
1018 1431 1061 1504 ad
1081 1433 1320 1506 Incaruatiouis
1337 1435 1549 1529 mysterium,
1575 1436 1610 1503 iu
1623 1431 1795 1526 Virginem
1812 1445 2013 1534 supervenit

656 1548 872 1624 Communem
898 1538 1073 1622 Ecclesiae
1098 1549 1194 1622 fidem
1221 1559 1335 1622 contm
1360 1550 1542 1624 Arianismi
1566 1556 1804 1626 instauratores
1831 1553 1873 1625 dc
1893 1555 2015 1634 Christi

655 1667 826 1740 divinitate
853 1677 887 1738 et
912 1666 1035 1762 Spiritu
1061 1675 1177 1739 sancto
1204 1669 1268 1762 ipsi
1293 1677 1328 1738 et
1353 1667 1444 1740 Patri
1461 1668 1748 1760 consubstantiali,
1775 1693 1891 1745 omnes
1908 1695 2016 1770 prope

653 1784 875 1877 liturgiarum
902 1787 1047 1880 paginae
1071 1792 1342 1879 repraesentant,
1369 1783 1530 1879 simulque
1543 1787 1726 1880 scripttuae
1741 1789 1930 1861 testimonia
1948 1812 2016 1862 eo-

654 1901 729 1973 dem
777 1923 878 1974 scnsu
918 1899 1121 1989 referuntur,
1156 1920 1221 1994 quo
1256 1897 1410 1972 Ecclesia
1446 1898 1617 1974 catholica
1654 1902 1791 1995 intelligi
1820 1902 1876 1976 illa
1911 1903 2015 1996 jubet.

653 2019 780 2090 Beatae
805 2017 935 2090 Mariae
960 2016 1107 2110 Virginis
1134 2017 1344 2109 dignitatem,
1371 2019 1443 2108 ejus
1471 2028 1505 2091 et
1531 2020 1672 2090 omnium
1691 2016 1888 2091 Sanctorum
1909 2024 2015 2094 invo-

653 2138 836 2227 cationem,
862 2146 898 2207 ut
924 2157 986 2231 pro
1012 2134 1110 2207 nobis
1137 2132 1224 2230 apud
1249 2135 1358 2206 Deum
1383 2134 1603 2226 intercedant,
1628 2157 1749 2231 preces
1775 2157 1837 2232 pro
1865 2141 2015 2229 mortuis,

653 2251 770 2326 Crucis
797 2256 927 2345 signum
952 2250 1074 2345 ubique
1101 2249 1144 2321 ad
1173 2248 1422 2325 benedictiones
1457 2259 1491 2322 et
1520 2253 1791 2324 consecrationes
1822 2251 2013 2326 adhibitum:

650 2367 782 2442 humani
808 2371 943 2462 generis
968 2369 1097 2437 minam
1123 2373 1157 2437 et
1183 2370 1427 2462 cormptionem
1451 2388 1514 2461 per
1539 2367 1660 2439 Adami
1687 2379 1883 2463 peccatum,
1912 2369 2015 2444 divini

652 2484 766 2557 auxilii
791 2487 1026 2557 necessitatem
1054 2481 1095 2552 ad
1131 2505 1229 2554 omne
1263 2505 1347 2577 opus
1381 2483 1522 2572 bouum,
1561 2494 1595 2555 et
1628 2488 1737 2556 omnia
1772 2484 1903 2557 tandem
1937 2484 2014 2558 fidei

653 2606 763 2697 capita
791 2604 897 2674 sacris
922 2597 987 2670 illis
1013 2598 1168 2694 precibus
1193 2600 1359 2690 breviter,
1387 2599 1447 2672 sed
1472 2603 1649 2696 perspicue
1675 2605 1891 2672 coutinennu.

756 2719 794 2790 ln
820 2717 883 2789 illis
909 2719 1029 2807 igitur,
1054 2735 1122 2787 non
1149 2715 1296 2788 doctoris
1324 2715 1461 2807 alicujus
1495 2718 1625 2805 eximii,
1660 2738 1727 2788 nou
1764 2715 1919 2807 concilii,
1953 2715 2014 2790 sed

653 2840 752 2910 totius
777 2833 953 2930 Ecclesiae
977 2853 1051 2902 vox
1078 2832 1224 2922 auditur,
1248 2855 1320 2904 oum
1347 2835 1432 2904 inter
1458 2853 1496 2904 se
1511 2835 1734 2924 consentiunt,
1758 2843 1795 2904 ut
1813 2855 1896 2906 saue
1910 2836 2012 2906 minus

625 2955 780 3028 ‘illarum
805 2955 839 3022 in
864 2953 936 3022 istis
964 2947 1114 3020 omuibus
1141 2969 1325 3021 consensus
1346 2958 1413 3039 est,
1438 2970 1508 3020 nou
1521 2949 1713 3020 Latinarum
1728 2948 1828 3022 modo
1846 2959 1880 3021 et
1897 2948 2012 3022 Grae-

652 3095 784 3160 carum,
811 3067 871 3142 sed
897 3066 1129 3160 Copticamm,
1155 3063 1386 3161 Syriacamm,
1413 3075 1446 3136 et
1471 3063 1688 3160 reliquarum,
1721 3067 1750 3138 si
1775 3088 1883 3160 pauca
1909 3066 2011 3135 exci-

651 3192 801 3285 piuntur,
828 3188 862 3255 iu
888 3183 1005 3277 quibus
1030 3180 1223 3254 Nestoriani
1250 3191 1283 3253 et
1314 3181 1490 3254 tacebitne
1520 3186 1642 3255 veneni
1673 3185 1723 3254 sui
1756 3181 1921 3277 quidpiam
1952 3186 2010 3252 iu·-

651 3299 892 3390 stillaverunt,
913 3321 977 3393 qua
1011 3297 1053 3370 de
1085 3320 1124 3370 re
1156 3297 1283 3371 dicetur
1315 3308 1444 3394 postea.
1497 3297 1570 3370 Nec
1600 3301 1740 3371 inaniter
1776 3307 1831 3370 aut
1862 3301 2009 3371 oratorie

651 3418 772 3490 dictum
797 3415 935 3507 intelligi
961 3413 1080 3506 debet,
1105 3435 1229 3489 vocem
1254 3417 1353 3487 totius
1366 3412 1543 3486 Ecclesiae
1558 3414 1712 3510 precibus
1725 3413 1876 3509 publicis,
1896 3431 2010 3510 ‘prae-

650 3538 762 3611 sertim
775 3531 1011 3605 Eucharisticis
1039 3535 1210 3604 condneri.
1262 3528 1351 3603 Nihil
1368 3532 1455 3603 enim
1470 3533 1556 3602 iuter
1570 3552 1667 3603 sacra
1686 3533 1845 3626 mysteria
1858 3529 2010 3604 fidelibus

648 3649 913 3748 proponebatur,
942 3647 1031 3744 quod
1055 3669 1123 3720 nou
1147 3648 1339 3722 Antistitum
1361 3647 1486 3737 judicio
1506 3647 1679 3742 probatum
1707 3655 1816 3737 esset,
1843 3655 1900 3719 aut
1919 3651 2011 3720 anti-

650 3771 757 3864 quitus
784 3767 954 3839 traditum:
986 3788 1211 3860 successuque
1244 3767 1402 3859 temporis
1436 3773 1469 3835 et
1500 3762 1603 3855 longo
1633 3785 1696 3836 usu
1727 3766 1934 3835 autoritatem
1965 3764 2008 3837 ob

649 3886 722 3958 aliis
756 3883 917 3956 Ecclesiis
955 3882 1156 3978 accipiebat,
1192 3903 1277 3974 quae
1311 3903 1385 3952 cum
1419 3878 1552 3973 reliquis
1588 3877 1888 3969 communicabant,
1921 3881 2009 3976 quod

647 4001 719 4074 lieri
744 4022 812 4072 non
836 4003 985 4095 potuisse
1012 4001 1228 4070 certissimum
1255 4005 1323 4087 est,
1350 3999 1379 4069 si
1404 3999 1438 4066 iu
1465 3996 1574 4091 aliqua
1605 3989 1725 4090 prodes
1759 4006 2007 4092 usurparentur,

649 4141 734 4214 quae
761 4126 817 4189 aut
843 4119 968 4187 erroris
994 4117 1199 4209 suspicione,
1226 4123 1282 4185 aut
1306 4115 1468 4204 novitatis
1485 4110 1707 4185 laborassent.
1758 4110 1828 4185 Res
1843 4113 2007 4208 exemplis

646 4234 853 4308 manifestior
891 4233 955 4303 luet.
1010 4229 1245 4323 Quaecumque
1279 4250 1485 4300 communem
1516 4226 1692 4301 Ecclesiae
1723 4227 1820 4300 tidem
1857 4238 2008 4323 spectant

646 4363 821 4446 autequam
846 4371 908 4444 per
932 4348 1153 4420 Nestoriauos
1180 4355 1214 4417 et
1238 4345 1410 4418 lacobitas
1436 4347 1543 4418 scissa
1569 4341 1700 4435 linisset,
1727 4367 1768 4416 ea
1794 4343 1948 4437 leguntur
1973 4351 2006 4418 iu

646 4466 797 4542 omnibus
829 4462 1025 4558 Littugicis,
1056 4459 1209 4535 antelis
1243 4459 1545 4534 Sacrameuulibus
1577 4461 1711 4550 officiis,
1746 4464 1843 4532 etiam
1876 4460 2005 4535 illorum

644 4587 901 4658 haercticomm:
930 4585 1005 4677 quia
1032 4579 1158 4654 scilicet
1188 4579 1380 4650 necessaria
1413 4577 1456 4649 ad
1489 4580 1627 4650 salutem
1660 4577 1815 4670 dogmata
1853 4576 2004 4653 fidelibus

645 4707 690 4774 ita
717 4699 845 4771 leoffius
859 4695 1114 4768 inculcabautur.
1167 4693 1287 4767 Exorti
1306 4703 1382 4766 suut
1397 4692 1587 4767 Nestoriaui
1600 4696 1654 4787 qui
1668 4692 1709 4765 ab
1727 4691 1880 4768 Ecclesia
1899 4716 2003 4767 sece-

647 4817 776 4905 dentes,
795 4820 1019 4901 sacramenta,
1047 4823 1080 4884 et
1093 4812 1277 4905 liturgiam
1294 4809 1508 4900 ansularum,
1535 4821 1568 4882 et
1580 4813 1749 4906 propriam
1766 4809 1828 4882 sibi
1841 4808 2001 4884 iecerunt.

647 4933 685 5005 ln
712 4954 752 5004 ea
777 4933 839 5003 vix
865 4926 1040 5024 quidquam
1066 4926 1108 5000 ab
1135 4927 1199 5002 illis
1224 4931 1381 5001 mserum
1407 4930 1586 5024 reperitur,
1612 4925 1701 5022 quod
1727 4925 1770 4999 ad
1796 4929 1920 5000 erroris
1951 4931 2003 5000 sui

648 5045 968 5121 commendationem
1006 5052 1150 5141 spectet,
1189 5053 1238 5138 et,
1272 5054 1307 5117 ut
1336 5043 1485 5136 videtur,
1518 5066 1561 5116 ne
1591 5042 1625 5116 id
1655 5041 1807 5117 facerent
1838 5043 2001 5137 religione
