4778 6034
454 1201 745 1270 Anseriptaolimola-

436 1289 513 1356 cabo,
532 1291 609 1343 inerit
627 1299 745 1358 postmo-

436 1375 497 1430 dnm
507 1375 666 1446 interpolata.
708 1385 711 1390 '

759 533 888 608 xxxii
1251 533 1623 616 nissntttntto

761 724 803 798 ad
829 746 890 798 eos
916 729 1130 821 pervenisse:
1165 727 1210 796 ita
1244 701 1331 796 enim
1357 723 1563 812 refelluntur,
1590 731 1744 818 quantum
1771 745 1855 820 opus
1882 737 1946 816 est,
1974 730 2028 823 qni
2054 749 2113 804 eas

761 845 1005 938 supposititias,
1039 839 1153 931 fictas,
1189 851 1222 913 ει
1256 841 1298 914 ab
1325 844 1460 912 inimico
1490 838 1622 912 homine
1656 838 1824 935 prolectas
1860 852 1985 916 temere
2017 843 2117 915 calu-

759 961 931 1029 mniantur.
993 957 1118 1030 Verum
1152 955 1195 1028 ad
1230 955 1485 1030 confirmandam
1518 957 1704 1050 scriptionis
1735 956 1862 1030 illorum
1895 961 2119 1055 antiquitatem

758 1071 835 1145 nihil
862 1073 1035 1170 quidquam
1063 1073 1220 1145 efficiunt.

860 1189 1065 1264 Moderatius
1093 1199 1145 1261 εει
1169 1189 1298 1261 illomm
1321 1187 1495 1280 judicium,
1523 1190 1578 1283 qui
1600 1191 1663 1260 etsi
1680 1192 1821 1285 scriptas
1841 1188 1915 1263 illas
1943 1191 1984 1264 ab
2012 1193 2115 1289 Apo-

758 1307 884 1380 stolicis
911 1305 1112 1403 temporibus
1140 1327 1217 1376 esse
1240 1304 1406 1397 judicant,
1432 1307 1602 1376 mutationi
1620 1315 1729 1376 tamen
1751 1303 1918 1379 obnoxias
1935 1306 2118 1380 hrissenon

759 1421 942 1494 diffitentur.
996 1421 1064 1494 Sed
1090 1420 1123 1493 id
1147 1418 1248 1492 habet
1272 1419 1469 1492 incommodi
1497 1421 1570 1493 talis
1598 1423 1728 1516 opinio,
1755 1421 1843 1516 quod
1859 1421 1987 1496 illarum
2007 1427 2117 1496 inter-

759 1538 962 1634 polationem
989 1537 1163 1633 quamdam
1189 1535 1352 1624 admittat,
1379 1558 1464 1630 qnae
1490 1537 1520 1608 si
1545 1536 1654 1608 locum
1680 1534 1799 1624 habet,
1821 1559 1911 1610 nova
1930 1539 2116 1612 calumnia-

724 1709 729 1716 .
758 1677 831 1728 rum
857 1675 958 1746 seges
984 1649 1247 1726 Protestantibus
1274 1651 1417 1724 ollertnr.
1452 1650 1571 1723 Dicent
1589 1654 1691 1742 enim,
1704 1663 1738 1724 ut
1748 1654 1817 1744 jam
1835 1677 1855 1724 a
1870 1652 1978 1726 multis
1998 1653 2116 1728 dictum

433 3453 437 3462 ,
456 3403 523 3468 outo
534 3407 694 3461 verisimilius
703 3413 746 3462 ui-

437 3493 745 3563 deatrrr‚nempescriptas

437 3594 496 3632 essa
529 3579 657 3647 liturgias
687 3589 745 3632 unte

437 3663 593 3734 Ephesium
608 3667 744 3733 Synodum.

759 1779 828 1858 εει,
856 1792 942 1864 quae
969 1768 1010 1842 ab
1038 1768 1202 1866 Apostolo
1229 1764 1359 1839 lacobo
1387 1766 1505 1838 tradita
1532 1777 1626 1856 sunt,
1654 1767 1696 1840 ab
1723 1767 1787 1841 illis
1807 1791 1894 1864 quae
1911 1773 2116 1844 recentiores

759 1905 875 1958 manus
894 1886 1112 1973 invexerunt,
1136 1883 1277 1956 discerni
1297 1904 1363 1954 non
1384 1904 1502 1978 posse:
1523 1883 1632 1956 addita
1648 1907 1779 1979 quoque
1792 1883 1896 1958 luisse
1910 1907 1977 1958 non
1996 1909 2116 1982 pauca,

759 2023 947 2096 quaecum
972 1985 1195 2074 vetustissima
1223 2001 1305 2088 sint,
1332 2001 1396 2093 ipsi
1426 2001 1582 2073 novitatis
1614 1999 1843 2072 condemnant.
1901 2001 1981 2073 Inde
2015 2001 2051 2074 fit
2080 2013 2117 2074 nt

758 2128 870 2213 partes
897 2117 1118 2210 Liturgiarnm
1152 2137 1260 2211 prope
1290 2113 1401 2186 nullae
1432 2117 1574 2188 intactae
1600 2115 1642 2188 ab
1669 2115 1853 2190 inofficiosa
1880 2128 1913 2190 et
1939 2121 2115 2190 temeraria

757 2234 812 2306 ila
839 2255 980 2306 censura
1007 2231 1252 2327 relinquantur,
1284 2253 1326 2302 eo
1353 2233 1476 2322 magis,
1511 2231 1599 2326 quod
1624 2231 1769 2327 aliquas,
1800 2242 1836 2304 ut
1866 2233 2115 2306 Invocatiouem

758 2353 864 2422 sancti
890 2350 1052 2445 Spiritus,
1079 2359 1113 2420 et
1127 2347 1301 2420 nonnullas
1317 2345 1419 2436 alias,
1445 2349 1530 2419 inter
1545 2347 1765 2420 additamenta
1782 2361 1962 2422 numerent
1988 2349 2114 2422 Verum

757 2464 896 2561 publicis
922 2464 1147 2536 Ecclesiamm
1174 2461 1290 2534 officiis
1317 2461 1618 2538 Sacramenutthus
1652 2464 1760 2537 addita
1793 2486 1870 2536 εεεε
1902 2463 2114 2560 sequentibus

758 2578 917 2668 saecule,
944 2603 985 2653 ea
1012 2602 1098 2674 quae
1125 2581 1268 2650 omnium
1294 2581 1457 2650 communi
1475 2602 1641 2653 consensu
1657 2584 1742 2652 inter
1762 2603 1859 2652 sacra
1881 2580 2114 2674 recitabantur,

757 2696 965 2790 interpolatio
993 2705 1156 2784 nonest,
1184 2693 1244 2766 sed
1270 2693 1313 2766 ad
1339 2718 1432 2767 usum
1459 2699 1618 2790 cujusque
1649 2699 1806 2793 temporis
1838 2697 2113 2787 accommodatio,

758 2809 888 2907 publica
915 2815 1106 2901 autoritate,
1132 2832 1200 2882 non
1225 2812 1356 2906 privato
1384 2813 1616 2907 cujuscumque
1633 2811 1789 2901 consilio,
1816 2823 1873 2885 aut
1891 2813 2114 2909 perlrarrdem

757 2925 854 3000 lacta.
888 2927 1022 3019 Negent
1038 2927 1267 3000 Protestantes
1294 2949 1314 2997 a
1338 2924 1476 2999 Concilii
1498 2927 1636 3000 Nicaeni
1653 2938 1803 3025 tempore
1820 2951 1940 3002 vocem
1956 2927 2111 3025 Ὁμοου-
2134 2997 2138 3004 .

758 3044 840 3117 σίου
864 3046 948 3115 inter
973 3042 1227 3116 Ecclesiasticus
1254 3062 1373 3138 preces
1399 3041 1502 3116 baisse
1534 3042 1728 3133 adhibitam,
1757 3044 1845 3117 nube
1868 3048 1998 3116 testium
2025 3067 2113 3117 con-

757 3158 955 3232 futabuntur.
1007 3158 1125 3232 Desint
1150 3169 1250 3231 notae
1275 3157 1352 3230 illae
1378 3169 1508 3249 certae,
1535 3158 1656 3255 publici
1681 3182 1760 3233 usus
1782 3159 2023 3251 Ecclesiarum,
2047 3161 2113 3233 hi-

757 3278 865 3367 turgia
891 3274 979 3348 nulla
1006 3279 1086 3365 erit,
1113 3297 1199 3370 quae
1224 3274 1390 3370 publicam
1416 3278 1623 3347 autoritatem
1648 3273 1779 3348 habeat.

861 3390 1133 3486 Quandoquidem
1166 3413 1268 3486 porro
1294 3377 1408 3463 res'in
1435 3387 1579 3464 obscuro
1607 3403 1675 3481 est,
1703 3390 1788 3464 adeo
1810 3401 1863 3482 ut,
1891 3392 2021 3486 quando
2047 3395 2112 3467 Li-

757 3509 886 3601 turgiaa
913 3506 1013 3580 scribi
1039 3509 1227 3603 coeperint,
1254 3506 1422 3598 designari
1448 3509 1548 3580 certis
1567 3511 1768 3600 argumentis
1790 3530 1858 3580 non
1871 3511 1996 3604 possit,
2022 3509 2112 3581 dan-

758 3623 833 3695 dum
860 3622 981 3719 aliquid
1007 3625 1218 3715 conjecturae
1245 3633 1320 3711 εει,
1347 3622 1407 3694 sed
1433 3624 1496 3711 ita,
1523 3633 1558 3694 ut
1584 3635 1737 3718 quantum
1770 3624 1841 3695 fieri
1872 3627 2010 3720 poterit,
2045 3646 2113 3696 non
2140 3666 2144 3676 ι

757 3742 862 3812 inanis
888 3740 943 3812 ila
971 3742 1029 3827 sit,
1055 3738 1171 3835 quales
1197 3739 1375 3834 pleraeque
1391 3737 1587 3812 criticorum
1614 3762 1697 3836 quos
1724 3741 1909 3835 carpimus,
1936 3739 1996 3812 sed
2022 3751 2112 3813 certa

759 3855 921 3951 quaedam
946 3853 1176 3944 fundamenta,
1203 3853 1320 3948 quibus
1346 3857 1490 3942 insistat,
1517 3859 1763 3928 constituantur.
1815 3856 1918 3948 lgitur
1944 3855 2111 3950 Liturgias

759 3970 907 4044 Graecas
935 3973 1073 4065 scriptas
1100 3992 1177 4042 esse
1204 3979 1335 4065 oportet
1362 3981 1438 4042 ante
1462 3969 1662 4066 Ephesinum
1690 3970 1892 4062 Concilium,
1918 3993 2004 4044 anno
2030 3973 2112 4046 Jesu

758 4086 879 4161 Christi
912 4083 1154 4160 CCCCXXXI.
1188 4096 1446 4180 congregatum,
1478 4089 1512 4158 in
1545 4109 1610 4183 quo
1638 4087 1806 4160 damnatus
1841 4097 1894 4161 est
1927 4087 2112 4161 Nestorius.

653 4283 654 4286 Ἴ
756 4205 861 4296 Hujus
895 4204 1107 4294 conjecturae
1139 4203 1224 4274 ratio
1257 4211 1328 4290 est,
1361 4203 1449 4299 qnod
1479 4201 1689 4292 Nestoriani,
1722 4203 1962 4276 baereticorum
1997 4207 2112 4299 quiin

757 4320 893 4394 Oriente
908 4328 1083 4413 supersunt
1098 4320 1330 4412 antiquissimi,
1346 4341 1419 4390 curn
1434 4316 1717 4416 Constantinopoli
1732 4322 1870 4414 primum
1885 4322 2111 4408 emersissent,

758 4436 873 4510 sedem
898 4434 988 4508 illam
1013 4444 1197 4531 occupante
1222 4433 1398 4525 Nestorio,
1424 4433 1606 4528 Litnrgiam
1633 4443 1854 4509 servaverunt
1870 4434 2109 4509 Constantino-

755 4553 919 4649 politanae
950 4553 984 4623 in
1017 4550 1124 4624 miultis
1152 4550 1303 4623 similem:
1330 4559 1365 4622 et
1389 4561 1500 4624 notam
1525 4552 1579 4624 illa
1606 4555 1742 4644 originis
1769 4551 1991 4642 machabei,
2026 4572 2111 4646 qnae

755 4666 885 4739 videtur
910 4689 1016 4762 prope
1042 4676 1143 4739 certa.
1177 4666 1215 4739 ln
1240 4667 1388 4760 Liturgia
1415 4664 1545 4739 Graeca
1572 4667 1803 4764 chrysostomi
1833 4669 2004 4741 luvocatio
2024 4667 2110 4762 Spi-

755 4785 835 4854 ritus
862 4785 966 4854 sancti
986 4805 1087 4878 snper
1113 4781 1198 4855 dona
1223 4785 1393 4879 proposita
1419 4786 1489 4858 istis
1515 4782 1629 4857 verbis
1662 4783 1882 4857 concluditur
1893 4780 2110 4882 malicida

754 4901 806 4992 τῴ
844 4895 1019 4994 πνεύματί
1057 4922 1125 4973 σου
1165 4897 1257 5000 ἁγίῳ
1302 4901 1540 4974 Transmontanos
1580 4900 1713 4994 Spiritu
1747 4907 1803 4971 tuo
1843 4906 1980 4988 sancto,
2024 4922 2109 4994 quac

756 5015 789 5086 in
815 5013 887 5088 aliis
902 5013 1059 5107 Graecis,
1085 5015 1202 5112 Syris,
1229 5027 1284 5090 ant
1302 5017 1517 5115 Aegyptiacis
1534 5037 1602 5090 non
1628 5018 1853 5112 reperiuntur,
1878 5025 2109 5115 praeterquam
