4736 6064
666 492 743 566 438
836 487 838 492 ’
1043 488 1642 569 cuthuulnuout

665 682 699 752 iu
724 678 841 752 Marco
867 677 935 750 filio
966 676 1149 750 Elhonban'
1175 675 1381 776 anathemate
1407 675 1588 770 feriebant,
1620 676 1681 751 sed
1713 679 1898 752 simulatam
1931 701 2032 752 com-

666 798 853 868 munionem
886 791 1083 881 servahunt,
1125 815 1200 864 cmn
1236 796 1270 866 in
1304 793 1405 868 rebus
1440 794 1576 865 maximi
1610 798 1767 866 momenti
1809 795 2031 870 dissentirent

666 909 762 983 Unde
789 913 916 988 etiamsi
942 931 1010 981 non
1036 920 1127 982 essct
1153 907 1345 982 manifestus
1373 931 1486 982 earum
1512 908 1739 982 Ecclesiarum
1766 931 1875 1001 error,
1900 909 1957 982 vel
1985 933 2031 983 ex

666 1050 708 1100 ca
737 1026 929 1111 diversitate
956 1029 1037 1100 satis
1065 1028 1343 1098 convincerentur
1371 1047 1430 1099 eas
1456 1047 1534 1098 csse
1561 1033 1658 1096 extra
1687 1023 1891 1098 Catholicam
1917 1030 2032 1099 unita-

666 1151 732 1215 tcm
760 1151 793 1215 et
813 1121 934 1215 ¹veram
966 1139 1171 1228 Ecclesiam,
1204 1143 1315 1231 cujus,
1348 1153 1383 1213 ιιι
1418 1145 1463 1212 ait
1496 1141 1671 1230 Irenaeus,
1701 1142 2033 1234 praedicationne

665 1265 719 1330 eat
744 1266 778 1330 et
800 1261 911 1352 firmo,
938 1258 1031 1350 opud
1056 1281 1154 1351 quum
1180 1280 1249 1326 uun
1275 1257 1453 1327 eteoclem
1484 1255 1604 1326 cuntis
1634 1258 1694 1326 niu
1725 1260 1883 1328 uniuerso
1910 1261 2032 1340 muodo

666 1376 866 1462 ostenditur,
894 1397 967 1444 cum
992 1377 1059 1466 ipsi
1085 1373 1263 1459 baeretici,
1291 1376 1349 1466 qui
1370 1389 1410 1445 'se
1433 1372 1510 1466 plus
1530 1371 1661 1466 aliquid
1683 1380 1828 1466 practer
1852 1378 2032 1446 venusam

664 1495 821 1562 inuenire
852 1496 990 1584 putent,
1018 1489 1220 1582 multiforme
1250 1493 1421 1582 facientes
1455 1491 1539 1576 iter,
1574 1487 1617 1558 dc
1650 1489 1768 1560 iisdem
1799 1511 1868 1560 non
1898 1512 2032 1584 suaper

666 1607 801 1679 enodem
840 1609 1026 1678 sententies
1064 1604 1254 1676 tabuerint.
1312 1603 1393 1677 Illae
1429 1626 1514 1676 vern
1548 1624 1616 1674 non
1658 1602 1743 1678 adeo
1781 1605 1864 1678 altas
1898 1605 2030 1678 radices

665 1726 832 1818 egissent,
865 1726 894 1796 si
920 1745 987 1795 nou
1014 1726 1160 1817 separati
1194 1745 1213 1792 a
1239 1719 1393 1814 reliquis,
1425 1721 1621 1816 praesertim
1653 1741 1739 1790 vero
1771 1743 1792 1790 a
1818 1719 1909 1792 Petri
1935 1721 2030 1811 sede,

665 1844 876 1934 omniumque
902 1839 1102 1933 reliquanrm
1128 1837 1354 1910 Ecclesiarum
1381 1838 1627 1920 communione,
1667 1835 1763 1906 simul
1796 1858 1869 1907 cum
1896 1839 2030 1910 unitatis

665 1956 800 2032 vinculo
828 1965 863 2027 et
886 1954 1105 2051 Apostolicae
1132 1956 1355 2026 successionis
1380 1952 1484 2041 linea,
1515 1954 1722 2024 autoritatem
1755 1975 1887 2048 quoque
1912 1957 2031 2048 legiti-

665 2096 753 2148 mam
771 2069 1041 2144 Patriorchalium
1068 2070 1194 2142 sedium
1221 2072 1420 2157 amisissent,
1446 2090 1532 2164 quae
1559 2067 1601 2138 ad
1621 2068 1824 2144 coercendus
1851 2077 2032 2167 novitates,

665 2201 698 2262 et
725 2188 767 2261 ad
794 2197 944 2260 veterem
971 2186 1176 2282 disciplinam
1202 2186 1426 2273 retinendam,
1457 2194 1493 2256 ut
1519 2183 1597 2255 olim
1623 2188 1668 2256 ita
1695 2195 1729 2257 et
1754 2193 1831 2257 tunc
1856 2189 2030 2283 valuisset,

665 2329 739 2378 cum
766 2306 905 2398 sejuncti
931 2300 1145 2375 Patriarchae
1164 2326 1183 2374 a
1203 2300 1396 2375 Catholicae
1421 2300 1597 2374 Ecclesiae
1624 2322 1768 2396 corpore
1791 2301 1870 2376 nihil
1896 2309 2030 2379 omniuo

663 2431 835 2517 praestare
861 2417 926 2491 hoc
952 2422 985 2491 in
1012 2441 1139 2511 genere
1165 2421 1338 2513 potuerint

377 2540 549 2609 ⁰⁰r⁰³tti0¹¹i⁸
566 2538 652 2590 rann·
768 2537 868 2610 CXL.
910 2533 960 2606 Ea
989 2539 1087 2607 etiam
1114 2558 1216 2607 causa
1242 2532 1312 2621 luit,
1340 2555 1400 2605 cur
1421 2519 1574 2605 scelerati
1594 2529 1820 2624 Patriarchae,
1842 2537 1897 2629 qui
1914 2537 2030 2630 puhli-

343 2627 476 2678 archurum
497 2623 651 2678 Alexandri-

343 2729 432 2765 norum
447 2713 650 2780 nuttnoxenpta
663 2677 738 2726 cam
764 2653 951 2726 Sacerdotii
986 2663 1020 2722 et
1050 2650 1309 2746 Episcopatuum
1344 2648 1611 2721 nundinationem
1641 2653 1779 2744 turpiter
1812 2650 2029 2744 exercebant,

662 2770 752 2842 nulla
783 2768 1023 2842 Ecclesiastico
1059 2769 1234 2839 autoritate
1267 2769 1417 2837 coerceri
1452 2775 1607 2861 possent,
1648 2775 1745 2859 atque
1778 2769 1824 2838 ita
1857 2769 1890 2837 iu
1920 2790 2029 2863 prava

663 2911 723 2961 sua
764 2884 1001 2958 consuetudine
1039 2893 1307 2979 perseverarent.
1373 2881 1456 2953 Sunt
1491 2879 1578 2976 apud
1612 2875 1833 2954 Nestorianos
1873 2884 2029 2981 exempla

666 3003 885 3099 depositionis
907 2999 1088 3094 aliquorum
1101 2997 1377 3086 Patriarcharum,
1399 3007 1431 3068 at
1447 3000 1532 3068 inter
1547 2995 1699 3092 Coptitas
1714 2997 1802 3071 nulla
1817 3012 1901 3073 sunt
1937 2999 2029 3072 Ulti-

663 3143 736 3194 mus
764 3141 879 3191 eorum
899 3111 1038 3212 quorum
1060 3113 1219 3187 hahemus
1239 3113 1420 3202 historiam,
1440 3111 1587 3209 (tyrillus
1601 3111 1742 3186 Laklaki
1760 3114 1845 3187 lilius
1863 3116 1905 3189 de
1932 3115 2030 3188 simili

662 3234 793 3311 scelere
818 3231 1001 3330 postulatus
1014 3301 1015 3306 ,
1028 3231 1087 3303 huit
1114 3231 1200 3326 apud
1225 3229 1382 3303 Sultanos
1408 3228 1550 3302 Adelum
1578 3239 1612 3300 et
1632 3227 1802 3304 Camelum
1829 3233 1902 3324 ejus
1928 3229 2029 3303 lilium

662 3350 829 3440 YuhidaS,
856 3347 1067 3421 Salaheddini
1093 3367 1329 3437 successores,
1364 3343 1558 3437 urgentibus
1590 3344 1816 3418 lacohitarum
1850 3351 2029 3444 primariis,

661 3480 697 3540 ut
722 3489 817 3539 more
843 3467 1003 3558 maiorum
1029 3463 1136 3556 redigi
1161 3465 1196 3533 in
1228 3461 1377 3533 ordinem
1403 3472 1527 3556 posset.
1580 3459 1704 3532 Verum
1738 3485 1813 3536 cum
1836 3466 1921 3555 jussi
1947 3462 2028 3535 hre-

664 3593 739 3655 runt
771 3583 922 3669 edicere,
961 3603 1039 3653 nmn
1072 3581 1301 3675 permitterent
1339 3577 1433 3668 leges
1467 3574 1745 3667 Christianorum,
1786 3587 1822 3649 ut
1854 3601 2028 3674 supremus

664 3721 780 3771 eorum
806 3699 956 3770 Antistes
984 3697 1026 3770 ab
1052 3695 1231 3793 Episcopis
1259 3694 1416 3786 dignitate
1442 3691 1653 3767 inferioribus
1685 3692 1926 3788 deponeretur,
1960 3717 2028 3766 ne-

664 3827 845 3909 gaverunt:
880 3825 979 3907 atque
1011 3816 1055 3883 ita
1097 3815 1151 3883 vir
1185 3809 1332 3884 nefarius
1368 3809 1559 3901 dignitatem
1593 3807 1634 3880 ad
1666 3807 1765 3880 finem
1797 3831 1902 3905 usque
1936 3813 2028 3882 vitae

663 3935 805 4004 retinuit.
863 3931 1028 4022 Majorem
1068 3926 1131 3999 sibi
1170 3925 1344 4022 aliquando
1384 3927 1593 4000 autoritatem
1630 3936 1817 3997 sumserunt
1855 3922 2029 3998 Jacobitae

662 4046 873 4135 Antiocheni,
901 4046 975 4117 dum
1002 4046 1153 4116 Isaacum
1179 4042 1426 4115 Harranensem
1452 4038 1668 4137 Episcopum,
1695 4063 1791 4134 quem
1820 4038 1928 4113 Calila
1954 4040 2027 4113 Pa·
2075 4113 2077 4118 .

662 4163 838 4236 triarcham
865 4183 943 4235 esse
965 4165 1131 4253 jusserat,
1158 4161 1329 4254 suscipere
1355 4165 1551 4246 renuerunt,
1585 4160 1659 4251 quia
1686 4155 1720 4226 id
1745 4155 1925 4229 secundum
1952 4155 2027 4229 Ga-

662 4302 770 4354 noues
796 4301 864 4353 uon
890 4276 1030 4364 licebat,
1064 4299 1128 4372 qua
1164 4276 1206 4347 de
1238 4297 1276 4346 re
1312 4274 1433 4346 dictum
1466 4283 1519 4346 est
1552 4274 1586 4342 in
1615 4272 1761 4344 Historia
1787 4271 2026 4346 Alexandrina.

661 4397 902 4493 Depositiones
944 4391 1074 4489 quidem
1113 4390 1377 4464 Patriarcharum
1427 4392 1460 4461 in
1498 4387 1662 4460 Ecclesiis
1703 4387 1924 4462 Orientalibus
1938 4427 1940 4434 v
1956 4392 2026 4481 jam

661 4511 949 4608 frequentissimae
976 4520 1061 4596 sunt,
1088 4531 1134 4580 ex
1162 4532 1226 4604 quo
1259 4509 1399 4599 insignis
1433 4514 1467 4577 et
1492 4503 1637 4577 Arabica
1665 4508 1817 4600 superior
1844 4505 2027 4577 Tuscorum

662 4628 868 4701 dominorum
895 4630 1033 4698 avaritia
1061 4628 1275 4698 occasionem
1302 4621 1498 4720 quotidianis
1529 4643 1635 4716 prope
1661 4623 1861 4707 Antistium,
1888 4623 2027 4715 praeci-

661 4768 726 4842 pue
754 4744 960 4818 Graecorum
987 4743 1220 4816 mutationibus
1247 4738 1344 4812 dedit.
1399 4737 1482 4812 cum
1509 4741 1597 4810 enim
1621 4759 1721 4810 nemo
1749 4737 1925 4830 dignitates
1952 4734 2026 4808 illas

662 4864 727 4932 nisi
753 4883 815 4957 per
841 4859 1051 4952 largitionem
1071 4860 1284 4956 adipiscatur,
1311 4858 1366 4950 qui
1383 4855 1456 4952 plus
1476 4856 1638 4951 pecuniae
1664 4854 1746 4926 fisco
1773 4851 1897 4924 inferre
1923 4850 2027 4947 polli-

661 4988 773 5070 cetur,
804 4979 834 5049 is
867 4999 933 5049 uon
970 4976 1069 5052 modo
1108 4971 1379 5072 competitoribus
1416 4970 1578 5068 praeferri
1611 4969 1696 5064 apud
1730 4989 1790 5042 cos
1825 4966 1925 5058 solet,
1965 4965 2027 5040 sed
