4670 6046
571 591 624 668 ru
645 589 850 668 unauna
864 587 1055 668 coruram
1070 591 1101 668 s.
1121 589 1265 668 saur.
1524 561 1601 664 aaa

240 795 325 839 menn
346 794 436 855 super
457 777 540 840 illud.
586 772 715 855 Oraque
736 775 833 851 dicet,
855 782 885 838 el
907 775 1032 858 sanguis
1060 776 1229 858 pretiosus;
1260 775 1340 838 tollet
1368 775 1492 856 dipitum
1514 793 1601 837 sunm

240 875 278 937 de
298 894 390 954 super
408 894 548 954 corpore,
571 875 765 955 ectmdetpue
787 893 854 936 eum
874 875 917 936 ad
938 875 1078 952 calicem,
1102 883 1132 936 et
1151 875 1281 936 iudicem
1302 893 1387 937 suum
1409 876 1441 936 in
1465 877 1601 953 pretioso

240 975 385 1054 sanpuine
404 974 545 1054 intinpet,
575 973 620 1035 ita
647 981 745 1034 lamm
773 980 807 1035 ut
834 992 961 1053 unpaem
989 993 1049 1035 non
1075 975 1241 1054 immerpat.
1286 973 1359 1036 bion
1386 971 1441 1033 ubi
1472 973 1602 1034 iudicem

240 1075 385 1153 imperite
413 1073 584 1147 intinxerit,
617 1073 722 1134 educet
754 1092 820 1134 eam
853 1093 893 1133 es
921 1073 1085 1152 sanquine:
1115 1081 1145 1134 et
1172 1073 1276 1134 eodem
1306 1070 1399 1150 dipito
1427 1072 1602 1151 sanquinem

240 1171 372 1252 siprabit
391 1173 422 1232 in
444 1172 562 1233 modum
584 1173 705 1244 crucis;
735 1155 899 1252 edoccrqni
918 1189 1037 1234 manum
1059 1192 1100 1234 ec
1122 1171 1220 1232 calice
1247 1171 1335 1250 prim
1363 1177 1535 1246 extensam,
1564 1191 1603 1234 ne

240 1271 312 1350 puid
332 1289 373 1331 es
394 1287 433 1330 ea
455 1270 593 1344 decidat,
621 1288 681 1350 qna
703 1271 734 1331 in
755 1290 789 1331 re
810 1270 995 1350 dilipentiam
1025 1270 1198 1342 adbibebit;
1229 1267 1417 1349 sipnabitqae
1445 1273 1602 1350 sarrpuine,

240 1385 325 1446 pacm
346 1368 379 1428 in
399 1368 493 1449 dipito
514 1370 613 1444 babet,
637 1387 749 1450 corpas
769 1375 905 1430 sanctum
927 1368 1031 1442 semel,
1053 1387 1146 1448 snpra
1167 1385 1236 1429 eam
1254 1375 1372 1446 partem
1393 1385 1483 1447 paam
1502 1370 1602 1448 primo

240 1467 387 1546 siprraeit:
409 1475 439 1529 et
459 1467 591 1548 sipnabit
609 1469 717 1530 iterum
739 1484 881 1530 aomsom
898 1475 1017 1546 partem
1040 1469 1191 1546 corporis,
1214 1465 1254 1527 ab
1275 1467 1339 1526 ima
1358 1471 1466 1544 parte:
1494 1468 1548 1543 ita
1570 1475 1604 1530 al

241 1570 303 1626 tres
323 1565 443 1626 ornnirro
466 1567 707 1648 consipnationes
724 1567 810 1646 liant,
832 1585 873 1626 ea
895 1585 947 1642 eo,
970 1573 1000 1629 et
1020 1567 1063 1628 ad
1084 1567 1167 1640 ibuit,
1189 1569 1320 1644 (nempe
1349 1583 1388 1625 ex
1417 1581 1547 1646 corpore
1571 1573 1603 1629 et

241 1663 397 1744 sanguina,
421 1671 541 1726 mutuae
569 1664 796 1728 benedictiones
822 1663 922 1742 liant)
952 1671 981 1726 el
1008 1684 1085 1746 quae
1112 1665 1316 1744 compleantur
1345 1683 1386 1724 ec
1412 1681 1470 1743 quo
1498 1666 1605 1744 incipit

241 1761 353 1838 dicere,
375 1779 486 1845 corpus
509 1772 659 1841 sanctum,
686 1765 782 1826 donec
803 1765 902 1839 dicat,
924 1763 987 1826 Pax
1009 1763 1154 1826 omnibus.
1198 1763 1273 1824 lade
1299 1763 1422 1842 incipiet
1448 1762 1603 1826 Sacerdos

239 1863 445 1923 recitationem
467 1860 623 1926 Orationis
635 1863 813 1938 Fractionis,
836 1862 1004 1944 dividesque
1026 1881 1137 1942 corpus
1149 1865 1181 1924 in
1196 1870 1257 1923 tres
1268 1868 1383 1940 partes,
1405 1862 1483 1924 sicul
1500 1864 1603 1942 primo

237 1961 357 2040 [ecerat
379 1961 422 2022 ad
442 1980 481 2022 ea
502 1961 597 2024 ambo
619 1959 720 2043 tregit.
766 1961 894 2025 Tertiam
913 1969 1032 2041 partem
1059 1962 1197 2041 accipiet,
1220 1979 1310 2041 paam
1332 1959 1491 2022 collocabit
1511 1979 1602 2040 super

240 2065 303 2121 tres
326 2059 407 2120 alias
428 2059 460 2120 in
480 2061 600 2124 modam
622 2063 738 2122 mucis:
767 2068 797 2122 et
825 2063 956 2140 accipiet
982 2061 1195 2140 memoriam,
1224 2079 1278 2122 sea
1301 2059 1485 2139 particulam
1511 2077 1603 2120 anam

240 2177 280 2221 ec
301 2158 510 2239 asperioribus
530 2160 640 2236 tribus,
669 2179 790 2240 eamque
813 2167 906 2239 ponet
932 2161 964 2221 in
991 2160 1085 2221 latere
1113 2158 1193 2220 disci
1220 2157 1388 2221 Orientali:
1422 2165 1482 2220 blm
1508 2158 1603 2228 aliam

238 2259 413 2338 inferiorem
440 2279 481 2320 ec
509 2259 569 2320 iltis
600 2267 772 2340 acceptam,
803 2259 965 2322 collocabit
991 2279 1032 2320 es
1060 2259 1192 2319 adoerm
1221 2257 1264 2319 ad
1292 2257 1494 2319 occidentem:
1523 2256 1603 2317 duas

239 2377 354 2439 quoqne
377 2360 457 2420 alias
478 2377 499 2419 a
520 2359 631 2420 dextra
653 2366 684 2420 et
706 2377 726 2420 a
748 2361 872 2422 sinistra
893 2359 1032 2438 disperiet
1046 2359 1100 2432 ito,
1122 2363 1156 2418 ut
1168 2355 1448 2436 omnesporticulae
1469 2351 1604 2434 efficiant

236 2457 365 2536 Mmam
388 2457 506 2518 crucis:
535 2476 576 2518 ea
597 2457 805 2536 asperioribus
834 2462 933 2518 autern
958 2455 1120 2535 partiendis
1155 2457 1285 2534 accipiet
1312 2473 1378 2515 eam
1408 2455 1441 2514 in
1469 2471 1529 2532 qua
1557 2459 1604 2514 est

238 2555 409 2630 lsbodicon,
431 2555 488 2618 hoc
511 2562 557 2618 est
580 2556 705 2618 mediam
727 2557 886 2636 majorem,
915 2573 1004 2636 paam
1031 2557 1063 2615 in
1084 2555 1183 2616 medio
1205 2555 1293 2616 disco
1317 2551 1484 2615 calceabit.
1531 2551 1601 2614 Tam

239 2656 363 2734 incipiet
382 2654 716 2732 Fraclionemtertiae,
739 2673 828 2736 mmm
849 2674 940 2716 marra
962 2653 1071 2716 tenebit
1074 2675 1089 2726 ;
1120 2671 1180 2733 pua
1199 2653 1303 2732 finita,
1332 2653 1462 2730 complet
1482 2651 1602 2713 tertiam

234 2755 335 2833 primo
357 2754 534 2816 camenam
555 2762 585 2815 et
605 2773 672 2815 eam
691 2754 831 2833 [ronpeh
851 2753 937 2832 finita
955 2753 1105 2832 fractimre
1127 2754 1191 2832 mres
1212 2754 1342 2832 accepiet
1362 2751 1490 2826 tertiam,
1512 2768 1602 2831 msam

238 2853 271 2914 in
300 2853 398 2914 medio
423 2860 590 2931 posumat,
620 2852 864 2933 cortseroabitpue
893 2873 933 2913 ea
955 2871 993 2913 ea
1014 2851 1175 2914 lsbodicon
1201 2869 1353 2926 seormm,
1381 2867 1422 2912 en
1450 2850 1605 2930 asperiori

237 2951 333 3031 socie,
357 2951 531 3032 cavebitque
552 2951 710 3033 dilipenter
728 2971 766 3013 ne
787 2952 859 3032 qnid
877 2952 1021 3030 paduam,
1044 2959 1098 3013 aut
1115 2951 1234 3030 [rietur.
1281 2949 1350 3012 lien
1370 2955 1461 3029 ponet
1481 2967 1548 3010 earn
1569 2950 1602 3010 in

240 3051 307 3113 loco
328 3068 403 3124 suo;
426 3052 545 3112 tertiam
566 3051 597 3111 in
618 3050 717 3112 medio
738 3051 851 3113 locabit
871 3052 903 3112 in
924 3051 990 3113 loco
1011 3069 1077 3124 mro,
1100 3057 1130 3112 et
1148 3051 1190 3111 ad
1202 3050 1399 3130 eamcollipet
1419 3067 1504 3110 omne
1526 3047 1601 3108 cor-'

235 3167 296 3228 pus
316 3156 453 3211 sanctum
474 3149 554 3230 quod
572 3147 673 3229 irrepit.
719 3147 808 3224 Quod
828 3151 858 3210 si
871 3149 1026 3211 Sacerdos
1044 3149 1140 3228 [uerit
1159 3151 1269 3210 mtuam
1287 3151 1415 3228 peritus,
1436 3145 1602 3226 babeotpue

238 3249 396 3311 multonem
419 3266 564 3310 amionem
586 3249 812 3327 experientiam,
830 3251 922 3328 irrata
941 3250 1162 3328 praescriptam
1176 3248 1255 3310 banc
1274 3247 1408 3326 formam
1422 3245 1602 3308 oblationem

238 3364 325 3408 mam
346 3352 428 3408 recle
449 3347 572 3424 diridet,
594 3349 690 3410 donec
711 3355 774 3411 toto
793 3347 897 3426 fracta
919 3343 1091 3408 mutamus
1108 3355 1217 3426 partes
1229 3347 1343 3426 intepre
1361 3345 1474 3423 faerit:
1496 3345 1601 3405 eleoa-

238 3442 337 3525 bitqne
359 3463 427 3506 earn
447 3446 585 3508 manibus
606 3449 680 3522 sais,
701 3449 746 3509 ita
764 3446 899 3526 perfecte
911 3446 1040 3507 diuisam
1062 3453 1093 3506 et
1112 3447 1268 3526 intepranr,
1292 3444 1350 3506 boc
1365 3451 1422 3522 est,
1446 3442 1601 3524 particulis

239 3541 280 3603 ita
303 3541 467 3620 collocatis,
489 3552 522 3607 ut
543 3547 661 3629 integra
684 3552 837 3627 appareat.
877 3543 927 3606 Ea
948 3565 1014 3606 cum
1032 3544 1196 3624 perfecerit
1205 3543 1368 3618 Sacerdos,
1390 3561 1498 3604 manas
1519 3543 1601 3604 intra

240 3641 356 3704 discam
378 3643 547 3720 continebit,
569 3646 701 3726 nequid
721 3651 840 3724 tanpat,
862 3663 900 3704 rre
921 3643 993 3724 qaid
1010 3643 1090 3722 [orte
1111 3645 1187 3723 ipsis
1208 3643 1389 3718 adbaerent,
1418 3661 1456 3702 ne
1477 3641 1600 3702 minima

240 3741 358 3820 pridem
379 3745 549 3822 nrarporita
571 3763 625 3805 sea
644 3743 807 3823 particula.
850 3741 914 3804 Huc
935 3761 1032 3824 usque
1049 3742 1180 3821 Gabriel,
1204 3761 1291 3822 quem
1314 3749 1480 3824 sequuntur
1502 3740 1600 3804 butor

241 3840 392 3903 scientiae
414 3840 647 3904 Ecclesiasticus
669 3849 700 3904 et
721 3842 780 3906 alii.
820 3841 949 3904 Minutas
972 3841 1036 3904 illas
1059 3842 1265 3905 caeremonias
1288 3860 1348 3904 non
1370 3842 1410 3903 ita
1431 3838 1516 3903 facile
1540 3859 1601 3902 ex-

239 3939 352 4020 plicare
375 3937 461 4002 licet:
484 3959 583 4021 neque
606 3959 679 4004 sane
702 3943 802 4025 magni
824 3941 927 4016 refert,
952 3959 1018 4003 carn
1033 3942 1215 4004 sufficienter
1237 3961 1277 4004 ex
1299 3941 1403 4004 relatis
1426 3940 1528 4003 verbis
1549 3941 1601 4002 in-

240 4035 402 4120 telligatur,
425 4057 512 4120 quam
535 4048 676 4102 accurate
698 4059 732 4104 se
754 4039 883 4103 habeant
904 4038 1050 4123 Aegyptii
1079 4041 1109 4103 in
1136 4040 1284 4104 tructione
1305 4039 1439 4118 bestiae,
1470 4039 1546 4103 adeo
1569 4047 1601 4103 ut

238 4135 306 4216 ipsi,
331 4136 437 4217 quibus
459 4139 556 4222 ignari
580 4139 698 4220 quidam
720 4140 859 4202 Viatores
883 4139 1060 4220 objecerunt
1089 4157 1232 4202 summam
1260 4141 1289 4201 in
1313 4137 1512 4201 Sacrumeutis
1535 4146 1601 4200 tra-

238 4237 354 4300 ctandis
376 4239 621 4318 irreverentiam,
644 4238 732 4302 talem
755 4257 857 4302 curam
879 4237 1055 4317 adhibeant,
1079 4257 1137 4320 qua
1159 4239 1255 4321 major
1277 4257 1347 4302 esse
1369 4238 1428 4300 ulla
1458 4244 1602 4318 irequeat:

237 4335 298 4397 Res
322 4337 387 4416 ipsa
410 4355 466 4417 per
487 4355 522 4400 se
543 4341 615 4402 sutis
638 4339 779 4420 loquitur,
801 4356 901 4419 neque
924 4338 1012 4416 enim,
1034 4345 1067 4400 ul
1090 4357 1129 4401 ex
1150 4339 1224 4420 ipsis
1240 4339 1470 4400 Protestantium
1492 4335 1601 4418 dispu-

237 4435 398 4498 tationibus
420 4436 607 4520 intelligitur,
630 4439 734 4502 similis
757 4437 910 4520 diligentia
924 4437 1058 4500 adbiberi
1081 4445 1191 4519 potest,
1214 4437 1264 4500 ubi
1279 4454 1337 4499 non
1352 4436 1484 4502 estbdes
1507 4457 1599 4502 verae

238 4533 501 4616 substantialisque
524 4535 739 4600 elementorum
762 4538 1025 4602 transmutationis,
1048 4537 1094 4599 De
1117 4554 1153 4599 eu
1176 4555 1296 4619 quoque
1319 4537 1348 4597 in
1371 4535 1429 4598 hoc
1451 4537 1518 4621 ipso
1540 4538 1600 4599 ritu

238 4635 374 4697 occurrit
395 4637 556 4716 perspicua
578 4637 747 4715 confessio,
770 4635 838 4698 dum
861 4636 1010 4701 Sacerdos
1041 4637 1219 4716 pronunciat
1245 4635 1321 4698 haee
1349 4633 1461 4715 verba,
1490 4654 1601 4716 corpas

237 4741 374 4796 sanctum
395 4742 426 4795 ct
445 4739 570 4817 sanquis
594 4739 754 4817 pretiosas.
804 4737 879 4799 Nam
909 4755 986 4818 quse
1015 4735 1153 4798 dicuntur
1180 4753 1218 4798 eo
1247 4735 1315 4817 ipso
1343 4745 1508 4812 momento,
1537 4753 1597 4816 quo

236 4833 324 4913 panis
348 4842 542 4898 consecratus
566 4844 685 4900 tenetur
714 4837 864 4916 manibus,
893 4842 924 4898 et
952 4837 981 4898 in
1011 4835 1134 4898 calicem
1161 4834 1271 4918 digitus
1300 4835 1481 4914 immittitur,
1512 4842 1597 4898 certo

240 4934 352 4996 certius
375 4933 545 5016 significant
567 4935 654 4998 iidem
675 4935 869 4999 indubitatam
892 4935 930 4998 de
953 4942 1081 5015 utroque
1101 4935 1162 5016 jum
1184 4932 1328 4997 translato
1350 4937 1379 4997 in
1403 4951 1532 5017 eorpus,
1568 4942 1599 4997 et

238 5035 415 5115 sanguinem
438 5032 547 5098 Christi
569 5033 696 5098 Donini.
741 5033 829 5106 Quod
852 5041 950 5096 autem
980 5040 1098 5116 spectat
1120 5033 1285 5098 Fmelionis
1308 5034 1427 5097 modurn
1455 5033 1544 5097 iacsse
1571 5033 1598 5096 is
