4736 6064
726 405 1257 484 ALEXANDRINO.
1596 405 1673 480 439

308 593 406 664 eliam
431 593 495 663 nisi
522 591 638 664 eadem
666 603 721 665 aut
746 595 852 686 major
887 617 907 665 a
931 595 1001 685 Jam
1033 595 1215 667 constitutis
1242 592 1442 668 Patriarcbis
1469 605 1672 685 numeretur,

308 707 492 800 dejiciens
518 709 724 781 consuetudo
751 720 812 783 cst.
865 709 980 803 Itaque
1012 707 1090 780 nihil
1116 708 1340 804 frequentina,
1368 733 1464 806 quam
1492 710 1577 785 tales
1605 713 1672 784 de-

307 826 502 920 positiones,
529 843 615 918 qnae
641 825 874 921 utplurimum
900 846 1023 916 magno
1050 823 1280 899 Ecclesiarum
1316 825 1511 900 detrimento
1545 831 1578 898 in
1599 850 1672 900 eos

308 941 441 1029 cadunt,
468 943 523 1034 qui
549 941 696 1014 moribus
723 950 757 1012 et
783 941 934 1014 doctrina
958 939 1106 1035 reliquos
1133 941 1341 1014 antecellunt.
1395 941 1577 1040 Coptitae,
1595 947 1672 1040 quia

309 1054 447 1128 Graecis
473 1060 703 1151 pauperiores,
730 1059 837 1128 murus
863 1056 938 1128 buic
958 1055 1135 1128 calamitati
1161 1057 1346 1149 subjacent,
1373 1079 1448 1130 eam
1465 1069 1575 1131 tanmn
1602 1060 1671 1131 ali·-

308 1171 439 1266 quando
469 1193 537 1243 non
563 1171 730 1266 effugiunt.
782 1173 900 1267 Neque
927 1174 1012 1244 enim
1049 1171 1137 1267 apud
1167 1173 1296 1244 'lurcos
1322 1173 1530 1268 praefectos,
1556 1175 1672 1248 valent

307 1289 416 1376 magis
443 1291 649 1383 antiquorum
675 1287 854 1361 Calilarum
882 1296 937 1360 aut
971 1287 1182 1361 suanorum
1215 1288 1422 1383 Diplomata,
1454 1313 1539 1386 quac
1567 1289 1674 1364 Chri·-

308 1403 420 1474 suanis
446 1402 541 1496 leges
570 1427 648 1478 suas
674 1403 930 1478 Ecclesiasticus
957 1403 1205 1494 confirmabant,
1233 1405 1318 1477 adeo
1346 1409 1462 1500 utqui
1489 1407 1669 1479 secundum

308 1539 367 1588 eas
393 1519 492 1591 electi
518 1519 560 1592 ad
587 1544 774 1616 supremam
810 1521 1000 1614 dignitatem
1035 1519 1163 1608 forent,
1189 1530 1262 1592 rata
1289 1529 1381 1593 esset
1410 1543 1531 1594 eorum
1553 1505 1671 1595 electio

307 1642 341 1706 et
368 1634 511 1708 stabilita
538 1641 713 1711 autoritas:
754 1661 851 1733 quam
877 1640 970 1732 ipsae
997 1634 1073 1707 illae
1100 1635 1194 1729 leges
1220 1634 1499 1728 Ecclesiasticae,
1535 1661 1672 1733 quarum

306 1747 502 1824 beneficium
529 1751 704 1826 Christiani
738 1775 806 1826 non
841 1757 948 1824 minus
984 1751 1132 1824 Arabum
1166 1752 1360 1849 tyrannide,
1395 1776 1493 1848 quam
1525 1757 1671 1849 propriis

308 1870 377 1940 suis
403 1872 550 1962 peccatis
578 1873 766 1942 amiserunt.

412 1979 527 2055 CLXI.
572 1985 625 2057 De
651 1985 809 2058 reditibus
835 1983 1081 2058 Ecclesiasticis
1109 1987 1162 2079 qul
1189 1983 1232 2056 ad
1257 1982 1482 2056 Patriarcham
1509 1993 1677 2080 spectant,-

308 2098 433 2175 dicere¹
447 2099 558 2172 inutile
585 2112 652 2174 est:
687 2123 785 2174 omne
820 2104 906 2173 enim
933 2103 1099 2194 antiquum
1125 2099 1301 2174 Ecclesiae
1327 2098 1577 2172 Alexandrinae
1603 2123 1670 2196 pa-

307 2215 511 2304 trimonium,
544 2227 580 2288 ut
611 2227 645 2289 et
679 2216 804 2312 reliqua
835 2217 1060 2290 Ecclesiamm
1097 2214 1186 2289 bona
1213 2215 1444 2288 Muhamedani
1472 2215 1671 2289 devorave-

306 2340 391 2403 runt.
445 2332 612 2418 Quasdam
649 2333 782 2421 domae,
817 2333 931 2405 hortos
967 2345 1001 2406 et
1032 2331 1151 2404 firndos
1184 2334 1238 2427 qui
1272 2332 1313 2404 ad
1345 2331 1535 2405 Ecclesiam
1567 2335 1673 2404 sancti

305 2447 413 2520 lilarci
438 2448 642 2547 spectabant,
670 2445 764 2520 Chail
789 2449 864 2520 ΠΜ.
892 2452 947 2543 qui
972 2452 1058 2520 inter
1073 2447 1281 2520 Patriarchas
1299 2449 1420 2522 LVI¹¹⁸.
1446 2448 1518 2538 luit,
1544 2459 1579 2520 ut
1605 2472 1672 2520 au-

305 2587 440 2640 reomm
459 2569 578 2659 viginti
598 2565 698 2637 millia
715 2572 985 2662 repraesentaret
1009 2565 1104 2655 fisco,
1130 2564 1296 2636 distraxit:
1323 2565 1410 2636 unde
1437 2585 1578 2637 annuam
1605 2587 1672 2637 au-

305 2704 439 2756 reomm
466 2681 554 2753 mille
580 2683 773 2776 pensionem
800 2680 1037 2754 Alexandrinis
1070 2701 1108 2752 se
1142 2689 1175 2752 et
1208 2702 1425 2756 successores
1462 2703 1541 2754 suos
1573 2681 1672 2754 solu-

305 2809 399 2871 turos
425 2800 595 2895 promisit,
632 2819 718 2892 quae
750 2807 870 2893 postea
905 2799 946 2870 ad
972 2797 1114 2870 mediam
1141 2807 1270 2892 partem
1295 2796 1431 2869 redacta
1458 2809 1520 2870 est.
1573 2796 1622 2868 lta
1652 2819 1673 2867 a

305 2915 415 2987 multis
442 2912 586 2989 saeculis
613 2912 688 2984 nihil
715 2912 836 2986 habent
862 2911 1073 2985 Patriarchae
1100 2921 1234 3008 praeter
1261 2911 1446 2985 oblationes
1474 2923 1508 2984 et
1534 2933 1671 2984 censum
1788 2991 1791 2996 ⁸

304 3029 394 3102 illum
416 3052 511 3126 quem
535 3027 767 3104 aCbristianis
793 3030 856 3102 sibi
882 3029 1040 3120 subjectis
1059 3031 1259 3125 percipirmt:
1287 3039 1321 3100 et
1346 3032 1375 3101 si
1402 3051 1487 3124 quae
1513 3032 1672 3101 necessi-

304 3154 355 3218 tas
369 3149 511 3239 ingruat,
525 3144 568 3217 ad
580 3147 752 3218 simoniam
766 3145 980 3219 decessorum
994 3167 1129 3217 suorum
1147 3145 1302 3239 exemplo
1323 3144 1526 3238 confugiunt.
1560 3145 1672 3217 Joun-

303 3283 365 3334 nes
387 3259 529 3333 llIichael
553 3259 782 3350 Wanslebius,
810 3264 863 3356 qui
893 3269 969 3333 ante
994 3281 1098 3333 annos
1121 3260 1245 3355 aliquot
1276 3261 1318 3332 de
1341 3259 1546 3357 Coptitarum
1570 3260 1672 3334 rebus

305 3375 570 3451 Commentarios
593 3377 747 3450 diversos
779 3377 888 3466 edidit,
909 3381 942 3448 in
965 3399 1007 3448 eo
1035 3378 1088 3472 qui
1111 3387 1163 3448 est
1193 3376 1236 3448 de
1261 3387 1349 3450 statu
1371 3377 1530 3448 hodierno
1560 3399 1672 3447 rerum

306 3495 456 3591 Aegypti
474 3517 519 3567 ex
535 3493 718 3588 aliquorum
733 3493 907 3583 relatione,
928 3492 1042 3565 scribit
1058 3492 1284 3567 Patriarcham
1299 3495 1474 3591 percipere
1490 3517 1536 3565 ex
1555 3495 1671 3566 annuis

311 3609 471 3684 fructibus
495 3612 612 3702 viginti
636 3611 768 3691 circiter
789 3610 984 3682 Talcrorum
1006 3610 1116 3699 millia,
1141 3610 1230 3706 quod
1252 3621 1363 3682 tamen
1385 3607 1578 3682 incredibile
1608 3607 1671 3682 sibi

304 3726 411 3798 viden'
441 3747 508 3797 non
537 3724 736 3816 dissimulat,
762 3749 826 3798 nec
852 3727 1031 3798 immerito:
1063 3730 1285 3822 nequeenim
1316 3749 1389 3798 cum
1417 3722 1671 3797 florentissimae
1705 3760 1712 3779 ·

305 3839 436 3912 luemnt
461 3840 686 3914 Jacobitarum
712 3863 785 3929 res,
813 3864 854 3913 ea
879 3841 1034 3914 videntur
1060 3842 1226 3938 opulentia
1253 3841 1368 3932 luisse,
1395 3853 1430 3914 ut
1457 3863 1570 3913 eorum
1598 3839 1670 3912 Pa-

305 3957 449 4029 triarcha
475 3968 598 4029 tantam
625 3959 725 4029 etiam
751 3955 847 4030 malis
874 3957 998 4031 artibus
1025 3963 1199 4056 pecuniam
1227 3959 1409 4052 colligeret.

407 4072 570 4166 Adjungit
602 4082 699 4146 autor
725 4073 824 4165 idem,
851 4074 1073 4148 Patriarcham
1102 4073 1244 4149 Cahirae
1268 4079 1337 4169 jam
1364 4074 1483 4147 dudum
1510 4073 1670 4161 habitare,

306 4211 380 4261 oum
406 4189 635 4263 Alexandriae
663 4190 819 4287 Coptitao
850 4195 1040 4287 paucissimi
1067 4195 1252 4289 supersint,
1280 4214 1461 4287 eorumque
1486 4188 1669 4262 habitatio-

305 4327 367 4377 nes
393 4305 498 4378 lerme
526 4306 713 4379 destructae
739 4311 812 4381 sint
865 4308 1007 4381 Domum
1040 4313 1112 4402 ejus
1145 4309 1287 4382 Cahirae
1312 4331 1391 4381 esse
1416 4311 1449 4379 iu
1475 4309 1553 4379 vico
1581 4304 1669 4376 dicto

305 4419 411 4495 Haret
435 4422 577 4511 Zouilet,
604 4425 697 4514 cujus
722 4423 881 4518 freprens
909 4424 994 4520 apud
1022 4435 1155 4497 autores
1183 4429 1341 4498 memoria
1369 4435 1436 4514 est,
1463 4445 1569 4520 prope
1593 4419 1668 4491 Ec-

306 4537 442 4611 clesiam
469 4539 506 4609 Β.
533 4538 661 4610 Mariae
692 4543 824 4610 nomine
857 4539 1010 4612 dicatam:
1048 4552 1104 4613 aut
1138 4542 1263 4615 lllisrae
1296 4565 1382 4637 quae
1414 4551 1512 4616 vetus
1547 4536 1670 4611 Cabiro

307 4664 359 4725 est
385 4653 532 4745 degere,
572 4657 605 4725 in
636 4656 716 4727 vico
751 4658 806 4750 qui
838 4655 911 4727 hinc
944 4656 1129 4752 appellatur·
1162 4658 1502 4746 naret-et-Baaot,
1528 4657 1592 4728 hoc
1619 4664 1670 4725 est

305 4773 401 4842 vicus
437 4768 685 4843 Patriarchalis:
720 4770 777 4842 ubi
812 4781 864 4843 est
894 4769 1047 4844 Ecclesia
1063 4757 1068 4766 ’
1083 4777 1187 4845 sancti
1221 4775 1395 4848 Mercurii:
1431 4770 1605 4869 aliquando
1637 4771 1678 4841 in'

305 4883 508 4959 blonasterio
535 4885 576 4958 D.
605 4887 744 4978 Georgii
769 4889 803 4957 in
829 4884 955 4960 Illisrae
987 4886 1165 4979 suburbio,
1201 4903 1257 4964 aut
1288 4891 1391 4964 Gizae
1431 4891 1516 4966 ultra
1549 4887 1671 4963 Nilum.
