4760 6038
615 603 665 678 DE
680 601 922 680 COPTlTARUll
938 600 1285 678 ALEXANDRINORUll
1297 599 1491 676 tumens.
1672 591 1752 666 XCI

377 787 529 858 sostomi:
555 789 725 883 utriusque
761 781 967 882 amplissima
989 785 1148 880 dignitas:
1175 790 1282 879 maior
1317 797 1427 859 tamen
1461 787 1595 858 omnino
1621 783 1751 856 Eccle-

367 904 499 972 'siarum
536 925 622 996 qnae
657 900 1007 977 talibus‘orationihns
1042 902 1230 994 utebantur,
1265 902 1307 975 ad
1335 925 1394 974 eas
1421 901 1543 997 ubique
1570 921 1750 972 commen-

378 1015 503 1088 dandas
531 1021 711 1109 autoritas,
747 1029 782 1090 ut
809 1016 1137 1112 Hierosolymitanae
1165 1041 1251 1129 qupe
1284 1016 1465 1106 Jacobum,
1497 1015 1751 1088 Alexandrinae

378 1155 461 1227 quae
487 1131 640 1205 lllarcum
668 1137 795 1231 primos
810 1133 999 1228 Episcopus
1025 1131 1218 1205 habuerant.
1263 1133 1405 1228 Absque
1429 1132 1496 1204 ulla
1523 1134 1622 1224 igitur
1647 1129 1750 1202 falsi-

377 1251 449 1318 tatis
477 1256 535 1319 aut
561 1247 771 1343 corruptelae
797 1258 889 1338 nota,
921 1258 1099 1343 potuerunt
1123 1247 1345 1320 Alexandrini
1377 1247 1546 1344 Episcopi,
1573 1254 1750 1342 postquam

366 1361 547 1454 liturgiae
575 1365 677 1436 scribi
704 1373 905 1458 coeperunt,
932 1386 1140 1435 communem
1166 1363 1363 1454 formulam,
1390 1373 1426 1434 nt
1452 1374 1504 1436 cst
1531 1363 1663 1434 Graeca
1690 1359 1745 1431 illa

373 1486 505 1570 reperta
532 1479 566 1548 iu
592 1477 719 1550 Codice
745 1480 781 1550 S.
807 1478 937 1550 Mariae
972 1475 1207 1578 Ὁδηγητριάς
1241 1478 1327 1574 apud
1360 1477 1547 1568 Calabros,
1575 1499 1661 1572 quae
1687 1497 1750 1546 usu

373 1587 549 1663 Ecclesiae
576 1615 659 1666 suae
685 1593 814 1666 firmata
841 1601 926 1682 erat,
953 1592 1060 1665 Marci
1086 1595 1270 1688 liturgiam
1297 1595 1478 1690 appellare.

476 1707 586 1779 HV.
627 1707 717 1781 Illius
744 1711 850 1805 prima
877 1729 969 1804 pars,
996 1719 1031 1780 ut
1056 1733 1139 1782 mox
1166 1712 1370 1801 dicebamus,
1398 1731 1572 1781 commune
1600 1706 1750 1780 Officium
1788 1729 2074 1801 nrarcrnuurgneptr-

376 1843 480 1914 usque
507 1821 550 1892 ad
576 1825 725 1897 osculum
759 1827 853 1920 pacis
889 1834 923 1896 ct
954 1824 1201 1898 Praelationem
1237 1829 1403 1918 continet,
1437 1825 1478 1896 ab
1513 1823 1569 1896 illo
1603 1824 1691 1918 quod
1718 1827 1750 1896 in
1765 1823 1803 1866 ⁸⁰⁵
1818 1815 1900 1880 ‘¹⁰³⁶’
1916 1821 1997 1916 lflffll
2009 1835 2075 1888 ‘1⁰⁸⁰

375 1936 487 2007 Basilii
519 1936 659 2032 Coptica
692 1937 945 2036 praescribitur,
982 1960 1050 2010 non
1081 1941 1216 2013 multum
1248 1941 1416 2014 dissimile.
1471 1939 1567 2024 Quae
1603 1944 1691 2012 enim
1717 1943 1750 2010 in
1763 1901 2076 1970 ³⁰¹¹“⁸¹⁰⁰ffi⁰¹⁰¹'¹⁰⁰¹¹'

313 2139 318 2149 .
377 2049 507 2123 Graeco
536 2053 722 2148 exemplari
755 2054 897 2126 lacunae
931 2053 1107 2147 videntur,
1134 2053 1327 2129 etidcirco
1363 2059 1535 2130 asteriscis
1573 2055 1749 2150 aliquando

377 2164 417 2237 ab
445 2167 573 2239 editore
593 2169 754 2242 distincta
781 2179 867 2258 sunt,
900 2168 979 2240 nihil
1015 2170 1103 2243 aliud
1130 2174 1329 2265 significant,
1365 2195 1463 2268 quam
1498 2174 1667 2246 orationes
1696 2181 1752 2242 aut

375 2281 534 2357 lormulas
560 2288 765 2378 notissimas,
793 2307 876 2381 quas
909 2289 998 2358 scire
1030 2287 1191 2360 deberent
1225 2311 1341 2362 omnes
1374 2289 1585 2378 memoriter,
1617 2297 1651 2358 et
1676 2286 1750 2359 illas

375 2399 498 2471 idcireo
530 2403 681 2493 integras
717 2418 888 2497 apponere
914 2423 982 2473 non
995 2401 1173 2476 videbatur
1200 2387 1448 2494 necessarium3
1476 2413 1576 2499 atque
1601 2401 1689 2473 idern
1716 2405 1750 2474 in

377 2513 545 2590 codicibus
574 2516 833 2612 quibuscumque
860 2523 994 2613 praeter
1022 2516 1188 2611 Graecos,
1214 2520 1378 2614 Syriacis,
1404 2519 1642 2615 Aegyptiacis,
1668 2518 1749 2590 Ae-

375 2629 539 2726 thiopicis,
566 2631 735 2724 Arabicis,
762 2633 952 2705 Armenicis
980 2630 1189 2706 observatur.
1215 2633 1304 2705 Nihil
1330 2637 1363 2705 in
1389 2637 1496 2731 prima
1521 2642 1618 2730 parte
1643 2632 1748 2705 vide-

374 2765 459 2836 mus,
487 2747 576 2841 quod
603 2746 646 2819 ad
671 2747 874 2821 Basilianam
896 2747 1062 2820 Graecam
1081 2753 1203 2842 magis,
1231 2772 1329 2846 quam
1349 2750 1391 2822 ad
1419 2749 1501 2822 alias
1528 2748 1613 2820 ullas
1641 2771 1748 2820 acce-

376 2860 442 2932 dat:
471 2863 532 2936 sed
560 2867 671 2936 ornnia
698 2868 900 2936 conveniunt
927 2885 1002 2933 cum
1028 2886 1070 2936 ea
1096 2865 1215 2937 Marci.

475 2977 599 3051 XXVI.
627 2978 782 3052 Secunda
808 3001 900 3075 pars,
928 2977 1055 3089 scilicet
1082 3003 1168 3075 qnae
1193 2983 1307 3077 incipit
1333 3004 1352 3053 a
1378 2983 1471 3077 pacis
1499 2978 1616 3053 osculo
1642 2998 2072 3074 usquesecunaapmorrcrun

375 3093 414 3163 ad
440 3095 614 3188 Liturgiae
640 3097 757 3186 finem,
783 3117 852 3167 non
879 3105 931 3168 est
958 3094 1097 3188 eadem,
1124 3120 1234 3192 neque
1261 3102 1436 3188 convenit,
1470 3101 1535 3170 nisi
1575 3118 1616 3167 ea
1650 3089 1894 3189 quamrwnrium
1912 3091 2035 3143 ⁶⁰¹¹l¹¹⁰i

374 3208 514 3282 dixirnus
541 3211 692 3303 generali
725 3210 959 3283 conformitate
991 3214 1111 3283 rituum
1145 3223 1179 3284 et
1205 3217 1454 3305 sententiarum,
1480 3236 1556 3284 cum
1582 3215 1688 3306 prima
1716 3220 1749 3282 et

372 3329 555 3422 praecipua
583 3325 735 3425 Coptica,
763 3349 851 3422 quae
878 3336 930 3399 est
955 3326 1080 3399 Basilii.
1108 3326 1164 3400 Ex
1191 3350 1231 3401 ea
1246 3332 1347 3422 igitur
1368 3333 1498 3402 ratione
1513 3326 1615 3419 illam,
1643 3325 1748 3422 qualis

377 3439 508 3513 Graece
535 3443 622 3515 edita
650 3453 721 3533 est,
748 3465 815 3514 non
843 3464 921 3516 esse
949 3442 1140 3532 Carenem,
1172 3455 1209 3515 ut
1233 3467 1299 3516 uno
1326 3444 1435 3518 verbo
1462 3466 1591 3518 vocare
1618 3463 1748 3538 possu-

375 3579 458 3648 mus,
487 3577 693 3630 communem
711 3560 839 3631 veteris
867 3557 1086 3630 Alexandrini
1098 3562 1181 3631 ritus
1200 3561 1423 3654 intelligimus,
1451 3560 1512 3636 sed
1532 3559 1747 3650 singularem,

377 3678 426 3745 cui
451 3675 558 3770 prirna
587 3672 690 3746 Officii
718 3695 798 3770 pars
825 3676 858 3744 in
872 3672 998 3745 Codice
1024 3677 1250 3770 manuscripto
1268 3676 1422 3767 adjuncta
1441 3675 1551 3765 luerit,
1577 3684 1613 3744 ut
1640 3673 1746 3743 disci-

375 3788 462 3884 plina
488 3787 639 3879 ferebat,
676 3789 808 3884 quando
836 3787 879 3860 ad
906 3809 1055 3884 synaxes
1090 3787 1266 3862 Christiani
1292 3791 1457 3888 Aegyptii
1492 3813 1533 3863 ea
1560 3788 1746 3861 utebantur.

375 3905 464 3977 Fieri
490 3907 589 3978 etiam
616 3903 717 3976 facile
743 3908 861 4002 potuit,
888 3913 924 3974 nt
950 3925 996 3974 ex
1013 3915 1136 3997 magno
1164 3905 1220 3976 illo
1241 3906 1469 3980 Ecclesiarmn
1484 3927 1635 3995 numero,
1663 3923 1748 3999 quae

375 4017 604 4092 Alexandrino
631 4019 845 4093 Patriarchae
872 4018 1046 4110 suberant,
1073 4021 1252 4094 nonnullae
1279 4021 1397 4096 eadem
1430 4021 1633 4116 frequentius
1667 4030 1749 4092 ute-

376 4144 498 4225 rentur,
526 4140 679 4230 quamvis
706 4139 814 4228 maj0r
840 4159 955 4208 earum
980 4158 1061 4231 pars
1087 4136 1268 4230 Basihana,
1297 4161 1382 4235 quae
1409 4142 1443 4210 in
1458 4125 1640 4212 Codicibns
1666 4137 1747 4209 Ae-

1764 1991 1834 2042 tinet.

376 4255 541 4348 gyptiacis
567 4253 674 4347 prima
701 4262 765 4342 est,
791 4255 837 4324 uti
863 4251 1001 4341 soleret,
1028 4251 1146 4326 saltem
1173 4277 1193 4326 a
1220 4265 1318 4351 capta
1345 4278 1365 4326 a
1389 4252 1641 4326 Muhamedanis
1667 4252 1747 4323 Ae-

375 4377 489 4461 gypto.
515 4370 565 4442 lta
579 4374 759 4454 enimrem
777 4393 816 4444 se
831 4371 956 4444 habere
972 4368 1175 4445 demonstrat
1194 4369 1407 4466 Aethiopum,
1421 4371 1476 4464 qni
1505 4367 1748 4463 aCoptitarum

374 4479 571 4558 Patriarchis
607 4490 717 4559 omnia
750 4508 922 4560 sacrorum
954 4489 1121 4578 instituta,
1153 4485 1249 4561 simul
1282 4509 1358 4558 cum
1393 4485 1526 4557 haeresi
1559 4481 1747 4555 Jacobitica

374 4610 586 4695 accepenmt,
613 4600 796 4698 disciplina.
850 4601 968 4674 Canon
1000 4607 1088 4674 enirn
1115 4601 1291 4675 Generalis
1317 4600 1531 4696 Aethiopum,
1564 4601 1618 4693 qui
1645 4619 1746 4668 com-

374 4735 505 4787 munem
544 4716 716 4810 Liturgiae
753 4718 896 4791 sormam
931 4722 1096 4809 continet,
1133 4718 1325 4791 Basilianae
1368 4717 1542 4807 Litnrgiae
1582 4713 1747 4808 Copticae

375 4829 538 4922 quaedam
563 4831 701 4906 liberior
727 4837 843 4907 versio
871 4845 932 4907 est.

477 4947 616 5020 XXVII.
650 4949 810 5022 Attamen
843 4947 976 5023 Graeco
1013 4948 1197 5045 exemplari
1223 4972 1297 5020 cum
1326 4947 1475 5043 Copticis
1503 4945 1647 5037 collato,
1681 4943 1748 5014 de-
1761 4929 1969 5083 ἔξᾞιὶᾙὲζέ
1978 4931 2070 5082 {21:3⁸

374 5061 606 5155 prehendimus
635 5062 800 5138 Graecam
826 5064 944 5157 Marci,
972 5076 1006 5138 et
1032 5066 1206 5161 Copticam
1236 5065 1366 5160 Cprilli,
1393 5085 1480 5158 qnae
1507 5063 1623 5134 ordine
1651 5069 1748 5132 tertre
1762 5097 1916 5166 moyam,

1455 5177 1503 5250 12
1519 5178 1542 5218 ⁴*
