4760 6038
646 548 696 625 DE
714 545 956 624 cornutium
971 543 1317 622 ALEXINDRINORUII
1330 543 1525 623 LITURGIIS.
1628 539 1774 614 LXXXI

409 737 516 824 serIc,
542 736 675 807 sivein
701 733 757 808 illa
783 743 897 830 parte,
925 756 989 828 qua
1015 735 1134 805 rituum
1152 731 1438 806 observandorum
1454 730 1562 805 forma
1576 733 1775 822 continetur,

409 861 565 946 atquem
591 850 854 924 caeremoniales
880 849 956 922 libri
982 851 1088 922 nostri
1122 847 1273 921 rubricas
1307 859 1448 940 vocant,
1478 847 1578 920 facile
1612 847 1775 921 adductus

409 978 459 1039 est
483 969 538 1038 vir
564 965 790 1057 doctissimus,
816 976 853 1038 ιιι
878 965 1068 1038 extalibus
1094 968 1181 1036 notis
1214 963 1437 1057 liturgiarum
1463 961 1670 1036 Graecarum
1701 987 1773 1038 no-

408 1085 544 1156 vitatem
571 1092 727 1156 constare
754 1084 967 1155 existimaret.
1020 1080 1094 1153 Hoc
1119 1083 1153 1151 in
1175 1079 1300 1172 judicio
1327 1078 1428 1153 valde
1460 1078 1677 1154 hallucinatus
1710 1091 1774 1172 est,

410 1208 442 1270 et
468 1209 578 1271 tamen
604 1202 787 1272 imitatores
813 1197 925 1271 babuit
952 1193 1095 1270 Criticos
1121 1218 1227 1293 prope
1255 1219 1387 1288 omncs,
1421 1200 1476 1292 qui
1502 1198 1545 1268 ad
1569 1195 1682 1269 ultima
1708 1218 1774 1268 us-

411 1337 473 1409 que
499 1325 650 1411 tempora
675 1314 761 1388 hanc
788 1316 1016 1410 quaestionem
1040 1322 1283 1402 tractaverunt3
1310 1315 1374 1385 etsi
1393 1310 1470 1384 nihil
1499 1311 1673 1385 absurdius
1693 1312 1773 1406 fingi

409 1440 548 1528 poterat
600 1430 719 1527 Neque
746 1433 833 1503 enim
858 1453 905 1502 ex
929 1432 1017 1502 notis
1042 1429 1115 1518 illis,
1135 1426 1223 1500 aliud
1248 1427 1432 1522 colligitur,
1466 1452 1564 1524 quam
1592 1449 1673 1502 usus
1697 1428 1773 1501 Ec-

411 1546 606 1638 clesiamm,
630 1549 663 1618 in
691 1545 808 1643 quibus
834 1545 1006 1638 Liturgiae
1032 1543 1076 1616 ad
1102 1544 1218 1618 altaria
1244 1545 1509 1642 usurpabantur,
1542 1567 1606 1640 quo
1642 1544 1773 1639 quidem

409 1685 471 1736 usu
501 1665 609 1755 magis
643 1663 726 1735 baec
758 1685 856 1736 sacra
883 1660 1016 1752 Officia,
1044 1683 1142 1757 quam
1159 1663 1396 1758 cujuscumque
1418 1662 1522 1735 sancti
1541 1660 1687 1734 doctorIs
1703 1682 1773 1732 no-

410 1779 496 1849 mine
522 1778 802 1851 commendantur.
850 1777 887 1850 In
914 1777 977 1852 illis
1004 1773 1088 1849 vebo
1114 1777 1261 1872 partibus
1290 1801 1376 1873 quae
1402 1779 1604 1874 praecipuae
1630 1787 1723 1866 sunt,
1741 1787 1775 1848 et

409 1895 441 1964 in
476 1893 593 1989 quibus
626 1897 767 1967 actionIs
800 1915 920 1968 sacrae
954 1891 1060 1966 forma
1092 1895 1260 1988 consistit,
1295 1896 1431 1966 mutatIo
1467 1903 1523 1965 aut
1560 1892 1773 1988 interpolatio

409 2009 496 2082 nulla
532 2032 640 2107 prope
671 2009 962 2101 animadvertitur,
1004 2019 1038 2081 et
1071 2011 1245 2104 antiquitas
1281 2007 1434 2082 Graecae
1469 2009 1641 2101 Liturgiae
1672 2031 1773 2104 supra

412 2125 598 2201 Orientales
618 2147 733 2200 omnes
765 2147 810 2198 ex
833 2146 875 2198 eo
899 2125 973 2199 solo
992 2134 1187 2218 argumento
1204 2128 1285 2198 salla
1303 2136 1460 2222 apparet,
1482 2123 1571 2219 quod
1588 2127 1622 2195 in
1643 2126 1772 2221 Aegy-

409 2245 526 2336 ptiacis
553 2239 595 2314 de
629 2242 747 2339 quibus
781 2245 910 2334 agitur,
944 2241 1107 2314 lonnulae
1135 2241 1297 2336 quaedam
1323 2241 1500 2331 solennes,
1526 2262 1594 2312 non
1627 2239 1725 2312 modo
1753 2264 1774 2311 a

410 2357 595 2432 Sacerdote
621 2369 655 2430 et
679 2358 852 2449 Diacono,
879 2356 940 2432 sed
966 2381 986 2429 a
1011 2357 1132 2454 plebe,
1157 2379 1225 2430 uon
1250 2357 1420 2449 Arabice,
1450 2378 1517 2429 uon
1547 2357 1772 2452 Aegyptiace,

409 2474 470 2547 sed
496 2473 629 2548 Graece
654 2474 812 2549 dicuntur.
1645 2459 1647 2464 ’

509 2591 568 2663 XI.
600 2590 660 2664 Illa
691 2594 792 2684 igitur
823 2588 1036 2682 observatio,
1065 2588 1159 2663 velut
1185 2593 1329 2662 omnium
1363 2589 1580 2684 rebquorum,
1621 2611 1708 2684 quae
1739 2590 1773 2660 in
1820 2593 1914 2648 omnes
1931 2585 2091 2664 titurgtace

408 2705 472 2778 boc
497 2729 625 2800 genere
650 2706 722 2779 beri
747 2717 905 2803 possrmt,
932 2715 1030 2803 caput
1055 2714 1091 2778 et
1114 2705 1191 2781 fons
1218 2727 1296 2781 csse
1323 2704 1442 2799 debet,
1473 2728 1542 2805 non
1566 2706 1668 2778 modo
1693 2682 1890 2777 ιιι-611101*
1905 2697 2051 2749 expressae.

408 2825 582 2918 gyptiacas
609 2821 700 2914 illas,
728 2822 789 2895 sed
815 2845 932 2896 omnes
959 2822 1092 2893 tandem
1118 2820 1305 2897 Orientales
1338 2845 1425 2918 quae
1456 2823 1514 2896 vel
1549 2833 1681 2912 extant,
1715 2820 1773 2895 vel

409 2961 545 3033 quarum
580 2962 626 3011 ex
660 2941 880 3012 monumentis
914 2936 1069 3010 literariis
1104 2942 1266 3013 memoria
1300 2950 1370 3031 est,
1402 2939 1579 3013 translatas
1616 2961 1693 3014 esse
1725 2961 1773 3010 ex

410 3053 548 3127 Graecis
575 3053 837 3150 exemplaribus,
869 3063 968 3150 atque
994 3052 1080 3128 adeo
1107 3059 1233 3129 veteris
1268 3055 1480 3153 disciplinae,
1516 3055 1669 3128 sacrificii
1693 3051 1772 3126 Eu-

409 3168 591 3261 charistici,
618 3170 724 3265 qualis
751 3173 784 3242 in
812 3169 972 3242 Orientali
997 3169 1151 3245 Ecclesia
1179 3170 1404 3265 observatur,
1429 3171 1569 3246 formam
1591 3174 1772 3244 continere.

508 3286 583 3359 XII.
614 3286 704 3384 Inter¹
736 3288 979 3381 antiquissimas
1014 3297 1087 3377 est,
1121 3290 1151 3362 si
1184 3310 1252 3361 non
1287 3309 1403 3362 omnes
1430 3297 1597 3362 vetustate
1624 3298 1772 3385 superat,
1859 3297 1949 3353 racem
1977 3301 2091 3370 rnurgu

408 3401 527 3476 Jacobi
553 3401 694 3498 Syriaca
720 3401 885 3494 liturgia,
919 3424 1004 3496 quae
1031 3402 1244 3499 syriacorum
1271 3407 1415 3477 omnium
1447 3402 1587 3496 fundus,
1621 3408 1772 3500 primae·
1786 3387 2009 3438 omnimodum
2023 3389 2092 3438 ⁸⁰¹¹·
2154 3391 2157 3413 '

407 3540 551 3614 vumqua
579 3518 752 3613 exemplar
776 3516 847 3590 tuit.
899 3516 958 3590 Illa
984 3523 1087 3612 porro
1115 3529 1180 3593 tam
1205 3524 1382 3616 perspicue
1396 3517 1561 3593 Graecam
1586 3519 1702 3609 refert,
1725 3526 1774 3590 tot
1787 3489 1914 3540 qum

408 3633 535 3707 inlusae
561 3637 805 3732 peregrinitatis
831 3644 929 3708 notas
955 3632 1073 3723 babet,
1100 3646 1135 3708 ut
1152 3635 1202 3708 de
1229 3639 1301 3729 ejus
1328 3638 1458 3728 origIne
1475 3636 1555 3734 Syri
1575 3638 1640 3731 ipsi
1661 3659 1773 3709 rerum

408 3773 540 3824 suarum
567 3749 783 3824 admiratores
808 3753 918 3842 nimii,
944 3772 1013 3823 uon
1040 3750 1135 3824 aliter
1156 3752 1311 3843 judicent
1340 3751 1421 3837 Quis
1443 3763 1554 3826 tamen
1572 3762 1676 3844 neget
1692 3775 1772 3826 esse

334 3859 339 3870 ’
408 3876 440 3941 et
474 3867 604 3962 quidem
634 3888 702 3946 non
740 3867 980 3940 contemnenda
1015 3878 1220 3961 argumenta,
1254 3867 1372 3964 quibus
1404 3868 1526 3964 Syram
1552 3871 1772 3942 vetustiorem

408 4005 485 4058 csse
511 3980 643 4055 Graeca
668 3981 805 4078 probari
832 3983 956 4079 queat?
983 3984 1103 4080 Neque
1129 3987 1215 4057 enim
1242 4008 1317 4058 cum
1343 3983 1541 4058 Criticorum
1572 3997 1673 4079 gente
1699 3986 1771 4058 liti-

407 4099 551 4193 gandum
578 4096 619 4170 de
645 4097 775 4173 Jacobo
802 4100 906 4174 fratre
932 4099 1084 4194 Domini,
1111 4125 1155 4174 an
1181 4101 1266 4176 illius
1295 4112 1401 4177 autor·
1416 4124 1495 4176 esse
1519 4106 1682 4198 potuerit,
1716 4112 1773 4174 aut

406 4213 480 4287 talis
509 4218 657 4308 quaestio
684 4220 728 4289 ita
754 4239 828 4288 curn
854 4217 932 4290 fidei
958 4221 1067 4315 capite
1094 4219 1342 4312 conjungenda,
1369 4228 1403 4290 ut
1426 4219 1531 4315 quiid
1551 4229 1670 4312 neget,
1693 4216 1770 4292 Ga-

406 4329 545 4404 tholicus
572 4353 649 4406 esse
675 4356 743 4407 uon
767 4338 885 4431 possit.
911 4334 999 4408 Nam
1025 4334 1114 4431 quod
1139 4338 1381 4433 sapientissime
1408 4334 1621 4410 observatum
1639 4361 1659 4408 a
1676 4334 1769 4410 Car-

408 4447 506 4519 diuali
531 4446 712 4542 Perconio,
739 4461 865 4523 certum
892 4461 926 4522 et
950 4455 1184 4526 mcoucnssum
1210 4473 1288 4524 csse
1306 4450 1424 4542 debet,
1450 4450 1571 4523 Jacobi
1585 4451 1769 4544 liturgiam

408 4563 526 4636 dictam
559 4587 653 4656 esse,
693 4590 779 4662 quae
812 4569 846 4638 in
878 4567 1183 4666 Hierosolymitana
1217 4562 1389 4661 Ecclesia,
1430 4569 1538 4659 cujus'
1558 4567 1614 4640 ille
1643 4571 1768 4664 primus

405 4677 593 4776 Episcopus
619 4680 696 4774 luit,
722 4683 961 4779 usurpabatur,
987 4696 1023 4757 ut
1046 4685 1154 4758 Marci
1180 4687 1324 4779 quaein
1351 4683 1590 4757 Alexandrina.
1625 4686 1673 4757 At
1698 4708 1769 4758 vc-

405 4795 540 4868 risimile
566 4807 618 4870 est
643 4801 768 4895 primos
795 4821 841 4870 ex
867 4802 1119 4875 circumcisione
1146 4801 1371 4893 certetianos,
1404 4805 1458 4896 qui
1484 4823 1593 4896 neque
1625 4802 1768 4891 nobiles,

406 4931 513 5006 neque
540 4911 657 4986 eruditi
682 4914 876 5011 plerumque
902 4915 1048 5008 luerunt,
1083 4939 1125 4988 ea
1156 4916 1269 5010 lingua
1304 4921 1433 5014 potius,
1466 4941 1552 5013 quae
1587 4921 1768 4992 communis

409 5037 442 5100 ct
468 5028 619 5122 vulgaris
645 5040 738 5122 erat,
768 5031 1072 5130 Hierosolymitana
1105 5031 1232 5108 scillcet
1265 5033 1428 5125 dlalecto,
1462 5057 1584 5130 preces
1617 5034 1768 5132 publicas

433 5167 545 5212 romusc
1512 5149 1557 5223 11
1593 5133 1598 5154 l
