4670 6034
607 621 1283 722 mssuuuuooruueoucorucu.
1559 639 1638 715 cur

267 857 352 910 anno
378 829 617 906 MDGXXXII.
638 830 776 928 'Romae
790 828 923 918 editum,
950 831 984 900 in
1011 850 1077 923 quo
1093 830 1271 922 magnifice
1296 829 1399 920 illam,
1426 839 1462 901 ut
1486 839 1639 902 veterem

265 962 299 1024 at
323 950 565 1022 Pharaonicom
592 946 848 1019 commendavit.
887 943 1039 1016 Alterum
1068 966 1153 1040 opus
1180 944 1282 1016 edidit
1315 967 1402 1018 anuo
1435 945 1639 1019 MDGXLII.
1702 941 1707 952 '

265 1067 356 1139 titulo
382 1065 540 1160 Linguae
576 1065 814 1156 Aeqyptiacae
839 1062 1038 1145 restitutae,
1073 1082 1139 1154 quo
1167 1059 1421 1132 continebantur
1458 1059 1641 1132 Gramma-

266 1187 353 1254 tieae
390 1179 516 1274 aliquot
547 1176 859 1273 imperfectissimae
891 1173 1041 1248 matrice
1074 1178 1232 1270 scriptae,
1267 1198 1342 1246 cum
1367 1179 1641 1272 interpretatione

264 1297 395 1384 Latina,
432 1316 530 1389 quam
562 1290 748 1382 intelligere
783 1311 882 1361 nemo
916 1291 1023 1384 potuit
1054 1293 1219 1383 unquam:
1256 1312 1298 1361 eo
1334 1294 1440 1364 minus
1476 1292 1563 1386 quod
1591 1300 1641 1364 tot

265 1411 391 1484 mendis
428 1415 576 1482 scateret
611 1415 723 1478 textus
758 1405 927 1481 Arabicum
961 1413 996 1474 et
1032 1404 1216 1500 Copticus,
1247 1415 1284 1477 ut
1317 1429 1364 1477 ex
1399 1428 1441 1478 eo
1477 1409 1642 1479 sententia

265 1527 348 1599 ellici
374 1523 464 1596 nulla
490 1531 616 1617 posset.
670 1519 708 1592 ln
736 1517 911 1594 Glossau'o
945 1541 1007 1591 seu
1033 1519 1151 1607 Scato,
1186 1530 1222 1591 ut
1246 1530 1385 1611 vocant,
1415 1521 1511 1616 plura
1537 1520 1641 1614 longe

264 1647 493 1736 peccaverunt
532 1633 754 1732 'typographi
786 1644 821 1706 et
859 1634 1080 1728 interpretes,
1119 1633 1221 1722 adeo,
1248 1645 1284 1707 ut
1322 1635 1446 1707 nullum
1487 1636 1565 1708 inde
1598 1635 1642 1708 ad

267 1753 480 1827 Orientalium
517 1752 705 1843 linguarum
731 1748 901 1822 studiosos
927 1747 1069 1820 fructum
1102 1752 1189 1821 intra
1221 1760 1270 1822 tot
1295 1772 1401 1824 annos
1428 1754 1641 1848 pervenisse,

265 1872 378 1941 mirari
410 1889 511 1939 nemo
548 1866 678 1960 debeat,
723 1865 761 1937 Iu
795 1872 938 1957 utroque
977 1864 1020 1935 de
1053 1863 1167 1956 lingua
1195 1864 1336 1961 Coptica
1359 1866 1643 1957 judiciumautor

265 1986 473 2079 interposuit,
501 1981 562 2054 sed
588 1983 719 2052 varium
747 1990 780 2050 et
805 1977 994 2073 multiplex:
1020 1999 1099 2049 nam
1124 1983 1157 2050 in
1184 1978 1381 2073 Prodromo,
1407 1980 1543 2074 liuguae
1563 1977 1640 2052 Go-

266 2097 518 2196 percontandos
545 2096 651 2169 fusius
677 2103 887 2191 persecutus,
916 2116 992 2165 eam
1015 2097 1274 2167 vetustissimam
1287 2097 1535 2192 Aegyptiacam
1562 2116 1641 2168 esse

268 2213 446 2302 contendit,
482 2223 516 2283 et
550 2210 704 2283 Graecae
736 2213 901 2302 originem
934 2207 976 2279 ab
1013 2231 1054 2280 ea
1080 2212 1149 2304 peti
1178 2209 1283 2301 J'uhet.
1336 2210 1374 2283 lu
1401 2211 1507 2283 altero
1536 2233 1641 2306 opere

268 2331 465 2404 senteutiam
498 2324 589 2401 illam
628 2348 722 2398 suam
754 2327 799 2396 ita
843 2324 1052 2414 moderatur,
1090 2334 1126 2396 ut
1159 2324 1237 2419 quid
1269 2327 1302 2395 in
1339 2330 1448 2398 animo
1489 2323 1643 2396 hahuerit

266 2465 333 2515 non
357 2441 457 2514 facile
483 2444 629 2537 perspici
657 2449 775 2534 queat:
803 2437 888 2510 haec
916 2448 1027 2511 auteur
1054 2448 1129 2511 sunt
1153 2439 1240 2514 illius
1267 2440 1385 2513 verba.
1428 2441 1545 2512 Utrum
1571 2463 1642 2510 aa·

268 2565 331 2629 tem
355 2558 473 2652 linqua
500 2557 639 2649 Graeca
665 2576 798 2649 qnoque
832 2553 877 2624 ab
904 2556 1122 2650 Aeppptiaca
1145 2561 1368 2648 processerit,
1395 2559 1515 2626 merito
1535 2557 1642 2650 qair-

263 2677 356 2768 piam
371 2660 529 2743 debitore
540 2677 669 2764 posset.
695 2658 958 2763 Affirmant-mm,
986 2673 1022 2739 in
1034 2671 1228 2741 Prodromo
1257 2695 1333 2766 cap.
1351 2675 1386 2742 d.
1408 2693 1640 2756 manseron,-

265 2812 379 2859 oeram
414 2769 616 2881 quotidiana
646 2788 864 2878 experientia
890 2787 1098 2871 instructior,
1136 2787 1271 2856 tandem
1304 2789 1464 2880 comperi,
1494 2786 1643 2882 lingnam

268 2906 515 2998 Aeqrjptiacnm
542 2925 588 2972 ea
613 2899 777 2972 matribus
803 2923 903 2971 annm
921 2896 1108 2998 αὐτογενῆ,
1132 2923 1206 2970 cam
1232 2901 1325 2972 malla
1342 2902 1642 2996 aliaaffinitatm
1694 2893 1702 2906 ’

267 3025 424 3114 quantam
459 3018 592 3110 qaidem
619 3037 665 3086 ea
690 3015 874 3104 idiotismo,
903 3019 1153 3110 conjugatione,
1182 3023 1217 3088 et
1235 3017 1460 3088 inclinatione
1475 3021 1644 3088 nominaui

268 3135 430 3228 colligere
443 3131 548 3219 licuit,
564 3131 703 3200 tabere.
716 3131 837 3222 Neque
850 3150 986 3199 monere
1000 3151 1063 3201 noo
1077 3130 1202 3202 debeat
1217 3131 1386 3203 eoeabrda
1401 3129 1644 3228 Ἕλληνισμὸν

265 3247 466 3333 redolentia,
494 3267 661 3338 cocesqne
677 3245 917 3316 Graecanicae
939 3248 1068 3337 passim
1094 3249 1130 3316 in
1150 3245 1284 3316 Leeico
1300 3254 1529 3319 occurrentes.
1562 3248 1666 3319 Non.

266 3369 381 3457 itaqne
420 3360 528 3431 cerba
566 3383 642 3430 mea
674 3363 710 3429 in
746 3359 938 3429 Prodromo
974 3359 1082 3453 Copto
1117 3360 1184 3431 troc
1216 3385 1317 3434 sensa
1352 3363 1496 3458 rntetttqr
1533 3363 1644 3452 aelim,

269 3481 366 3573 qnasi
400 3497 592 3548 assererem
621 3474 771 3569 lingnam
798 3475 969 3546 Graecam
995 3477 1042 3546 ad
1067 3478 1271 3570 Aegyptiam
1286 3500 1330 3548 ea
1355 3501 1393 3550 ee
1419 3482 1556 3551 ratione
1573 3477 1643 3547 lia-

268 3592 359 3680 bere,
386 3599 424 3662 at
450 3590 627 3662 Chaldaea
652 3615 682 3661 o.
708 3619 739 3686 p.
768 3590 885 3684 linquo
911 3591 958 3660 ad
982 3591 1187 3678 Hebraeum,
1220 3599 1281 3662 eat
1311 3593 1439 3664 Italica
1466 3594 1512 3664 ad
1536 3591 1644 3662 Latr-

268 3733 357 3794 nam‚
392 3693 498 3778 aienti
528 3707 663 3799 qnidam
696 3709 829 3799 opinati
860 3713 945 3776 sant.
999 3707 1080 3776 Non
1122 3711 1209 3777 enim
1245 3711 1356 3778 sentio
1393 3709 1564 3778 Graecam
1599 3708 1643 3778 alr

268 3825 442 3916 Aegyptia
468 3825 634 3916 originem
659 3845 753 3893 anam
785 3821 975 3891 immediate
1008 3824 1167 3910 troaisse,
1194 3822 1298 3893 multo
1331 3825 1438 3894 minna
1474 3823 1645 3894 Graecam

268 3937 415 4032 lippeam
441 3938 645 4032 Aegyptiam
672 3944 868 4030 corruptam
894 3936 1072 4006 dicendam
1099 3936 1262 4008 arbitror.
1315 3937 1397 4009 Illud
1433 3947 1541 4010 tamen
1577 3945 1644 4008 tam

269 4056 446 4148 perspicue
482 4053 752 4143 significaverat,
792 4060 827 4122 ut
870 4051 965 4123 aliter
1002 4050 1109 4124 verba
1144 4055 1216 4144 ejus
1252 4057 1359 4149 accipi
1391 4075 1458 4125 nou
1488 4062 1645 4147 possent:
1741 4119 1750 4136 ,

271 4172 362 4239 etin
390 4166 519 4262 Oedipo
547 4171 598 4238 sui
624 4189 743 4261 parum
768 4189 908 4256 memor,
935 4167 1022 4239 idem
1050 4190 1154 4263 saepe
1180 4173 1339 4263 reposuit,
1365 4169 1422 4241 ubi
1450 4168 1577 4241 scilicet
1603 4167 1646 4240 ad

272 4282 492 4372 theologiam
518 4280 607 4353 illam
640 4284 888 4379 Aegyptiacam
925 4285 1170 4379 exponendam,
1204 4282 1404 4356 occurrebat
1431 4285 1547 4378 aliquis
1574 4305 1645 4355 ve-

271 4403 374 4467 terem
391 4395 539 4488 linguam
554 4395 720 4488 allegandi
746 4397 849 4470 locus.
876 4397 1002 4470 Vemm
1030 4422 1105 4471 cum
1132 4409 1201 4471 tota
1228 4400 1284 4470 illa
1304 4402 1455 4493 quaestio
1483 4401 1644 4491 majorem
1698 4459 1702 4468 .

272 4511 531 4605 disquisitionem
559 4511 739 4601 desideret,
766 4535 907 4607 eamque
934 4515 1093 4606 singulari
1109 4516 1351 4588 Dissertatione
1377 4517 1645 4608 exposuerimus,

271 4647 338 4697 uon
365 4629 475 4698 omnia
503 4649 589 4720 quae
618 4651 637 4698 a
664 4627 826 4699 liirchero
863 4627 948 4698 dicta
975 4639 1070 4720 sunt,
1101 4630 1163 4702 sed
1190 4651 1275 4724 quae
1301 4628 1344 4700 ad
1369 4630 1548 4703 institutum
1576 4651 1646 4702 no-

272 4748 373 4812 stmm
400 4743 567 4837 pertinent
592 4743 682 4837 sola,
709 4743 858 4816 breuiter
884 4743 1135 4839 explicabimus.
1187 4744 1270 4816 lllud
1294 4765 1380 4815 vero
1409 4745 1452 4816 ad
1477 4745 1647 4838 Liturgias

273 4875 357 4946 quae
384 4877 431 4927 ex
456 4855 671 4952 Aegyptiace
697 4857 809 4952 lingua
836 4860 1016 4932 unuslatae
1042 4868 1118 4933 sunt
1144 4858 1251 4932 solum
1277 4870 1418 4955 spectat,
1445 4863 1533 4936 scire
1560 4885 1647 4957 quae
1691 4873 1693 4878 “

271 4967 325 5040 illa
351 4968 470 5042 luerit:
497 4995 573 5043 nam
601 4976 629 5046 si
656 4974 767 5046 fictitia
793 4972 945 5045 habenda
972 4984 1042 5064 est,
1075 4977 1140 5046 ruit
1167 4998 1340 5049 sacrorum
1367 4976 1497 5048 illorum
1522 5000 1647 5050 mouu-

274 5095 459 5156 mentorum
486 5092 661 5162 autoritas:
689 5091 717 5162 si
745 5092 875 5183 antiqua
903 5099 937 5161 et
956 5088 1163 5163 Pharaonica
1190 5100 1255 5183 est,
1282 5090 1516 5166 cumGraecis
1541 5093 1646 5163 voci-
