4670 6046
634 733 898 812 naumann
914 733 1106 814 coruom
1122 735 1152 814 s.
1169 735 1352 818 annom
1412 691 1413 696 ‘
1604 739 1680 816 aea

305 919 415 982 rituum
445 918 542 981 serias
566 920 639 982 satis
662 917 789 981 indicat:
818 918 895 982 adeo
922 926 955 981 ut
982 920 1174 996 Salmasium,
1201 928 1252 984 aut
1279 921 1444 1006 Liturgiam
1474 941 1536 987 non
1565 925 1681 1008 legisse

306 1026 457 1101 oporteat,
480 1027 531 1081 aut
553 1019 702 1081 neminem
724 1015 857 1080 futurum
880 1019 1080 1100 existimasse,
1102 1020 1153 1102 qui
1176 1020 1272 1102 oculis
1295 1022 1325 1083 in
1348 1041 1414 1085 eam
1437 1023 1596 1105 conjectis,
1612 1023 1681 1088 falsi

307 1137 375 1181 eum
399 1118 562 1180 testimonii
585 1136 670 1180 reum
692 1123 886 1200 agnosceret.

391 1215 499 1297 Neque
527 1218 624 1280 minus
653 1214 730 1278 falso
759 1215 899 1294 affirmat,
935 1233 951 1278 a
981 1215 1147 1280 Sacerdote
1174 1217 1233 1280 dici
1260 1227 1332 1300 post
1360 1219 1615 1299 communionem,
1649 1221 1680 1284 id

305 1315 387 1397 quod
411 1332 427 1375 a
450 1314 735 1378 communicantibus
758 1322 931 1398 susceptum
962 1323 1027 1394 εει,
1061 1336 1127 1378 εεεε
1155 1336 1266 1397 corpas
1295 1325 1325 1380 ει
1344 1321 1529 1400 'samniam
1557 1317 1680 1398 Christi,

304 1415 338 1478 id
359 1421 405 1476 est
423 1413 557 1493 [ructum
578 1416 650 1478 citis
671 1433 779 1490 εεναε,
802 1433 879 1494 quoe
901 1422 947 1476 εει
969 1413 1115 1478 Christro.
1160 1415 1266 1497 Neque
1297 1417 1378 1480 enirn
1400 1417 1562 1499 quidquam
1584 1417 1681 1480 simile

304 1511 417 1596 legitur
444 1515 474 1575 in
503 1512 688 1576 orationibus
718 1513 883 1595 gratiarum
912 1514 1059 1577 actionis:
1088 1521 1119 1576 et
1147 1532 1214 1577 cum
1247 1517 1396 1580 Sacerdos
1421 1516 1502 1579 dicit.
1547 1517 1614 1580 Noc
1636 1527 1682 1579 est

305 1631 416 1692 corpus
437 1631 542 1674 ceum
568 1621 599 1675 ει
625 1613 751 1692 scaptos
774 1613 943 1692 pretiosam,
975 1611 1090 1675 Christi
1117 1614 1176 1676 Dei
1203 1617 1323 1692 nostri,
1351 1623 1406 1680 etc.
1436 1615 1512 1680 haec
1541 1616 1680 1678 dicuntur

305 1719 374 1774 ante
404 1711 654 1774 communionem.
708 1707 961 1774 Communicaturi
989 1712 1197 1792 respondent,
1229 1720 1388 1795 antequam
1416 1733 1503 1778 sacra
1532 1715 1676 1798 mysteria

304 1811 513 1891 susceperint,
535 1811 576 1871 ita
599 1809 727 1872 credere
750 1826 796 1886 se,
820 1816 849 1871 et
878 1809 1048 1872 credituros
1071 1810 1108 1872 ad
1131 1811 1264 1873 ultimum
1295 1829 1391 1893 usque
1420 1815 1501 1876 vitae
1527 1813 1675 1894 spiritum,

302 1908 361 1972 boc
383 1908 465 1991 qnod
487 1909 590 1972 vident
612 1910 643 1970 in
666 1907 839 1971 Sacerdotis
863 1909 1044 1971 celebrantis
1066 1927 1171 1988 manu,
1201 1911 1281 1991 quod
1304 1911 1476 1994 Episcopus
1506 1921 1537 1976 ει
1559 1913 1677 1978 Sacer-

303 2008 376 2088 dos,
401 2027 467 2071 cum
491 2008 683 2086 ordinantur,
705 2024 794 2069 manu
817 2009 1000 2089 suscipiunt,
1030 2025 1130 2090 neque
1160 2008 1256 2072 adbuc
1287 2011 1333 2072 ori
1363 2012 1576 2092 admoverunt,
1607 2031 1678 2076 esse

302 2099 416 2190 corpus
439 2117 470 2171 et
492 2109 669 2192 sanguinem
692 2107 830 2184 Domini,
854 2115 884 2169 et
907 2115 1006 2169 tamen
1029 2127 1069 2170 ex
1090 2108 1251 2190 hypothesi
1274 2109 1475 2190 Salmasiana,
1499 2111 1577 2174 dona
1601 2131 1678 2193 pro-

302 2209 400 2288 posita
422 2201 632 2294 προκείμενα,
654 2205 729 2268 nihil
751 2205 849 2269 adhuc
872 2215 962 2286 sunt,
986 2215 1110 2288 praeter
1132 2225 1240 2288 panem
1264 2216 1294 2272 et
1316 2211 1436 2290 vinum,
1468 2229 1536 2274 cum
1557 2213 1588 2274 in
1611 2211 1676 2276 solo

303 2325 359 2369 usu
382 2304 453 2367 liant
475 2323 587 2387 corpus
610 2313 640 2368 et
663 2306 787 2387 sanguis
811 2305 931 2369 Christi.

388 2407 494 2486 Neque
515 2406 546 2467 in
570 2413 632 2468 tota
655 2406 711 2469 hac
733 2405 884 2488 liturgia,
908 2412 959 2468 aut
981 2405 1041 2467 ulla
1065 2407 1280 2488 quuscumque
1307 2406 1383 2469 ritus
1415 2415 1445 2469 et
1467 2408 1591 2491 linguae
1621 2427 1676 2470 ra-

302 2505 456 2586 perietur,
479 2504 546 2567 talis
569 2505 766 2568 Sacerdotum
789 2503 826 2566 ad
850 2506 1103 2567 communicantes
1126 2507 1265 2584 monitio,
1295 2523 1385 2587 quarn
1415 2514 1600 2570 commentus
1628 2516 1677 2571 est

303 2604 484 2682 Salmasius,
509 2604 656 2666 elementa
680 2621 748 2666 esse
773 2621 884 2685 corpus
909 2603 1030 2682 Christi,
1054 2609 1087 2666 ut
1109 2603 1246 2667 Christus
1269 2611 1317 2668 est
1339 2605 1408 2667 vitis
1430 2624 1514 2670 vera.
1543 2606 1577 2667 ln
1596 2606 1678 2669 Ora·
1745 2683 1756 2696 ¹

302 2704 384 2765 tione
407 2701 561 2767 fractionis
584 2702 622 2765 ad
644 2702 735 2764 lilium
757 2703 880 2786 legitur.
913 2703 1114 2782 Proeporcsti
1132 2703 1221 2766 nobis
1237 2723 1350 2784 ponam
1372 2705 1543 2782 coelestem,
1566 2725 1678 2786 corpus

301 2803 359 2866 boc
388 2811 469 2866 tuum
498 2811 635 2865 sonetum
663 2804 695 2863 in
721 2805 864 2884 mysterio
874 2847 948 2867 .....
980 2801 1130 2864 Miscata'str'
1156 2802 1245 2866 nobis
1274 2803 1400 2865 calicem
1422 2823 1462 2865 ex
1481 2803 1585 2883 [nacha
1606 2806 1678 2866 citis

302 2921 411 2980 cerae,
442 2921 519 2981 qnae
541 2909 588 2963 εει
608 2901 688 2963 lonas
709 2902 844 2963 divinam
866 2907 946 2964 ιιιιιιιι
970 2909 1000 2963 ει
1020 2901 1252 2965 immaculatum.
1305 2900 1348 2962 lta
1380 2901 1563 2966 Gaudentius
1593 2903 1675 2968 Brix.

303 2999 403 3064 Tract.
427 2999 457 3063 2.
482 2999 519 3062 de
541 2999 647 3065 Pasch.
694 2999 774 3076 Ouia
803 3002 884 3082 qnod
905 3002 1022 3080 accipis
1044 3018 1155 3079 coaptas
1176 3007 1222 3061 εει
1243 3000 1323 3062 itlius
1348 3002 1440 3079 panis
1466 3002 1620 3076 coelestis,
1648 3009 1679 3064 ει

301 3100 426 3179 conquas
448 3107 494 3161 εει
514 3099 595 3162 illias
616 3117 728 3162 sacrae
754 3100 834 3161 vitis.
864 3098 934 3162 Nou
964 3098 1057 3188 igitur
1084 3098 1227 3160 dixerunt
1254 3097 1415 3172 Christiani
1442 3097 1605 3184 Aegyptii,
1635 3121 1677 3162 ec

299 3197 403 3277 [riwin
424 3199 496 3261 vitis
517 3217 626 3274 εεεαε,
649 3216 725 3279 quoe
747 3205 793 3260 est
815 3195 970 3260 Cludshas:
993 3195 1046 3258 sed
1069 3215 1147 3278 quoe
1169 3198 1315 3260 estiatur
1336 3206 1428 3274 ιιιιιιιι,
1460 3217 1501 3260 erc
1527 3218 1585 3280 quo
1615 3219 1676 3261 εε-

301 3296 358 3357 icit
377 3299 503 3377 sanquis
525 3304 554 3358 ει
575 3315 665 3378 opatu
686 3295 691 3300 '
711 3296 898 3379 Theologice
925 3312 1052 3377 prorsus
1083 3303 1114 3358 et
1137 3295 1173 3357 ad
1197 3303 1369 3359 sanctorum
1390 3297 1510 3359 Petrum
1531 3306 1672 3377 mentem,
1743 3349 1750 3362 .
1805 3349 1812 3363 .
1893 3299 1898 3307 ’

302 3393 449 3474 simulque
479 3394 517 3457 ad
547 3413 653 3458 eorum
682 3393 916 3458 confutationem
946 3395 996 3475 qui
1030 3393 1183 3477 Cypriane
1216 3401 1339 3476 totaque
1368 3403 1506 3459 veterum
1534 3396 1672 3460 Ecclesia

302 3491 525 3572 sapientiores,
557 3512 662 3575 aquarn
685 3493 771 3556 calici
798 3493 984 3571 admiscere,
1013 3493 1162 3575 piaculum
1191 3494 1370 3556 existimant.
1421 3495 1525 3576 ltaque
1555 3497 1585 3558 in
1615 3496 1673 3558 hac

301 3593 438 3654 oratione
459 3592 575 3656 fructus
598 3594 667 3656 vitis
690 3612 799 3671 verae,
823 3592 861 3654 de
882 3594 1030 3675 sanguine
1053 3591 1165 3656 Christi
1186 3593 1216 3654 in
1240 3592 1334 3656 calice
1357 3594 1491 3657 exhibito
1525 3595 1672 3677 intelligi-

301 3696 366 3768 tur,
389 3708 450 3754 oon
474 3692 511 3755 de
535 3700 598 3756 toto
622 3693 825 3757 Sacramento.
847 3691 935 3755 Panis
959 3693 1010 3772 qui
1032 3691 1070 3754 de
1093 3691 1181 3754 coelo
1205 3690 1377 3772 descendit,
1408 3710 1464 3755 seu
1486 3693 1573 3773 panis
1596 3712 1672 3757 coe-

300 3787 401 3866 lestis,
429 3800 476 3854 est
499 3791 619 3872 Corpus
642 3790 770 3871 Christi,
799 3791 879 3873 quod
903 3790 1072 3873 percipitur
1100 3791 1130 3851 in
1162 3790 1376 3869 Sacramento‚
1407 3801 1438 3855 et
1467 3792 1497 3853 in
1527 3791 1579 3854 illo
1609 3800 1671 3855 est:

301 3885 415 3952 fructus
439 3891 508 3953 vitis
531 3910 641 3970 verae,
671 3899 717 3954 est
739 3893 864 3975 sanguis
888 3890 1016 3969 Christi,
1044 3891 1075 3952 in
1098 3888 1206 3952 eodem
1236 3889 1446 3954 Sacrament0:
1475 3889 1553 3954 adeo
1583 3900 1615 3954 ut
1642 3893 1672 3954 in

301 3986 385 4052 disco
409 3990 447 4052 sit
471 3992 557 4071 panis
581 3990 741 4067 coelestis,
764 3992 834 4072 qnia
858 3999 890 4053 ut
912 3991 970 4070 ipsi
1000 3989 1181 4054 confitentur
1209 3989 1238 4050 in
1269 4007 1306 4051 eo
1335 3995 1381 4050 εει
1409 4006 1521 4070 corpus
1544 3988 1672 4052 Christi:

302 4093 391 4169 atque
414 4090 529 4169 pariter
551 4091 582 4152 in
606 4088 720 4168 calice,
737 4089 865 4172 ‚tructus
888 4091 957 4152 vitis
980 4107 1090 4165 verae,
1121 4105 1199 4168 quae
1222 4095 1269 4150 εει
1292 4087 1445 4165 Christus,
1477 4089 1546 4167 quia
1574 4089 1605 4150 in
1632 4107 1671 4152 eo

302 4189 474 4251 continetur
495 4191 618 4273 sanguis
643 4189 762 4253 Christi.
787 4188 1028 4270 Comparationis
1052 4205 1139 4270 quarn
1163 4187 1325 4251 Salmasius
1349 4187 1543 4267 excogitavit,
1566 4187 1671 4249 inillis

301 4289 485 4351 orationibus
508 4290 669 4373 vestigium
691 4289 803 4351 nullum
826 4297 889 4367 est,
918 4295 948 4352 et
976 4289 1063 4351 etiam
1094 4286 1249 4364 sibilum,
1279 4286 1329 4350 vel
1356 4285 1538 4349 levissimum
1565 4293 1673 4366 posset

302 4385 498 4466 deprehendi,
522 4395 553 4451 ει
575 4385 790 4450 obscuritatem
812 4388 980 4464 induceret,
1003 4387 1207 4467 explicaretur
1227 4384 1279 4448 illa
1300 4387 1373 4448 satis
1401 4403 1457 4466 per
1478 4385 1673 4465 subsequen·-

301 4494 362 4548 tem
385 4485 632 4565 Confessionem,
656 4489 686 4549 in
709 4505 768 4567 qua
791 4487 863 4550 nihil
886 4487 1014 4571 figurate
1038 4486 1165 4563 dictum,
1195 4485 1248 4548 sed
1277 4484 1494 4565 simplicissima
1520 4483 1590 4546 lidei
1612 4502 1672 4563 ex-

302 4587 431 4666 positio,
456 4604 543 4665 quam
567 4586 763 4649 dissimulavit
787 4587 964 4666 Salmasius,
988 4586 1171 4667 desperans,
1203 4593 1235 4647 ut
1257 4583 1421 4647 verisimile
1444 4591 1505 4662 est,
1538 4582 1673 4646 Calvini-

301 4685 405 4748 sticam
428 4685 509 4747 illam
529 4704 718 4767 quacumque
738 4685 899 4748 subtilitate
915 4704 1008 4767 posse
1025 4686 1101 4750 fieri.
1126 4685 1222 4758 Onam
1240 4699 1333 4764 porro
1346 4681 1465 4744 Ritunm
1478 4681 1672 4744 Orientalium

255 4855 261 4861 .
302 4783 458 4864 imperitus
480 4784 635 4847 habendus
658 4785 709 4847 ille
731 4786 786 4863 sit,
809 4785 860 4866 qui
883 4786 1049 4848 orationem
1071 4783 1224 4847 fractionis
1248 4782 1319 4845 dicit
1341 4781 1462 4844 recitari
1490 4786 1559 4861 post
1587 4797 1674 4841 com-

302 4886 489 4962 munionem,
508 4886 647 4967 judicare
670 4887 798 4966 quisque
820 4891 937 4965 potest:
960 4901 1028 4946 nam
1051 4891 1120 4964 post
1143 4901 1209 4946 eam
1232 4881 1406 4944 Orationem
1428 4877 1535 4941 lractio
1565 4877 1615 4956 iit,
1644 4884 1675 4938 et

226 4973 231 4984 ’
302 4986 373 5048 unio
398 4983 523 5047 duarum
544 4987 714 5065 specierum
737 5003 793 5048 seu
815 4973 895 5066 clyto
917 4977 1041 5054 ἕνωσιςι
1074 4990 1135 5044 turn
1163 4983 1239 5046 aliae
1268 4982 1420 5043 orationes
1451 4978 1673 5039 interveniunt:

302 5091 428 5164 postea,
463 5083 557 5146 Pater
584 5092 705 5146 noster:
739 5095 800 5145 tum
831 5081 934 5144 Oratio
969 5080 1180 5144 absolutionis:
1217 5077 1273 5142 alia
1310 5075 1528 5141 inclinationis:
1558 5075 1675 5138 Sancta

302 5184 427 5257 sanctis,
450 5201 516 5244 cum
539 5179 581 5267 τῇ
603 5173 681 5265 ἁγίᾳ
705 5169 856 5264 ὑψώσει,
880 5199 935 5244 seu
958 5179 1129 5243 elevatione
1153 5179 1357 5257 sacramenti,
1389 5175 1508 5239 tandem
1538 5190 1675 5236 commu·

1393 5291 1467 5366 53*
