4670 6046
697 577 774 654 232
1180 567 1600 646 COMMENTARIUS

696 777 819 839 manus,
843 776 903 820 non
926 757 999 822 solis
1022 753 1210 819 vescentibus
1232 754 1264 813 in
1295 750 1397 814 Coum
1424 752 1563 814 Domitii:
1593 747 1665 812 nihil
1692 749 1786 832 igitur
1807 766 1848 810 ex
1869 744 2070 808 invocationis

696 858 907 939 qualicumque
930 855 1181 938 interpretatione
1204 849 1352 912 adversus
1381 868 1567 913 communem
1595 849 1689 912 totius
1719 846 1876 910 Ecclesiae
1906 843 2070 907 doctrinam

695 953 804 1018 deduci
832 962 948 1030 potest3
982 970 1133 1032 unumque
1161 949 1366 1012 tantummodo
1395 948 1598 1012 accusationis
1629 947 1777 1010 adversus
1805 961 1860 1008 cos
1889 949 1999 1024 caput,
2032 958 2072 1002 ex

694 1052 744 1116 illa
768 1050 893 1132 probari
915 1071 981 1116 cum
1005 1051 1102 1132 aliqua
1124 1045 1385 1112 verisimilitudine
1408 1049 1536 1129 poterit,
1565 1045 1647 1128 quod
1670 1045 1796 1110 credant
1818 1060 1879 1106 non
1901 1040 1976 1106 solis
1998 1057 2072 1101 ver-

695 1151 742 1214 his
764 1149 947 1228 Dominicis,
970 1166 1161 1230 quocumque
1183 1144 1273 1210 modo
1296 1145 1436 1227 prolatis,
1468 1146 1688 1210 Eucharistiam
1710 1142 1899 1209 consecrari:
1930 1139 2071 1222 quodque

696 1267 808 1330 preces
833 1246 1064 1326 Sacerdotales,
1095 1246 1223 1310 maxime
1246 1244 1470 1308 lanceationem
1494 1243 1622 1325 Spiritus
1644 1245 1763 1322 sancti,
1798 1241 1902 1318 utiles,
1932 1242 1992 1302 imo
2014 1257 2072 1300 ne-

698 1347 848 1410 cessarias
867 1344 1019 1427 judicent,
1043 1354 1076 1408 ut
1097 1352 1206 1428 agatur
1229 1345 1472 1406 commemoratio
1501 1343 1635 1426 legitima
1670 1344 1775 1406 mortis
1803 1340 1915 1405 Christi
1941 1338 2070 1416 Dondni,

700 1445 865 1510 secundum
889 1445 955 1526 ejus
978 1445 1203 1508 institutionem.

785 1542 887 1624 Atque
914 1543 990 1605 haec
1018 1550 1119 1622 erant,
1144 1541 1282 1624 quaeda
1312 1539 1508 1603 invocatione
1537 1540 1664 1622 Spiritus
1694 1539 1806 1618 sancti,
1836 1547 1869 1601 ιιι
1898 1555 1915 1598 ι
1945 1534 2070 1616 Coptitis

699 1641 887 1704 Graecorum
923 1641 1063 1722 exemplo
1095 1648 1274 1722 usurpatur,
1313 1657 1374 1703 non
1403 1641 1500 1702 minus
1535 1658 1623 1720 (ιιιιιιι
1658 1640 1696 1702 ah
1727 1637 1864 1701 omnibus
1894 1634 2070 1698 Christianis

699 1738 919 1819 Orientalibus,
942 1740 1107 1804 observare
1130 1757 1258 1802 necesse
1281 1746 1356 1802 erat.
1402 1737 1467 1802 lloc
1490 1739 1569 1802 enim
1592 1738 1768 1819 disciplinae
1798 1743 1889 1817 caput
1919 1753 1986 1798 cum
2015 1733 2072 1796 do·

700 1841 796 1902 ctrina
819 1839 860 1900 ita
884 1840 1075 1920 conjunctum
1098 1846 1163 1916 cst,
1199 1846 1230 1900 ut
1260 1856 1300 1899 ex
1328 1855 1365 1900 eo
1393 1855 1453 1900 non
1476 1839 1550 1902 satis
1573 1838 1742 1919 explicato,
1777 1841 1909 1898 monstra
1936 1849 2071 1896 errorum

699 1937 826 2000 formata
850 1937 924 2017 sint,
949 1946 980 2001 et
1003 1937 1122 2020 objecta
1144 1935 1291 1999 Orientali
1312 1934 1488 2015 Ecclesiae,
1513 1937 1598 2017 quasi
1621 1935 1798 1999 Orthodoxu
1820 1952 1891 1997 esse
1913 1951 1973 1996 non
1996 1950 2071 2014 pos-

698 2045 763 2116 set,
786 2036 843 2098 nisi
866 2037 991 2119 abjectis
1006 2037 1117 2100 Olllciis
1132 2033 1348 2098 Eucharisticis
1372 2035 1452 2112 suis,
1475 2051 1554 2115 quae
1577 2036 1780 2098 vetustissima
1802 2033 1963 2096 traditione
1986 2049 2070 2094 com-

698 2134 890 2214 mendantur,
920 2151 980 2196 non
1011 2137 1107 2199 minus
1130 2153 1219 2215 quam
1240 2135 1360 2216 integra
1383 2151 1450 2196 cum
1479 2136 1609 2198 omnium
1631 2133 1835 2198 Ecclesiamm
1858 2131 1967 2194 Graeci
1988 2130 2070 2194 Ritus

697 2234 783 2298 libris
819 2233 1038 2298 conformitate.
1095 2235 1228 2298 'faudem
1261 2233 1452 2314 interpolatio
1497 2232 1641 2298 librorum
1675 2233 1958 2298 Ecclesiasticorum
1993 2229 2071 2294 nulla

697 2331 820 2414 publica
842 2334 1003 2396 autoritate
1025 2331 1104 2395 facta
1128 2341 1185 2411 est,
1208 2330 1246 2394 ad
1270 2329 1471 2414 effugiendam
1493 2331 1634 2396 haeresin
1657 2332 1695 2396 de
1718 2351 1776 2412 qua
1792 2349 1944 2412 nmquam
1960 2330 2071 2394 Orien-

699 2429 776 2492 tales
799 2432 977 2512 audierunt,
1002 2440 1032 2496 ct
1056 2433 1094 2495 ad
1116 2429 1325 2496 inculcandum
1355 2432 1576 2496 vetustissimae
1606 2433 1750 2496 orationis
1778 2449 1918 2508 sensum,
1946 2429 1985 2492 de
2013 2445 2071 2510 quo

702 2527 855 2592 Censores
878 2530 920 2593 illi
942 2533 1105 2594 convenire
1128 2529 1187 2593 huc
1209 2547 1306 2609 usque
1328 2545 1391 2592 non
1413 2537 1590 2611 potuerunt:
1621 2549 1680 2612 qua
1703 2530 1769 2594 sola
1790 2531 1909 2593 ratione
1930 2529 2012 2592 illum
2035 2527 2073 2590 ad

700 2627 790 2690 fidem
813 2645 872 2690 non
895 2630 1049 2710 pertinere
1079 2625 1312 2692 demonstratur]
1367 2625 1575 2692 Concedamus
1605 2649 1675 2693 esse
1704 2628 1861 2711 quamdam
1889 2628 2072 2691 Graecorum

697 2725 854 2805 haeresin,
878 2727 998 2809 qualem
1020 2728 1250 2791 'furrecremata
1273 2727 1345 2808 ipsis
1371 2727 1492 2809 objicit;
1515 2736 1546 2791 at
1568 2727 1606 2790 de
1628 2728 1700 2808 illa,
1731 2746 1831 2808 neque
1860 2725 1898 2789 de
1921 2725 2070 2804 Cahasila,

699 2833 750 2887 aut
771 2824 875 2888 Marco
900 2826 1034 2908 Ephesio
1058 2827 1140 2910 ejus,
1164 2835 1196 2890 ut
1218 2827 1407 2889 recentiores
1429 2826 1549 2908 volunt,
1573 2827 1761 2906 architectis,
1785 2826 1943 2908 Coptitae,
1966 2823 2071 2904 Syriae

699 2923 884 3005 Orthodoxi,
907 2925 1096 3002 Nestorium,
1120 2925 1293 3004 Jacohitae,
1316 2925 1501 3008 Aethiopes,
1530 2927 1657 2990 Armeni
1684 2945 1723 2990 ne
1753 2925 1851 2988 levem
1874 2925 1995 3006 quidem
2017 2940 2071 2984 au-

700 3022 842 3085 ditionem
869 3033 1062 3106 acceperunt.
1118 3025 1290 3088 Efficaciam
1320 3025 1483 3088 verborum
1513 3024 1622 3088 Christi
1652 3025 1691 3088 ad
1720 3026 1979 3088 consecrationem
2014 3041 2071 3086 ne-

699 3137 775 3202 gare
805 3121 993 3202 Orientales,
1032 3125 1159 3208 insignis
1188 3132 1219 3187 et
1246 3141 1378 3186 summae
1408 3126 1597 3206 ignorantiae
1636 3125 1798 3206 conjuncta
1840 3123 1988 3186 culumrdu
2015 3128 2070 3185 est.

701 3220 762 3284 Sed
786 3228 875 3282 orant
897 3239 954 3302 pro
977 3221 1065 3284 donis
1084 3223 1147 3305 jam
1170 3224 1375 3298 consecratis,
1405 3223 1446 3285 ita
1468 3241 1557 3286 sane:
1586 3231 1618 3286 nt
1645 3242 1755 3288 novum
1785 3223 1859 3287 illud
1881 3225 2010 3298 crimen,
2043 3227 2073 3283 et

701 3326 772 3381 ante
795 3319 902 3382 docimi
925 3321 1024 3404 quarti
1046 3321 1160 3386 saeculi
1181 3321 1270 3384 finem
1292 3320 1472 3400 inauditum,
1494 3323 1651 3402 Romanis,
1675 3322 1831 3402 Gothicis,
1859 3319 2068 3398 lfozarahicis,

699 3415 858 3482 Gallicanis
880 3419 1025 3483 Ecclesiis
1048 3421 1138 3503 objici
1159 3428 1296 3502 poterat,
1320 3437 1377 3482 nec
1400 3421 1550 3503 objectum
1573 3440 1702 3504 unquam
1725 3421 1788 3484 fuit.
1809 3422 1921 3486 Errcnt
1938 3418 2066 3496 tandem,

700 3517 863 3581 uitalibus
894 3517 1079 3582 Censorihus
1106 3519 1243 3596 uidetur,
1276 3518 1470 3583 Orientalos:
1501 3528 1531 3582 at
1557 3523 1587 3583 in
1616 3519 1665 3583 illa
1696 3523 1763 3602 ipsa
1791 3521 1926 3584 oratione
1957 3526 2069 3582 certum

701 3625 784 3680 extat
807 3618 945 3680 sincerae
968 3617 1086 3680 illorum
1110 3617 1179 3682 fidei
1201 3619 1240 3682 de
1263 3635 1336 3681 vera
1360 3626 1394 3684 et¹
1413 3619 1487 3682 reali
1511 3621 1728 3684 elementorum
1751 3623 1783 3684 in
1805 3637 1918 3700 corpus
1947 3627 1978 3681 et
2000 3635 2071 3680 san·

700 3716 822 3799 guinem
846 3715 958 3778 Christi
981 3718 1231 3781 transmutatione
1253 3718 1470 3799 testimonium,
1499 3721 1578 3800 quod
1602 3721 1807 3784 Protestantes
1836 3720 1957 3801 eripere
1987 3720 2071 3783 nohis

699 3832 761 3876 non
782 3823 924 3894 possunt,
948 3814 1091 3880 refellere
1115 3816 1208 3881 multo
1230 3819 1336 3882 minus.
1360 3817 1437 3891 Quid
1460 3836 1554 3902 porro
1577 3819 1695 3882 illorum
1713 3819 1818 3898 refert,
1841 3837 1880 3881 an
1902 3817 1976 3882 solis
1998 3837 2071 3881 ver-

700 3913 747 3976 bis
770 3914 935 3979 Dominicis
956 3918 1144 3982 Eucharistia
1167 3925 1382 3997 consecretur,
1413 3936 1451 3980 an
1480 3938 1555 3984 vero
1586 3919 1708 3998 iisdem,
1739 3918 1886 4002 adjunctis
1916 3917 2071 3982 Ecclesiae

701 4014 863 4094 precihus,
886 4018 1065 4097 praesertim
1088 4017 1282 4081 luvocatione
1307 4019 1434 4099 Spiritus
1457 4020 1570 4093 sancti;
1592 4019 1681 4082 modo
1698 4019 1920 4082 consecretur?
1944 4017 2069 4080 Atvere

700 4110 752 4174 illa
774 4117 959 4194 consecrari,
983 4123 1014 4179 et
1037 4115 1117 4179 aliud
1139 4135 1227 4197 quam
1250 4116 1330 4197 quod
1353 4117 1534 4180 videbantur
1555 4118 1633 4196 fieri,
1656 4117 1796 4200 Coptitae
1819 4118 1987 4181 certissime
2001 4136 2071 4180 cre-

701 4207 784 4291 dunt,
808 4220 839 4275 et
861 4215 1030 4296 perspicuis
1054 4215 1156 4278 vcrhis
1179 4215 1368 4279 confitentur.
1409 4218 1521 4279 Varum
1544 4217 1633 4299 objici
1655 4216 1746 4296 solet,
1769 4235 1830 4280 non
1853 4217 1983 4281 credere
2004 4217 2071 4280 illos

700 4310 767 4376 lieri
790 4312 819 4374 id
842 4331 898 4392 per
920 4315 1014 4377 verba
1039 4314 1150 4378 Christi
1170 4315 1306 4390 Domini3
1329 4314 1410 4396 quod
1432 4333 1593 4397 negamus:
1616 4316 1713 4379 Detur
1735 4319 1774 4380 ita
1797 4335 1883 4396 esse,
1911 4316 2072 4398 precibus·

702 4428 762 4490 que
787 4414 1047 4476 consecrationem
1070 4414 1203 4478 tribuere
1226 4415 1312 4490 illos;
1336 4414 1413 4476 illam
1442 4415 1533 4496 igitur
1562 4423 1748 4497 agnoscunt,
1778 4423 1811 4478 ut
1844 4414 2006 4480 Confessio
2034 4415 2071 4478 de

702 4528 762 4591 qua
785 4529 854 4572 mox
876 4512 993 4575 dicetur
1016 4514 1088 4576 satis
1110 4513 1277 4598 significum
1301 4522 1331 4576 ct
1353 4512 1382 4576 id
1413 4513 1500 4576 nobis
1528 4516 1648 4598 negocii
1679 4515 1774 4578 solum
1804 4515 1869 4578 dari
1900 4534 1968 4578 cum
1995 4516 2072 4577 Pro-

701 4609 898 4689 tcstantihus,
928 4618 1014 4674 extra
1044 4613 1165 4674 dubium
1189 4621 1244 4676 cst.
1290 4613 1396 4694 Neque
1420 4619 1535 4691 tamen,
1564 4621 1597 4675 ut
1624 4614 1663 4676 de
1687 4614 1812 4677 Graecis
1835 4613 1981 4693 diximus,
2009 4612 2073 4678 sola

702 4705 895 4772 invocatione
918 4710 1046 4791 Spiritus
1069 4713 1165 4774 sancti
1188 4711 1267 4775 illam
1290 4711 1411 4794 perlici,
1435 4710 1574 4792 Coptitaa
1600 4729 1726 4795 quorum
1749 4713 1915 4797 Litargiam
1944 4715 2074 4796 exponi-

701 4823 788 4885 mus,
825 4807 973 4890 credunt,
1003 4812 1060 4874 etsi
1083 4813 1244 4874 autoritate
1268 4809 1372 4874 Critici
1402 4812 1562 4874 nostratis:
1591 4830 1669 4894 quae
1698 4813 1757 4876 hoc
1786 4813 1817 4874 in
1847 4829 1965 4896 genere
1994 4810 2073 4874 nulla

704 4921 774 4966 esso
797 4905 901 4986 dehet,
926 4906 955 4969 id
978 4908 1077 4972 multis
1100 4911 1299 4974 existimatum
1323 4908 1423 4974 fuerit.
1468 4908 1542 4971 Nam
1565 4913 1661 4975 oratio
1685 4931 1773 4995 quam
1802 4930 1894 4994 supra
1925 4910 2073 4993 exposui-

702 5020 786 5081 mus,
814 5007 1054 5086 praeparationis
1077 5009 1170 5093 vulgo
1193 5009 1287 5094 dicta,
1321 5009 1426 5072 eadem
1448 5026 1574 5089 prorsus
1597 5011 1692 5076 verba
1714 5013 1864 5091 continet,
1894 5010 1933 5073 ad
1965 5015 2074 5092 postu-
