4778 6034
1188 579 1500 660 PRAEFATIO.

659 774 923 881 interpretando
975 776 1110 877 possit,
1167 797 1259 877 quae
1304 775 1383 875 ipse
1434 796 1508 850 non
1563 772 1744 876 intelligat
1820 773 2035 853 Hallucinari

660 915 764 990 etiam
804 907 1029 988 eruditissimi
1065 918 1236 1009 possunt,
1281 916 1321 983 ut
1363 930 1450 984 sane
1489 904 1721 985 hallucinatus
1756 919 1811 986 est
1845 909 1963 986 multis
1999 913 2034 986 in

658 1045 748 1123 locis
779 1039 952 1119 Maronita
973 1040 1278 1143 Aegyptiacorum
1298 1037 1537 1143 Liturgiarum
1561 1042 1757 1143 interpres„
1793 1040 1859 1119 sed
1882 1067 1924 1118 ea
1946 1045 2034 1119 ratio

658 1177 744 1277 luit,
778 1173 875 1279 quod
899 1172 1085 1275 Arabicis,
1120 1196 1213 1277 quae
1247 1196 1334 1276 prae
1358 1172 1472 1252 oculis
1498 1172 1670 1274 habebat,
1703 1174 1789 1252 solis
1811 1174 2035 1275 incumbens,

657 1308 919 1412 Aegyptiacam
962 1309 1239 1409 antiquissimam
1285 1306 1477 1383 lectionem
1514 1329 1588 1384 non
1637 1307 1874 1386 consuluerit:
1923 1307 2034 1385 multo

658 1445 776 1519 minus
808 1438 965 1518 Graecas
998 1438 1196 1542 liturgias,
1230 1463 1323 1542 quae
1355 1437 1518 1518 obscuris
1552 1439 1723 1543 vocibus,
1757 1452 1817 1519 aut
1853 1443 2035 1519 sententiis

511 1649 515 1652 .
658 1576 777 1653 lucem
809 1573 982 1674 allemnt,
1017 1596 1169 1674 eamque
1200 1596 1274 1650 non
1302 1570 1453 1648 dubiam.

395 1730 424 1782 n
451 1733 499 1782 rso
531 1730 645 1782 acoron«
781 1706 952 1799 Quamvis
975 1708 1084 1808 igitur
1117 1728 1190 1782 non
1226 1729 1268 1781 ea
1295 1707 1339 1782 sit
1367 1717 1488 1784 nostra
1519 1709 1719 1807 temeritas,
1752 1718 1793 1784 ut
1822 1709 1857 1784 in
1880 1705 2034 1783 Arabica

331 1823 472 1957 fgsseffffl’
499 1825 528 1868 ¹¹‘
545 1819 646 1870 'imm
658 1853 720 1919 aut
761 1838 930 1942 Syriaca,
975 1838 1098 1915 aliisve
1143 1838 1275 1940 linguis
1314 1835 1541 1918 doctissimos
1582 1851 1726 1918 nostrae
1766 1841 2035 1942 superiorisque

658 1976 782 2052 aetatis
815 1975 916 2050 viros
953 1995 1166 2073 superasse,
1214 1972 1476 2073 existimemus,
1518 1971 1553 2048 id
1588 1997 1699 2050 unum
1731 1997 1821 2050 vere
1858 1971 2035 2050 affirmare

657 2128 863 2210 possumus,
878 2103 972 2205 plus
995 2127 1063 2181 nos
1086 2101 1218 2180 laboris
1242 2115 1278 2180 et
1304 2103 1508 2206 diligentiae
1531 2105 1748 2210 adhibuisse,
1779 2131 1824 2185 eo
1848 2130 2035 2206 successu,

656 2253 696 2318 ut
730 2263 850 2343 neque
885 2235 931 2314 de
961 2260 1048 2313 vera
1084 2239 1373 2338 interpretatione
1404 2236 1550 2315 dubium
1581 2239 1729 2342 alicujus
1753 2243 1922 2317 momenti
1946 2238 2034 2316 reli-

628 2397 768 2477 quum
784 2377 786 2382 “
800 2373 865 2471 sit,
909 2394 1030 2473 neque
1060 2367 1190 2446 bonam
1223 2381 1380 2448 nostram
1419 2369 1529 2448 fidem
1566 2376 1687 2450 vocari
1723 2374 1759 2448 in
1793 2375 2034 2475 suspicionem

599 2547 600 2552 ι
656 2529 859 2584 vereamur.
948 2501 1106 2584 Codices
1153 2505 1398 2584 consuluimus
1440 2504 1562 2607 plures
1607 2516 1643 2582 et
1686 2505 1875 2607 meliores,
1929 2528 2035 2607 quam

656 2642 843 2742 quisquam
879 2639 986 2716 alius:
1027 2634 1176 2741 Coptico
1212 2637 1403 2740 exemplari
1441 2637 1686 2717 adhaesimus:
1721 2650 1757 2716 et
1790 2641 1825 2715 in
1854 2638 1943 2717 locis
1965 2637 2035 2714 ali-

656 2784 744 2876 quot
775 2770 938 2850 obscuris
973 2773 1066 2876 juvit
1103 2795 1170 2849 nos
1212 2775 1365 2849 maxime
1393 2767 1521 2849 Codex
1555 2767 1916 2872 Graeco-Arabicus,
1961 2781 2036 2847 tum

655 2909 775 2983 variae
808 2906 982 2983 lectiones
1015 2903 1192 2983 Arabicae
1224 2908 1402 2984 versionis
1437 2904 1609 3008 duplicis,
1646 2903 1738 2982 illius
1754 2897 1907 2983 ¹'scilicet
1943 2928 2035 3007 quae

654 3019 797 3117 Graeco
833 3042 942 3116 textui
976 3037 1141 3142 adjuncta
1176 3048 1272 3140 erat,
1306 3049 1342 3115 et
1374 3038 1518 3118 alterius
1552 3064 1645 3142 quae
1681 3036 1843 3140 Coptico.

367 3187 475 3242 orrum
499 3192 531 3243 ι
550 3199 644 3243 extum
778 3171 991 3251 Poteramus
1022 3175 1052 3249 si
1083 3170 1308 3250 characteres
1332 3170 1485 3274 Coptici,
1523 3171 1682 3272 Arabici,
1717 3183 1776 3249 aut
1799 3170 1935 3273 Syriaci
1962 3193 2035 3247 non

349 3283 423 3328 notas
468 3277 645 3331 characterum
747 3308 755 3324 .
946 3308 954 3324 .
1049 3308 1080 3324 ..
1247 3308 1255 3324 ,
1390 3309 1398 3325 ,
1526 3309 1534 3326 ‚
1942 3307 1949 3322 .

349 3357 517 3415 0„„„,„„
530 3363 644 3416 ,estem
659 3304 857 3384 deiursscnt
891 3317 975 3384 satrs
1008 3304 1151 3383 utrhbus
1181 3317 1275 3383 nous
1303 3329 1491 3384 versiones
1524 3306 1719 3406 illustrare,
1764 3328 1856 3407 quae
1891 3302 2034 3408 qurdem

351 3450 466 3501 omnum
481 3449 574 3518 coert-
658 3438 702 3516 ad
736 3450 855 3517 textus
889 3442 1044 3516 criticam
1078 3441 1357 3541 spectavissent,
1404 3450 1445 3515 ut
1485 3438 1620 3516 iecere·
1645 3462 1759 3540 prope
1801 3461 1927 3514 omnes
1974 3438 2034 3539 qui

657 3572 860 3675 linguarum
895 3569 1125 3650 Orientalium
1158 3571 1309 3675 aliquam
1342 3570 1544 3650 facultatem
1574 3570 1792 3651 babuerunt:
1840 3570 1906 3649 sed
1944 3571 2034 3647 haec

658 3708 822 3783 omittere
853 3716 1019 3808 typorum
1055 3703 1219 3806 deiectu,
1258 3728 1411 3784 necesse
1446 3706 1520 3784 luit.
1591 3703 1700 3783 lllulta
1736 3717 1853 3782 tamen
1885 3729 1958 3782 non
1989 3703 2033 3780 ad

659 3837 866 3916 emditionis
902 3837 1064 3916 frivolam
1099 3842 1391 3941 ostentationem,
1430 3838 1495 3917 sed
1530 3837 1574 3916 ad
1607 3842 1762 3940 ipsarum
1794 3837 2033 3941 Liturgiamm

657 3975 852 4050 sententias
885 3975 1084 4050 accuratius
1109 3971 1397 4074 perspiciendas,
1428 3973 1499 4051 hoc
1522 3976 1558 4048 in
1579 3997 1718 4075 genere
1740 3975 1910 4075 praestari
1942 3994 2035 4073 pos-

658 4115 762 4207 sunt,
801 4104 845 4182 ad
881 4103 1172 4208 cognoscendam
1207 4109 1360 4207 penitius
1394 4105 1461 4184 stili
1495 4103 1759 4206 Ecclesiastici,
1804 4117 1875 4183 tarn
1908 4102 2034 4181 Graeci

657 4243 891 4341 recentioris,
928 4265 1034 4343 quam
1058 4237 1196 4340 Coptici
1232 4251 1267 4317 et
1287 4238 1432 4317 Arabici
1460 4251 1636 4341 naturam,
1662 4251 1696 4317 ct
1725 4237 2034 4339 consuetudinem,

658 4397 704 4450 ex
731 4374 836 4476 cujus
859 4377 1084 4477 ignoratione
1115 4377 1181 4450 viri
1217 4371 1411 4451 doctissimi
1443 4378 1478 4452 in
1501 4377 1735 4478 gravissimos
1758 4398 1868 4476 saepe
1891 4399 2034 4452 errores

657 4507 746 4608 lapsi
770 4519 872 4610 sunt,
907 4521 943 4587 et
976 4510 1063 4586 alios
1099 4507 1311 4585 lelellerunt.
1373 4505 1471 4587 lllius
1499 4512 1631 4613 quippe
1666 4508 1735 4587 stili
1769 4533 1812 4585 ea
1845 4510 1933 4586 ratio
1967 4518 2034 4608 est,

657 4651 698 4717 ut
736 4640 866 4718 frustra
904 4641 985 4719 alibi
1028 4667 1133 4746 quam
1173 4645 1208 4718 in
1245 4638 1524 4745 Christianomm
1555 4641 1652 4719 libris
1688 4653 1897 4744 quaeratur,
1941 4663 2033 4743 quos

657 4774 954 4876 amplissimorum
988 4773 1202 4853 Lexicorum
1245 4787 1388 4852 autores
1422 4779 1483 4852 vix
1524 4779 1671 4853 novisse
1709 4776 1935 4853 manifestum
1966 4783 2032 4872 est,

657 4905 748 4982 adeo
792 4919 831 4985 ut
872 4908 1084 5012 plemmque
1125 4908 1320 5011 vocabula,
1364 4919 1403 4986 ut
1436 4911 1540 4986 etiam
1573 4898 1748 5015 τεχνικὰ
1781 4912 1918 5007 omnia,
1959 4928 2033 4981 non

656 5038 799 5116 aliunde
830 5041 977 5145 intelligi
1010 5066 1116 5145 quam
1148 5068 1195 5121 ex
1224 5043 1406 5145 multiplici
1436 5044 1591 5122 lectione
1622 5043 1770 5122 soleant.
1809 5041 1860 5120 At
1883 5049 2032 5142 quantas
