4736 6064
718 540 796 613 466
1110 541 1728 620 onsnttvntton'ns

720 725 893 785 strumentis
922 724 1081 788 electionis
1108 725 1273 806 loquuntur
1299 727 1395 810 pn'mo
1431 726 1502 789 loco
1535 725 1698 808 Episcopi,
1731 735 1763 788 et
1792 728 1994 792 testimonium
2023 731 2094 794 dant

720 839 887 884 consensus
911 821 1119 902 Sacerdotem,
1142 825 1294 904 totiusque
1317 824 1412 902 Cleri,
1434 824 1650 886 Monaehorum
1672 832 1704 887 et
1725 824 1896 888 Laicorum.

804 920 869 983 Nec
891 923 980 984 etiam
1002 923 1224 1002 praetereunda
1246 923 1408 1007 singularis
1437 922 1609 985 observatio
1633 923 1714 984 circa
1736 923 1933 988 llierarchiae
1954 924 2094 987 Alexan-

718 1019 823 1082 drinae
845 1019 1031 1084 lacebiticae
1054 1021 1292 1102 dispositionem.
1344 1021 1463 1084 Nullius
1486 1021 1565 1083 enim
1586 1020 1799 1102 Metropolitae
1822 1024 1934 1086 mentio
1958 1031 2016 1098 est,
2039 1023 2094 1086 sed

717 1136 817 1199 neque
851 1117 1102 1202 Archiepisccpi,
1140 1139 1208 1182 eum
1243 1119 1327 1183 solus
1364 1119 1536 1182 Patriarcha
1564 1119 1681 1181 titulum
1709 1119 1789 1182 hunc
1816 1121 1941 1184 honoris
1973 1121 2093 1184 babeat

716 1217 823 1298 ltaque
844 1216 904 1280 duo
926 1218 1072 1300 Episcopi
1101 1221 1256 1297 seniores,
1284 1226 1399 1280 tractus
1426 1219 1581 1295 maritimi,
1611 1235 1667 1279 seu
1696 1217 1850 1282 interioris
1877 1217 2032 1300 Aegypti,
2063 1229 2093 1283 et

717 1314 886 1394 Australis,
916 1318 982 1380 sive
1008 1315 1143 1399 Aegypti
1173 1318 1357 1398 superioris,
1388 1317 1514 1397 primum
1548 1317 1579 1379 in
1614 1315 1811 1380 Ordinatione
1842 1318 1941 1380 locum
1971 1324 2091 1382 tenent:

718 1413 801 1494 quod
823 1431 883 1476 non
906 1413 1015 1476 factum
1038 1415 1155 1492 luisset,
1177 1417 1204 1478 si
1226 1417 1293 1497 quis
1315 1414 1585 1496 Archiepiscopus‚
1615 1422 1666 1477 aut
1688 1414 1882 1496 Metropolita
1904 1417 2092 1478 intervenis-

717 1519 782 1590 set,
804 1531 874 1575 nam
895 1513 954 1576 illis
977 1533 1016 1576 ex
1034 1515 1105 1597 jure
1127 1516 1275 1577 commoni
1298 1516 1324 1576 is
1351 1513 1450 1577 honor
1478 1514 1679 1594 competebat.
1724 1516 1837 1576 Verum
1859 1516 1971 1577 ommsa
1993 1532 2091 1596 quae-

716 1613 814 1675 stione
845 1629 922 1692 quae
952 1631 969 1674 a
998 1614 1072 1676 viris
1100 1613 1282 1676 doctissimis
1313 1618 1438 1675 tractata
1469 1620 1532 1690 cst,
1563 1630 1602 1673 an
1629 1621 1662 1674 ut
1689 1613 1728 1675 ab
1756 1613 1872 1693 aliquot
1901 1613 2033 1674 saeculis
2062 1613 2091 1673 in

716 1709 855 1774 Ecclesia
879 1712 1006 1791 Graeca,
1028 1715 1069 1775 ita
1092 1713 1163 1776 olim
1193 1713 1354 1795 Aegyptus
1376 1711 1585 1791 Metropolitas
1608 1711 1763 1789 habuerit,
1794 1729 1833 1772 an
1854 1711 1937 1773 solos
1959 1710 2092 1791 Episco-

716 1823 774 1887 pos
780 1827 790 1883 ;
813 1809 919 1870 saltem
941 1829 982 1872 ex
1004 1812 1141 1873 omnibus
1155 1810 1381 1873 Ecclesiasticis
1405 1808 1593 1888 Coptitarum
1615 1811 1814 1872 monumentis
1837 1817 1967 1888 constat,
1991 1809 2090 1872 nullos

716 1907 798 1988 apud
835 1925 890 1969 ecs
917 1908 1126 1990 Metropolitas
1157 1917 1208 1972 aut
1238 1909 1497 1990 Archiepiscopos
1533 1907 1646 1987 fuisse,
1681 1914 1806 1988 praeter
1841 1907 2090 1970 Alexandrinum.

716 2005 906 2068 Observatur
928 2015 1026 2070 tamen
1048 2008 1171 2070 saeculo
1195 2008 1373 2071 duodecimo
1386 2008 1542 2070 Damietae
1561 2007 1782 2086 Metropolitum
1796 2005 1943 2086 appellari
1954 2006 2091 2068 Michae-

716 2103 776 2166 lem
799 2106 1082 2185 quemdamMaroo
1105 2106 1165 2169 lilio
1189 2107 1304 2170 Zamae
1327 2106 1500 2188 aequalem:
1524 2114 1556 2169 et
1578 2105 1725 2188 Cyriacus
1748 2106 1834 2185 cujus
1857 2113 1940 2168 aetas
1962 2106 2090 2189 ignora-

715 2212 784 2283 tur,
813 2205 843 2266 in
874 2205 960 2268 titulo
990 2205 1145 2286 cujusdam
1174 2205 1329 2287 Liturgiae
1358 2203 1574 2286 Aethiopicae,
1602 2223 1681 2285 quae
1707 2204 1751 2267 illi
1782 2204 1936 2281 tribuitur,
1964 2212 2090 2268 vocatur

714 2303 975 2386 Archiepisoopus
998 2304 1146 2384 Behnsae,
1170 2323 1248 2386 quae
1270 2303 1344 2366 urbs
1374 2312 1441 2366 erat
1463 2303 1634 2366 Thebaidis.
1684 2302 1724 2368 At
1747 2303 1829 2364 nullo
1852 2302 1997 2365 historiae
2021 2302 2089 2366 loco

715 2402 896 2464 observatur
918 2403 1087 2484 quidquam,
1110 2404 1190 2466 unde
1219 2402 1459 2479 Damietensem,
1489 2410 1522 2464 et
1543 2401 1749 2480 Eehnsanum,
1779 2401 1925 2486 dignitate
1954 2401 2088 2482 reliquos

713 2500 884 2581 Episcopos
908 2502 1123 2580 antecessisse,
1146 2501 1197 2564 vel
1219 2503 1250 2564 in
1271 2517 1326 2564 eos
1346 2501 1397 2583 jus
1420 2501 1543 2581 aliquod
1566 2501 1756 2578 exercuisse,
1780 2498 2012 2562 demonstretur.
2057 2500 2089 2563 ld

714 2600 742 2660 si
764 2616 911 2679 unquam,
941 2617 1016 2662 sane
1043 2602 1074 2662 in
1104 2599 1240 2664 Comitiis
1268 2599 1491 2663 Ecclesiasticis
1522 2599 1560 2660 ad
1595 2599 1776 2661 electionem
1805 2606 1836 2660 et
1864 2597 2089 2662 Ordinationem

713 2697 964 2773 Patriarcharum,
988 2699 1086 2762 locum
1110 2699 1277 2762 habuisset:
1308 2706 1429 2761 etcum
1452 2698 1582 2779 plurium
1604 2705 1777 2760 accuratam
1806 2698 2010 2760 narrationem
2033 2697 2089 2760 ha·

713 2795 849 2872 beamus,
872 2815 994 2878 semper
1015 2797 1154 2860 seniores
1177 2797 1346 2878 Episcopus
1370 2796 1446 2859 duos
1469 2796 1611 2858 electioni
1633 2795 1817 2878 praebuisse,
1840 2803 1871 2858 et
1892 2797 2000 2860 Electo
2022 2815 2088 2859 ma-

714 2911 772 2956 nus
795 2895 976 2976 imposuisse
1000 2896 1200 2976 agnoscimus·
1229 2896 1290 2959 lrnc
1313 2897 1392 2958 inter
1414 2901 1458 2956 tot
1480 2893 1650 2976 Episcopus
1674 2896 1726 2976 qui
1748 2896 1779 2956 in
1801 2895 1933 2958 Historia
1954 2896 2087 2959 Patriar-

715 2993 792 3055 chali
815 2994 1021 3071 nominantur,
1052 2994 1151 3057 nullos
1174 2994 1251 3058 alios
1273 2993 1325 3056 tali
1348 2993 1434 3056 titulo
1465 2993 1642 3056 honestatos
1670 2994 1849 3074 reperimus.
1900 2993 1968 3056 Fuit
1997 2996 2087 3078 igitur

714 3091 853 3172 simplex,
870 3100 1017 3172 ,quantum
1042 3093 1193 3174 conjicere
1224 3111 1396 3175 possumus,
1419 3092 1543 3155 honoris
1565 3095 1798 3176 praerogativa,
1827 3094 1913 3175 cujus
1941 3096 2086 3158 rationem

714 3190 953 3271 exconjectura
976 3190 1085 3254 nullam
1109 3191 1310 3254 daremelius
1339 3197 1396 3268 est,
1420 3208 1508 3270 quam
1537 3190 1697 3253 divinando
1728 3190 1861 3254 lectores
1891 3194 1923 3254 in
1951 3211 2086 3257 errorem

713 3286 866 3351 inducere.
893 3289 999 3369 Neque
1024 3289 1209 3353 Graecorum
1231 3289 1362 3352 Notitiae
1385 3289 1474 3351 ullius
1497 3288 1536 3350 ad
1559 3291 1766 3369 quaestionem
1790 3290 1996 3354 elucidandam
2019 3307 2086 3354 mo-

712 3387 805 3448 menti
828 3395 907 3465 sunt,
931 3406 998 3451 oum
1021 3391 1209 3452 recentiores
1232 3389 1307 3467 sint,
1337 3387 1479 3467 nihilque.
1493 3405 1560 3449 cum
1584 3386 1778 3468 Coptioarum
1804 3388 2009 3452 Ecclesiamm
2039 3389 2087 3451 di-

712 3486 829 3548 visione
851 3505 1009 3550 commune
1031 3487 1175 3564 habeant;
1206 3506 1265 3568 qua
1288 3485 1383 3548 dere
1406 3492 1547 3566 mantum
1570 3503 1648 3566 opus
1672 3494 1738 3549 erat
1760 3487 1870 3550 dictum
1894 3488 1956 3551 luit.

798 3583 874 3647 lllud
897 3603 1019 3666 quoque
1041 3586 1195 3669 singulare
1219 3593 1250 3648 et
1271 3584 1418 3648 Jacobitis
1441 3584 1656 3648 Alexandrinis
1678 3588 1845 3667 proprium,
1867 3594 1901 3649 ut
1923 3586 2084 3650 Africanae

711 3681 870 3745 Ecclesiae
893 3685 1006 3746 veteris
1029 3685 1179 3765 exemplo,
1203 3683 1347 3764 Episcopi
1370 3701 1410 3745 ex
1434 3683 1630 3745 ordinationis
1650 3701 1725 3746 suae
1738 3688 1913 3766 antiquitate
1928 3688 2085 3765 primattun

712 3781 869 3861 quemdam
892 3782 1073 3845 obtinerent.
1104 3783 1187 3846 Unus
1210 3791 1307 3844 tamen
1331 3782 1409 3843 inter
1432 3798 1537 3843 ornnes
1560 3783 1664 3844 senior
1673 3781 1896 3865 Episcoporum
1918 3785 2084 3863 dicebatur,

711 3882 847 3961 quamvis
881 3881 958 3960 duo,
986 3899 1064 3944 unus
1093 3881 1260 3944 Maritimae
1289 3880 1481 3962 provinciae,
1512 3881 1588 3942 alter
1617 3880 1785 3961 Australis,
1821 3885 1887 3946 sive
1916 3886 2084 3966 superioris

712 3981 848 4061 Aegypti
871 3982 1056 4062 antiquiores
1078 3981 1234 4062 Episcopi,
1257 3981 1370 4062 primas
1395 3981 1425 4042 in
1448 3979 1597 4042 electione
1620 3989 1651 4043 et
1674 3980 1870 4046 Ordinatione
1891 3984 2084 4048 Patriarcha-

712 4097 777 4140 rum
800 4087 903 4160 partes
926 4079 1082 4142 haberent.
1113 4081 1154 4142 At
1176 4081 1281 4143 senior
1303 4080 1433 4142 omnium
1449 4076 1585 4142 comitiis
1608 4080 1858 4145 Patriarchalibus
1879 4083 2083 4163 praesidebat,

712 4184 746 4238 ut
769 4176 808 4239 de
830 4178 916 4241 hlose
939 4179 1092 4260 Episcopo
1114 4179 1255 4254 Wissim,
1273 4161 1314 4241 ‘et
1336 4177 1402 4240 aliis
1426 4177 1576 4241 nonnullis
1599 4186 1703 4240 narrat
1725 4179 1858 4241 historia.
1903 4183 2016 4244 Verum
2034 4183 2083 4263 jus

713 4274 826 4336 nullum
848 4276 929 4339 aliud
952 4277 1148 4357 exercebant,
1177 4278 1266 4359 quale
1289 4276 1433 4340 Primates
1456 4277 1610 4355 Alricani,
1639 4295 1699 4340 non
1728 4278 1817 4341 modo
1841 4277 1922 4360 quod
1944 4279 2083 4359 Synodos

712 4391 884 4438 convocare
907 4395 970 4440 non
992 4384 1129 4456 possent,
1151 4394 1251 4456 neque
1275 4377 1353 4438 enim
1376 4374 1407 4437 id
1428 4375 1637 4438 Muhamedani
1659 4375 1859 4458 patiebantur,
1883 4379 1941 4440 uisi
1963 4378 2002 4439 ad
2025 4377 2083 4440 eli-

613 4495 616 4500 ·
710 4474 843 4556 gendum
865 4475 1078 4554 Patriarcbam,
1102 4475 1158 4538 sed
1179 4492 1280 4554 neque
1308 4473 1535 4537 Ordinationum
1557 4475 1782 4556 Episcopalium
1811 4477 1874 4539 suis
1897 4477 1927 4536 in
1949 4473 2083 4537 Dioece·

709 4571 792 4634 sibus
816 4573 854 4635 ab
876 4573 934 4636 illis
957 4574 1177 4637 celebratarum
1200 4579 1363 4636 occurrunt
1386 4572 1534 4654 exempla.
1588 4573 1622 4635 ln
1644 4574 1858 4654 l’sephismatis
1881 4575 1982 4653 etiam,
2006 4591 2082 4654 quae

709 4671 808 4732 statim
832 4678 921 4752 atque
944 4673 1074 4734 omnium
1097 4672 1250 4754 sullragiis
1274 4671 1390 4733 electus
1412 4670 1519 4751 aliquis
1541 4671 1651 4750 iuerat,
1675 4671 1921 4750 conficiebantur,
1944 4673 2080 4735 seniores

709 4766 751 4828 illi
774 4768 918 4849 Episcopi
941 4787 1001 4832 non
1024 4787 1081 4833 suo
1103 4773 1235 4848 nomine,
1260 4769 1315 4831 sed
1336 4768 1521 4850 reliquorum
1542 4771 1775 4853 Episcoporum,
1797 4771 1890 4850 Cleri,
1912 4771 2080 4835 Monachu-

711 4881 778 4928 rum
800 4875 831 4928 et
852 4867 1012 4932 laicorum
1034 4869 1251 4950 loquebantur,
1287 4876 1317 4930 et
1339 4875 1480 4948 tanquam
1508 4871 1598 4950 primi
1625 4871 1704 4933 inter
1732 4888 1841 4951 pares,
1878 4870 1995 4950 absque
2022 4868 2080 4931 ulla

679 4981 683 4988 ’
710 4981 786 5045 prae
809 4965 944 5047 reliquis,
967 4966 1089 5030 honoris
1113 4967 1315 5049 amplitudine.
