4686 6060
786 444 1320 525 ALEXANDRINO.
1648 443 1753 538 421ο

463 631 582 706 CXIV.
609 655 654 704 nv.
681 633 746 706 Est
771 633 974 728 Metropolis
999 633 1144 706 Sindica
1170 639 1205 705 et
1229 633 1352 706 lodice
1378 639 1413 734 et
1443 632 1605 704 ditionum
1637 655 1725 728 quoe

358 749 427 821 illis
453 754 676 822 continentur.
723 751 772 824 lta
799 749 917 844 editor,
943 773 1041 847 mem
1067 773 1135 824 non
1161 761 1288 824 wmare
1313 749 1468 825 fortassis
1492 746 1725 842 judicabimus,

358 876 414 939 aut
439 867 472 938 in
498 869 654 940 vitiosam
681 871 875 962 scripturam
903 865 1078 957 incidisse,
1105 874 1162 939 aut
1188 887 1296 963 prave
1322 864 1471 957 legisse,
1505 874 1561 936 aut
1593 864 1726 937 tandem

358 991 509 1054 autorem
535 1004 632 1078 quem
659 992 792 1058 secutus
819 993 871 1055 est
896 982 1126 1056 hallucinatum
1158 983 1274 1056 fuisse.
1333 980 1420 1054 Nam
1455 981 1532 1076 quid
1565 980 1726 1053 Alexan-

359 1099 454 1172 drino
481 1099 694 1173 Patriarchac
727 1121 801 1171 cum
835 1099 927 1172 ludia
960 1121 1134 1172 commune
1167 1121 1246 1173 esse
1278 1097 1407 1198 potuit?
1446 1096 1567 1170 Notum
1605 1101 1727 1194 quippe

359 1224 411 1290 est
437 1237 484 1288 ex
510 1213 650 1289 Graecis
677 1214 823 1303 Notitiis,
850 1225 884 1287 et
899 1213 976 1288 Nilo
995 1214 1216 1310 Doxapatrio,
1242 1213 1380 1305 Indiam,
1406 1222 1443 1285 ut
1463 1212 1546 1288 alias
1567 1215 1726 1306 regiones

360 1331 505 1406 Orientis
530 1335 665 1428 proprie
698 1330 774 1402 dicti
808 1329 915 1402 ferme
951 1352 1085 1420 omnes,
1119 1330 1161 1402 ad
1195 1329 1438 1404 Antiochenam
1470 1329 1584 1402 sedem
1616 1331 1727 1425 perti-

359 1451 482 1522 nuisse.
543 1446 662 1543 Neque
701 1469 776 1520 cum
811 1455 1072 1520 commentatore
1106 1446 1322 1520 laborandum
1357 1455 1428 1535 est,
1464 1456 1499 1518 ιιι
1534 1445 1727 1519 ostendatur

359 1564 484 1638 Indiam
511 1572 545 1636 et
570 1562 719 1636 Sindiam
744 1558 783 1634 in'
801 1564 887 1637 Asia
914 1585 1010 1653 esse,
1036 1563 1137 1636 multo
1163 1565 1270 1635 minus
1298 1561 1551 1634 existimandum
1587 1583 1633 1632 ex
1665 1561 1728 1632 hac

359 1679 483 1753 Notitia
522 1681 682 1775 consequi
720 1677 934 1751 Patriarehae
967 1678 1186 1754 Alexandrini
1227 1686 1427 1775 potestatem
1466 1679 1551 1749 intra
1586 1676 1728 1750 Africae

359 1797 479 1868 limites
512 1798 692 1868 coercitam
729 1816 798 1866 non
830 1794 943 1867 luisse.
1001 1795 1072 1867 lmo
1106 1797 1216 1891 potius
1249 1793 1328 1866 inde
1363 1796 1549 1867 certissime
1580 1794 1728 1878 efficitur,

360 1912 518 1986 Notitiam
546 1933 624 1986 esse
649 1910 882 2001 falsissimam,
909 1933 996 2008 quae
1022 1933 1096 1983 cum
1124 1912 1197 1984 aliis
1223 1910 1397 2001 omnihus,
1431 1920 1465 1982 et
1497 1915 1640 1984 omnium
1672 1906 1728 1978 hi-

337 2027 538 2102 'storiarmn
563 2029 752 2100 testimonio
778 2049 928 2122 pugnare
955 2026 1230 2124 deprehendatur.
1282 2026 1401 2122 Neque
1433 2029 1519 2098 enim
1547 2026 1589 2099 de
1614 2025 1729 2099 Indiae

363 2147 502 2240 antiquis
529 2143 724 2218 Christianis
757 2147 837 2216 satis
869 2154 1084 2246 perspectum·
1106 2155 1175 2233 est,
1210 2143 1341 2239 quando
1361 2142 1412 2215 ad
1437 2142 1534 2216 tidem
1562 2141 1728 2215 Christia-

361 2283 437 2333 nam
463 2263 630 2332 venerint:
657 2258 718 2331 sed
741 2261 811 2350 jam
838 2259 880 2333 ah
908 2270 1030 2332 octavo
1057 2259 1205 2349 saeculo,
1229 2263 1350 2335 scimus
1373 2281 1490 2332 omnes
1511 2259 1624 2332 Indiae
1639 2280 1728 2355 pro-

361 2379 433 2474 prie
460 2376 568 2451 dictae
595 2374 801 2448 Christianos
828 2374 889 2448 suh
918 2373 1161 2449 catholicorum
1186 2377 1470 2467 Modaiucnsium,
1499 2397 1561 2448 seu
1585 2373 1728 2468 Bagda-

364 2495 512 2568 densium
538 2491 776 2566 Ecclesiastico
803 2501 970 2588 potestate
996 2492 1117 2584 fuisse,
1145 2505 1179 2566 ct
1205 2518 1225 2568 a
1252 2495 1363 2566 missis
1390 2514 1450 2567 eas
1476 2496 1509 2564 in
1536 2495 1729 2589 provincias

363 2607 592 2684 sacerdotibus
619 2617 663 2704 ct
677 2607 877 2706 Episcopis,
902 2607 1201 2684 Nestorianismum
1228 2609 1408 2698 didicisse,
1443 2613 1477 2681 in
1510 2631 1575 2705 quo
1603 2630 1729 2704 perse-

362 2726 525 2801 verabant
560 2725 685 2814 adhuc,
720 2748 793 2799 oum
825 2725 974 2800 Lusitani
1007 2723 1068 2800 suh
1101 2727 1200 2800 finem
1234 2725 1310 2799 XV.
1345 2725 1470 2800 saeculi
1509 2747 1552 2797 eo
1587 2723 1729 2798 navibus

362 2852 595 2942 pervenerunt
645 2841 808 2934 Bagdado
835 2845 870 2914 in
894 2843 1019 2916 Indiam
1043 2844 1255 2918 mittebantur
1281 2842 1527 2938 Metropohtae,
1553 2863 1658 2938 nsque
1686 2841 1729 2914 ad

363 2961 508 3034 ultimum
535 2958 721 3033 saeculum:
756 2980 937 3053 omnesque
963 2957 1030 3030 illic
1055 2958 1162 3032 terme
1186 2958 1409 3032 Nestorianos
1435 2955 1557 3046 hrisse,
1589 2966 1729 3030 testatur

364 3079 444 3169 satis
469 3075 616 3149 Historia
642 3074 757 3146 Alexii
784 3073 827 3146 de
852 3075 1022 3164 Neneses,
1050 3077 1104 3170 qui
1124 3074 1165 3147 ad
1191 3097 1307 3148 eorum
1329 3077 1584 3146 conversionem
1604 3083 1729 3146 tantum

364 3215 490 3289 operae
517 3193 636 3288 posuit.
689 3190 780 3264 Idem
806 3190 848 3262 de
875 3193 1049 3285 antiquiori
1075 3200 1226 3286 tempore
1253 3188 1397 3287 prohant
1429 3199 1563 3262 automs
1597 3192 1652 3284 qui
1686 3189 1728 3261 de

364 3308 610 3384 Catholicorum
636 3305 737 3380 rebus
764 3310 945 3403 scripsere,
971 3306 1096 3396 Maiis,
1123 3317 1156 3378 et
1180 3308 1323 3380 Amrus:
1359 3317 1395 3378 ut
1423 3303 1510 3410 alihi¹
1525 3303 1631 3377 insius
1658 3327 1728 3376 ex-

361 3423 566 3521 plicabimus.
619 3422 716 3496 Unde
741 3433 833 3494 recte
858 3421 1014 3515 teganus.
1027 3426 1059 3495 iu
1088 3422 1212 3496 Ordine
1230 3421 1463 3518 Metropoleon
1490 3420 1576 3494 illius
1603 3430 1729 3507 sectae,

362 3540 571 3634 Metropolis
596 3539 718 3611 lndioe
744 3545 779 3611 et
811 3538 994 3624 Siccaena
1026 3561 1125 3636 mem
1158 3538 1283 3613 titulum
1324 3536 1529 3635 usurpabant
1567 3535 1669 3610 adimi
1705 3562 1726 3610 a

361 3656 574 3748 Bagdadensi
600 3655 772 3728 catholico
800 3657 962 3750 superiori
988 3655 1125 3728 saeculo
1153 3655 1195 3728 ad
1227 3654 1511 3748 Angamalensem
1542 3652 1729 3726 Ecclesiam

362 3775 476 3862 missi,
502 3773 577 3844 Nar
602 3770 709 3844 lacoh
736 3779 771 3842 et
795 3771 870 3843 Mar
895 3768 1041 3866 loseph,
1069 3793 1153 3865 quos
1179 3771 1349 3846 Nenesius
1376 3783 1410 3843 et
1427 3771 1596 3867 Inquisitio
1622 3769 1729 3842 Lusi-

363 3890 470 3959 tanica
497 3888 579 3961 sede
606 3909 665 3960 sua
691 3886 962 3960 exturbaverunt
1015 3887 1053 3958 ln
1073 3887 1166 3959 India
1201 3896 1256 3960 aut
1282 3886 1408 3978 Sindia,
1436 3909 1522 3982 quac
1550 3889 1623 3979 ejus
1649 3907 1730 3982 pars

364 4015 433 4094 est,
459 4008 521 4078 vix
545 4003 603 4076 ulli
630 4026 774 4099 unquam
798 4003 976 4076 tacohitae
1001 4007 1147 4100 reperti,
1179 4012 1412 4100 praeterquam
1438 4006 1472 4074 in
1498 4001 1641 4075 Socotro
1667 4002 1728 4074 ln-

346 4105 451 4211 'ana
479 4121 521 4192 de
548 4119 666 4217 quihus
693 4120 814 4194 dictum
840 4129 893 4192 est
918 4120 982 4192 alio
1007 4120 1096 4193 loco.

467 4236 570 4310 CXV.
622 4260 657 4309 u.
683 4236 793 4310 Sedes
819 4241 870 4309 ost
894 4236 1154 4330 Metropolitnni
1169 4235 1364 4310 Hohossioe
1390 4245 1425 4310 et
1451 4239 1594 4309 omniurn
1619 4237 1728 4307 ditio-
1776 4231 1921 4307 Aethiopia.

264 4425 268 4444 ,
363 4377 440 4425 naon
466 4360 556 4446 qen:
587 4353 789 4451 Aethiopiae
815 4351 943 4428 scilicet
967 4354 1103 4448 proprie
1129 4354 1247 4427 dictae.
1300 4355 1390 4430 Illius
1425 4358 1548 4428 mentio
1580 4353 1669 4425 nulla
1696 4356 1728 4422 in

363 4467 568 4542 Graecorum
594 4469 743 4543 Notitiis:
780 4473 856 4566 quia
883 4467 1011 4541 scilicet
1037 4491 1082 4541 ex
1109 4493 1174 4566 quo
1202 4471 1310 4544 scissa
1337 4481 1390 4544 est
1414 4469 1590 4564 Ecclesia,
1620 4491 1728 4566 prae-

363 4586 476 4656 sertim
502 4585 633 4680 quando
661 4586 794 4662 Arahes
811 4588 1008 4683 Aegyptum
1034 4585 1256 4680 subegerunt,
1282 4586 1471 4678 lacohitae,
1500 4589 1554 4682 qui
1581 4585 1643 4658 soli
1668 4605 1730 4681 per

363 4721 469 4773 anuos
494 4724 601 4800 prope
627 4714 756 4776 centum
785 4699 985 4776 cathedram
1011 4703 1267 4776 Patriarchalem
1292 4712 1484 4794 munerant,
1510 4705 1621 4776 missis
1639 4700 1729 4797 Epi-

363 4820 475 4913 scopis
501 4839 583 4893 suae
610 4831 741 4908 sectae,
767 4827 871 4890 totam
896 4818 985 4891 illam
1011 4823 1185 4912 regionem
1210 4820 1253 4893 ad
1280 4842 1374 4894 suam
1396 4819 1551 4892 haeresin
1577 4827 1730 4891 transtu-

361 4932 477 5006 lerunt.
529 4936 644 5030 ltaque
670 4937 769 5006 etiam
797 4953 838 5006 eo
871 4935 950 5009 loco
985 4933 1110 5010 Notitia
1145 4935 1201 5009 illa
1232 4934 1319 5009 falsa
1353 4957 1431 5010 esse
1466 4935 1730 5030 deprehenditur.

1450 5051 1526 5128 69*
