4686 6060
749 583 1279 664 ALEXANDRINO.
1600 582 1676 658 419

309 770 521 869 Aethiopiam
547 773 760 868 pervenisset
784 793 907 864 magno
934 794 996 844 suo
1018 771 1196 866 periculo)
1223 770 1371 862 linguam
1389 772 1540 845 ediscere
1567 793 1677 868 opor-

309 890 412 978 tebat,
438 913 512 962 cum
537 889 645 962 nullus
671 891 905 984 Aegyptiacae
932 899 987 960 aut
1002 886 1174 962 Arabicae
1200 887 1286 984 apud
1311 885 1496 984 Aethiopes
1522 911 1601 962 usus
1617 887 1678 960 io·

309 1016 379 1094 ret,
413 1005 470 1077 vel
501 1008 534 1076 in
570 1004 659 1076 civili
693 1007 915 1094 commercio,
950 1003 1008 1076 vel
1032 1008 1066 1076 in
1092 1004 1194 1078 rebus
1227 1003 1485 1078 Ecclesiasticis.
1531 1002 1616 1075 Nam
1643 1009 1677 1076 in

311 1125 418 1195 sacris
444 1131 620 1218 usurpatur
646 1120 766 1194 dudum
792 1124 877 1191 inter
904 1144 964 1194 eos
991 1120 1118 1212 lingua,
1155 1143 1253 1217 quam
1284 1119 1515 1216 Aethiopicam
1540 1124 1678 1217 proprie

311 1237 526 1334 appellamus,
553 1262 573 1310 a
598 1237 731 1332 vulgari
758 1240 839 1309 satis
866 1237 1013 1326 diversa,
1049 1247 1083 1308 et
1108 1239 1140 1308 in
1175 1236 1366 1331 quotidiano
1394 1259 1471 1325 usu,
1505 1258 1546 1308 ca
1581 1261 1678 1332 quam

310 1352 524 1429 Ambaricam
551 1364 695 1426 vocant:
723 1362 757 1425 ct
784 1355 935 1448 quamvis
962 1357 1044 1424 ritus
1070 1356 1239 1447 utriusque
1271 1351 1448 1426 Ecclesiae
1481 1355 1545 1425 sint
1578 1352 1678 1424 valde

312 1468 447 1560 similes,
475 1477 673 1560 esttamen,
700 1479 735 1540 ut
762 1468 867 1540 adhuc
894 1467 1113 1556 observatur,
1141 1467 1248 1562 aliqua
1274 1447 1360 1541 inter
1393 1491 1454 1542 eos
1487 1467 1677 1542 differentia.

310 1584 410 1660 Aliud
443 1588 499 1678 jus
535 1595 670 1680 praeter
702 1588 938 1658 institutionem
971 1584 1206 1680 Metropolitae
1239 1607 1306 1657 non
1340 1583 1495 1656 videntur
1521 1583 1677 1658 habuisse

310 1699 523 1774 Patriarohae
551 1700 771 1774 Alexandrini
797 1705 829 1771 in
854 1700 1082 1795 Aethiopiam:
1115 1723 1181 1772 non
1208 1701 1357 1790 fructus,
1389 1699 1678 1796 eleemosynarum

310 1823 445 1890 nomine
471 1816 547 1888 inde
576 1816 815 1913 percipiebant,
840 1838 908 1889 non
936 1799 1031 1889 aliam
1060 1816 1357 1905 contributionem,
1386 1816 1500 1913 quales
1528 1839 1573 1888 ex
1598 1815 1678 1889 Ae-

311 1939 406 2030 gypti
432 1933 689 2030 Episcopatibus
723 1944 756 2005 et
782 1933 995 2006 Monasteriis
1022 1935 1183 2025 exigere,
1217 1936 1315 2006 etiam
1354 1933 1481 2028 absque
1517 1936 1678 2006 simoniae

311 2051 500 2144 suspicione
529 2047 691 2123 solebant.
744 2049 813 2120 Sed
848 2053 977 2152 quinties
1013 2047 1162 2122 mittebat
1191 2046 1271 2120 Rex
1301 2048 1503 2144 Aethiopiae
1539 2051 1678 2122 inAe-

310 2174 461 2260 gyptum,
489 2163 531 2236 ad
548 2164 778 2259 postulandam
793 2164 1025 2259 Metropolitae
1053 2163 1300 2237 Ordinationem
1326 2169 1359 2236 in
1387 2163 1532 2238 defuncti
1557 2166 1678 2256 locum,

310 2300 447 2351 munera
480 2280 577 2352 simul
608 2285 738 2354 mittere
770 2281 903 2353 solebat
935 2281 977 2351 ad
1010 2280 1252 2369 Patriarcbam,
1286 2280 1478 2376 utq2aliquot
1508 2280 1677 2355 Historiae

309 2394 562 2468 Alexandrinae
589 2397 755 2492 exemplis
782 2395 991 2468 manifestum
1019 2407 1080 2468 est.
1122 2396 1159 2467 ln
1188 2401 1319 2490 signum
1345 2401 1445 2470 etiam
1468 2387 1678 2492 jurisdictioss

309 2513 380 2599 nis,
424 2511 615 2585 scribebant
652 2511 866 2584 Patriarohae
904 2515 1078 2606 quotannis
1113 2512 1226 2586 literas
1265 2516 1299 2584 in
1337 2512 1571 2610 Aethiopiam,
1610 2534 1678 2584 non

311 2627 438 2723 quidem
468 2626 668 2724 synodicae,
703 2635 737 2699 ut
762 2627 804 2699 ad
828 2627 1070 2700 Antiochenam
1103 2628 1309 2718 Ecclesiam,
1345 2633 1439 2722 cujus
1466 2627 1678 2717 PatriarebiS,

309 2755 345 2816 ut
378 2743 534 2817 iratribus
567 2753 601 2816 et
633 2743 946 2835 consacerdotibus,
981 2749 1143 2818 rationem
1178 2745 1362 2818 reddebant
1395 2746 1472 2818 fidei
1506 2768 1604 2833 suae,
1645 2755 1679 2816 et

311 2863 574 2932 communionem
609 2865 695 2931 inter
726 2869 900 2956 utramque
942 2858 1056 2934 sedem
1088 2883 1259 2934 renovare
1300 2861 1516 2954 satagebant:
1560 2883 1677 2932 verum

310 2977 552 3049 Heortuata'cua
578 2999 639 3048 seu
665 2977 845 3050 Paschales
872 2977 1045 3050 mittebant
1069 2977 1289 3070 solummodo,
1315 2989 1469 3072 tanquam
1486 2979 1677 3072 superiores

311 3092 353 3164 ad
379 3091 568 3164 inferiorem
594 3093 791 3168 Ecclesiam.

415 3207 500 3279 CIX
552 3209 606 3280 De
647 3209 951 3304 llierosolymitana
983 3210 1142 3283 Dioecesi
1184 3219 1308 3283 certum
1351 3221 1430 3298 est,¹
1463 3209 1550 3305 qurod
1589 3213 1676 3282 inter
1690 3195 1747 3334 ΒΨ
1772 3199 1998 3297 ³59¹⁰⁸⁰¹t¹¹¹st⁸¹¹⁸

312 3322 478 3414 Graecos,
510 3337 546 3398 ut
578 3326 739 3400 observat
773 3327 868 3399 Nilus
908 3313 1159 3422 Doxapatriu's,
1197 3325 1430 3398 Alexandrino
1463 3325 1677 3398 Patriarohae
1713 3301 1817 3340 ’Μ

311 3438 461 3531 subjecta
487 3441 599 3533 luerit,
625 3445 688 3515 etsi
710 3447 781 3536 jam
807 3442 849 3514 ab
878 3441 1002 3539 aliquot
1033 3441 1175 3515 saecrdis
1208 3445 1377 3538 proprium
1407 3439 1530 3514 babeat
1561 3443 1678 3515 Patri-

312 3555 465 3646 aroham,
498 3563 568 3653 qui,
600 3569 636 3631 ut
670 3558 789 3653 reliqui
812 3582 931 3632 omnes
959 3558 1112 3632 Graecae
1137 3557 1331 3650 Ecclesiae,
1368 3558 1679 3654 Constantinopoli-

312 3681 423 3746 tanum
449 3679 655 3770 superiorem
683 3678 849 3768 agnoscit,
876 3685 910 3746 et
936 3673 977 3747 ab
1005 3698 1047 3748 eo
1082 3677 1276 3764 instituitur,
1309 3675 1408 3770 pleno
1439 3677 1536 3766 jure,
1569 3697 1679 3771 nequo

312 3787 412 3860 ullam
437 3789 537 3864 babet
561 3791 792 3866 Alexandrino
821 3791 1070 3886 subjectionem.
1125 3790 1264 3864 Constat
1294 3789 1327 3861 id
1359 3813 1405 3862 ex
1430 3789 1563 3863 Notitiis
1590 3792 1679 3889 Epi-

313 3906 504 4000 scopalibus
538 3911 657 3998 variis,
692 3931 774 4005 quas
808 3909 914 3982 fusius
948 3908 990 3979 ad
1022 3929 1164 3980 examen
1198 3927 1365 3978 revocare
1396 3929 1464 3979 uon
1499 3917 1551 3978 est
1582 3906 1678 4000 hujus

311 4019 386 4093 loci.
439 4022 476 4095 ld
502 4027 633 4097 unicum
660 4024 932 4099 observabimus:
968 4023 1056 4118 quod
1083 4044 1144 4119 per
1171 4045 1277 4094 annos
1303 4021 1392 4094 mille
1419 4031 1452 4094 et
1477 4020 1584 4095 ferme
1610 4023 1679 4095 du-

313 4148 430 4210 centos
461 4141 495 4210 in
527 4141 790 4216 Patriarohanrm
822 4139 1125 4215 Alexandrinorum
1166 4137 1388 4216 Jacuhitarum
1431 4137 1568 4210 historia
1601 4139 1681 4212 nihil

313 4259 476 4344 occurrit,
512 4277 578 4352 quo
610 4257 694 4330 haec
727 4282 843 4332 eorum
876 4261 1036 4329 autoritas
1062 4259 1096 4327 in
1129 4278 1209 4330 suae
1241 4265 1356 4328 sectae
1387 4253 1537 4326 homines
1571 4257 1681 4348 possit

313 4369 461 4444 stabiliri.
514 4372 646 4471 Quippe
687 4387 765 4449 unte
801 4373 963 4470 Cyrillum
995 4373 1034 4445 F.
1069 4371 1212 4444 Laldaki
1249 4371 1433 4444 ordinatum
1469 4391 1519 4442 an.
1573 4369 1602 4440 J.
1641 4367 1679 4442 C.

312 4484 549 4562 MCCXXXV.
576 4512 643 4562 non
669 4488 821 4583 legimus,
849 4471 1025 4562 institutum
1052 4489 1157 4562 luisse
1182 4487 1521 4583 Hierosolymitanom
1545 4485 1680 4558 Metro-

311 4600 449 4698 politum
484 4605 525 4678 ab
558 4605 789 4681 Alexandrino
824 4605 891 4678 ullo
924 4603 1129 4677 Patriaroha:
1166 4615 1264 4700 atque
1304 4606 1389 4674 inter
1429 4601 1492 4674 alia
1531 4625 1678 4676 accusa-

312 4721 410 4794 tionis
438 4725 563 4816 capita,
598 4743 684 4818 quae
719 4723 882 4795 adversus
915 4724 1014 4796 istum
1046 4723 1217 4819 proposita
1250 4729 1342 4807 sunt,
1373 4716 1453 4791 illud
1483 4717 1563 4809 luit,
1591 4720 1680 4814 quod

312 4832 557 4934 Metropolitum
584 4838 827 4933 Hierosolymis
855 4838 1103 4926 constituendo,
1127 4839 1203 4930 jura
1228 4834 1428 4909 Antiocheui
1453 4835 1679 4926 Patriarohae,

314 4951 356 5022 ad
383 4976 479 5048 quem
505 4955 694 5028 Palaestina
721 4951 915 5047 spectabat,
940 4956 1112 5030 violasset
1165 4953 1246 5026 lnde
1272 4975 1346 5026 cum
1372 4953 1507 5023 mutatio
1534 4953 1680 5023 maxima
1745 4943 1749 4948 ’

312 5092 423 5141 rerum
448 5070 537 5143 lacta
562 5070 676 5162 fuerit,
703 5065 863 5162 nullaque
889 5072 994 5148 ferme
1020 5073 1055 5143 in
1091 5069 1227 5144 Oriente
1254 5081 1346 5144 secta
1385 5069 1527 5164 aliquam
1552 5067 1679 5140 Eccle-

349 5209 461 5253 romut
1426 5189 1474 5263 69
