4778 6034
920 623 1228 703 PRAEFATIO.

393 820 449 898 illa
488 817 535 896 de
571 815 801 896 Orientalium
843 839 1024 896 consensu
1060 818 1222 921 quaestio
1266 828 1336 895 tam
1368 819 1560 920 perspicue
1594 813 1767 916 explicata

393 957 457 1054 sit,
488 974 562 1030 non
591 949 699 1030 modo
735 976 781 1028 ex
814 950 954 1029 illomm
985 953 1046 1054 qui
1073 953 1275 1053 praecipuis
1301 949 1478 1030 Ecclesiis
1506 946 1768 1051 praesidebant,

392 1084 585 1188 Episcopis
623 1095 660 1162 et
693 1082 949 1162 Sacerdotibus
987 1085 1247 1188 cujuscumque
1286 1095 1428 1186 sectae,
1471 1082 1538 1161 sed
1580 1084 1684 1159 etiam
1723 1103 1769 1157 ex

362 1218 582 1321 liturgiis,
612 1216 761 1320 aliisque
797 1216 961 1319 publicae
992 1218 1185 1295 autoritatis
1219 1216 1338 1319 libris,
1367 1229 1408 1295 ut
1430 1215 1631 1294 contutatus
1657 1211 1770 1290 Clau-

395 1350 473 1430 dius
508 1350 592 1429 nihil
623 1349 720 1455 quod
754 1361 968 1451 reponeret,
998 1347 1170 1426 babuerit.
1309 1429 1312 1435 ,

334 1580 337 1590 λ
517 1482 609 1561 (lum
638 1483 809 1561 librorum
848 1483 922 1586 jam
966 1485 1068 1585 copia
1105 1485 1190 1560 satis
1228 1482 1342 1585 ampla
1378 1493 1605 1585 suppeteret,
1653 1504 1771 1584 quae-

396 1641 551 1722 cumque
580 1615 624 1694 ad
654 1615 832 1719 Liturgias
862 1614 1070 1717 spectabant
1093 1619 1292 1693 accuratius
1315 1618 1493 1718 inspicere
1516 1640 1670 1694 necesse
1694 1614 1911 1738 luit,Immuscrl
1955 1702 2008 1738 mm

397 1753 478 1856 quia
499 1775 581 1828 cum
608 1753 857 1853 gravissimam
887 1752 1013 1826 merito
1028 1746 1233 1852 judicemus
1262 1774 1345 1828 esse
1370 1749 1506 1826 illarum
1538 1752 1772 1850 autoritatem,

396 1883 479 1962 nibil
518 1885 718 1986 speciosius
760 1906 945 1984 opponere
977 1880 1221 1960 Protestantes
1258 1894 1441 1985 poterant,
1488 1907 1594 1987 quarn
1632 1882 1772 1961 illomm

396 2018 578 2095 hominurn
603 2014 757 2119 judicia,
791 2019 851 2118 qui
887 2015 933 2093 de
963 2015 1029 2094 illis
1059 2018 1176 2093 minus
1207 2015 1397 2094 commode
1429 2027 1636 2116 senserant,
1680 2040 1772 2120 quae

397 2176 416 2227 a
447 2150 566 2228 multis
603 2148 748 2227 eruditis
785 2152 877 2227 inter
909 2145 1112 2228 Catholicos
1153 2151 1239 2228 viris
1284 2174 1358 2228 uon
1394 2148 1502 2228 modo
1534 2150 1667 2252 rejecta
1699 2174 1772 2227 non

397 2284 534 2385 forent,
583 2281 650 2361 sed
693 2281 884 2385 approbata
928 2285 1072 2384 saepius
1113 2293 1149 2360 et
1188 2285 1293 2362 novis
1328 2282 1522 2362 rationibus
1554 2283 1771 2360 confirmata.

398 2415 472 2494 Sed
507 2419 621 2494 statim
656 2427 763 2520 atque
794 2414 974 2519 Liturgias
1008 2419 1173 2495 attentius
1211 2416 1418 2520 expendere
1453 2419 1656 2519 coepimus,
1702 2415 1774 2494 ob-

398 2553 620 2630 servavimus
654 2574 719 2628 eos
752 2553 813 2653 qui
847 2549 923 2628 illas
951 2573 1025 2628 non
1067 2553 1133 2628 nisi
1173 2553 1208 2627 in
1242 2550 1470 2628 versionibus
1503 2550 1684 2654 legerant,
1728 2548 1774 2626 de

397 2685 462 2763 illis
502 2682 703 2762 nullatenus
744 2681 913 2762 debuisse
949 2681 1123 2786 judicare.
1185 2683 1242 2761 De
1281 2680 1426 2762 Graecis
1467 2709 1538 2761 non
1582 2684 1773 2787 loquimur,

398 2818 462 2897 sed
492 2817 539 2895 de
569 2816 822 2920 Aegyptiacis,
854 2842 1003 2921 quarum
1034 2841 1171 2895 summa
1205 2820 1391 2920 antiquitas
1425 2828 1502 2919 est,
1553 2841 1715 2920 ususque
1753 2841 1773 2893 a

398 2951 490 3030 mille
515 2963 550 3028 et
574 2961 716 3027 centnm
747 2952 847 3028 annis
872 2952 907 3028 in
926 2949 1091 3030 Ecclesia
1114 2950 1355 3029 Alexandrina
1379 2962 1585 3054 perpetuus
1617 2949 1774 3028 Aethio·
1878 2965 1879 2970 ‘

397 3089 510 3188 picam
552 3107 698 3187 quoque
732 3108 778 3162 ex
809 3083 876 3162 illis
915 3107 1122 3186 expressam
1152 3084 1358 3188 expendere
1391 3109 1545 3165 neeesse
1579 3083 1661 3162 fuit:
1700 3094 1775 3160 tum

398 3219 481 3298 alias
516 3216 702 3319 Syriacas,
746 3241 839 3321 quae
873 3215 916 3294 ab
953 3214 1171 3296 Ortbodoxis
1203 3222 1281 3297 sive
1318 3217 1513 3320 lllelchitis,
1553 3217 1775 3296 Nestorianis

401 3364 436 3430 et
468 3349 639 3429 Jacobitis
671 3362 940 3453 usurparentur.
1002 3346 1144 3429 Romae
1171 3351 1284 3432 editas
1318 3355 1354 3430 in
1396 3351 1528 3431 lllissali
1570 3349 1774 3451 Chaldaico,

399 3510 444 3563 ex
478 3487 588 3587 prima
621 3487 864 3587 inspectione,
896 3483 1105 3564 reformatas
1140 3486 1259 3566 multis
1285 3489 1320 3564 in
1348 3485 1437 3565 locis
1463 3485 1558 3565 esse'
1573 3484 1774 3564 constabat:

398 3617 643 3696 lllalabaricam
674 3618 785 3696 multo
818 3621 943 3722 magis.
1007 3614 1099 3696 Cum
1131 3644 1241 3721 porro
1273 3619 1508 3699 Nestorianae
1536 3618 1669 3698 Missae
1695 3614 1775 3695 Co-

398 3751 498 3830 dices
532 3762 574 3828 et
618 3749 858 3829 Jacobitarum
909 3751 1113 3854 complures
1162 3755 1465 3855 inspexissemuS,
1515 3763 1590 3829 tum
1630 3749 1774 3827 demum

399 3886 597 3988 intelligere
625 3884 741 3985 licuit,
784 3910 888 3988 quam
911 3887 1015 3988 gravi
1042 3887 1244 3963 testimonio
1275 3895 1328 3963 tot
1347 3883 1593 3964 Ecclesiamm
1614 3910 1634 3960 a
1657 3883 1774 3960 multis

398 4018 551 4098 saeculis
574 4030 814 4120 separatamm
838 4021 972 4121 privata
998 4017 1070 4097 huc
1098 4043 1215 4122 usque
1245 4018 1371 4098 luisset
1391 4017 1556 4097 Ecclesia
1578 4015 1773 4117 Catholica,
1827 4083 1830 4092 .

399 4177 490 4255 quae
532 4154 568 4229 in
607 4151 758 4232 diversis
797 4152 863 4231 illis
899 4150 1035 4256 Officiis
1067 4156 1225 4231 omnium
1260 4155 1422 4257 gentium
1457 4153 1613 4254 linguis,
1665 4173 1772 4227 unam

397 4296 558 4363 veterem
593 4284 795 4391 frustraque
821 4285 1170 4367 allelormatoribus
1202 4290 1367 4366 novitatis
1400 4296 1602 4365 accusatam
1622 4281 1773 4361 Eucha-

399 4423 516 4498 ristiae
549 4419 656 4500 iidem
682 4425 873 4525 perspicue
902 4421 1120 4524 loqueretur.
1240 4484 1245 4489 .

517 4551 659 4632 Exinde
687 4556 873 4633 consilium
905 4558 1090 4657 coepimus
1119 4554 1297 4656 Liturgias
1321 4551 1539 4654 Orientales,
1572 4575 1773 4655 quaecum·
1820 4561 1915 4662 Enrpm
1930 4576 1998 4613 nova
2012 4561 2097 4660 iper-

399 4708 470 4788 que
510 4684 630 4764 baberi
672 4698 835 4789 poterant
876 4688 1148 4790 interpretandi,
1202 4711 1274 4790 quo
1316 4691 1351 4765 in
1384 4687 1507 4766 labore
1547 4684 1772 4764 difficultates
1785 4657 1895 4718 panno
1914 4661 2067 4700 ¹¹⁰⁰⁰⁵⁸⁸¹¹⁸⁸

399 4821 569 4896 maximas
605 4844 776 4922 superare
814 4845 967 4930 necesse
1010 4821 1083 4899 luit.
1155 4821 1196 4897 ln
1236 4819 1392 4921 Syriacis
1430 4825 1545 4900 minus
1588 4819 1772 4897 molestiae

401 4948 645 5031 devorandum
670 4952 877 5032 videbatur:
915 4979 987 5033 non
1016 4954 1207 5033 mediocris
1240 4965 1358 5032 tamen
1383 4955 1438 5032 illa
1464 4955 1547 5057 brit,
1579 4979 1661 5032 cum
1687 4953 1772 5056 plu-

400 5107 459 5163 res
490 5085 600 5190 longe
638 5113 743 5192 quam
781 5091 816 5165 in
846 5085 977 5166 Missali
1011 5086 1202 5169 Chaldaico
1238 5089 1354 5166 editae
1385 5087 1546 5190 lucrant,
1589 5087 1771 5189 Liturgiae

1517 5217 1564 5288 b*
