4686 6060
652 531 727 606 ³50
924 619 928 626 ,
1030 536 1630 616 DllPATRIAllCHA

650 721 744 806 actis,
770 721 1037 817 Arcbiepircopi
1061 725 1303 796 Alecaadrioe
1330 722 1597 820 appellabantur:
1624 726 1826 822 reliquorum
1852 727 2018 804 undamn

648 857 729 908 usus
761 837 867 912 nullus
894 847 976 910 erat.
1017 837 1160 910 :Dudum
1187 848 1370 928 ostreno,
1403 863 1478 912 cum
1513 839 1688 914 lacobitaa
1722 843 1833 915 titulos
1864 843 2017 916 Paniar-
2129 861 2131 871 ’

648 951 783 1024 charum
811 975 946 1026 snorum
972 956 1016 1027 ita
1043 958 1242 1050 exprimunt,
1268 955 1450 1048 allegitur
1475 959 1510 1028 in
1536 956 1779 1054 Systaticamm
1792 955 2016 1052 Epistolamm

526 1116 529 1128 .
647 1067 755 1140 fauna
795 1069 936 1165 Coptica
979 1081 1012 1142 et
1049 1071 1196 1144 Arabica
1233 1071 1345 1142 Pater
1379 1071 1423 1143 N.
1458 1076 1689 1144 sanctissimus
1726 1072 2017 1168 Arcbiepiscopor

649 1207 793 1276 mopnae
817 1184 914 1257 urbia
939 1187 1190 1274 Alexandriae,
1218 1193 1252 1256 el
1279 1189 1416 1258 Fostati
1433 1188 1633 1280 Babylonia,
1661 1195 1696 1260 et
1726 1189 1911 1262 Nonarum
1936 1193 2014 1262 Ae-

648 1304 758 1394 pppti‚
789 1301 987 1389 Thebaidis,
1022 1302 1290 1396 Pentapolirqoe
1315 1303 1525 1396 Africanae,
1552 1306 1770 1398 repionirqoe
1795 1307 2015 1402 Aethiopiae,

648 1422 683 1486 el
709 1419 968 1500 Acamilarurm·
993 1418 1213 1512 Nabiacque,
1249 1425 1283 1489 et
1315 1419 1536 1508 Macoureor,
1569 1423 1787 1516 raptorisque
1816 1427 2015 1516 superioris.

647 1531 774 1605 Titulos
808 1555 946 1629 quorum
977 1532 1083 1606 torma
1119 1557 1166 1606 ex
1197 1530 1368 1606 veteribus
1405 1533 1498 1607 libris
1530 1533 1572 1605 ad
1589 1555 1668 1608 *eos
1700 1548 1913 1634 pervenerat,
1951 1541 2016 1634 ipsi

648 1647 801 1742 Coptitae
827 1673 895 1722 non
922 1653 1002 1722 satis
1029 1649 1223 1743 intelligunt,
1250 1649 1337 1721 unde
1363 1651 1480 1723 mirum
1499 1660 1635 1724 nonest
1661 1655 1690 1725 si
1715 1653 1890 1726 nonnullas
1907 1675 2014 1726 voces

645 1779 825 1860 perperam
858 1769 1066 1861 scripserint,
1104 1787 1190 1860 quae
1231 1765 1288 1837 vel
1320 1788 1365 1837 ex
1396 1765 1468 1840 aliis
1495 1765 1597 1856 locis,
1636 1766 1693 1840 vel
1734 1793 1780 1841 ex
1820 1773 2014 1863 conjectura

646 1880 813 1952 emendari
843 1893 991 1977 possunt.
1032 1882 1165 1953 Primae
1200 1881 1330 1976 mudena
1358 1882 1560 1973 significant,
1590 1882 1733 1956 Patren
1761 1889 2014 1974 sanctissimum,

647 2018 744 2092 quam
771 2019 905 2088 vocem,
932 1997 1036 2069 Abba
1063 2020 1108 2069 ex
1135 1998 1279 2087 Graeca,
1308 1999 1425 2091 Papae
1450 1999 1575 2072 iecisse
1589 1999 1800 2073 existimandi
1826 2008 1913 2089 sunt,
1940 2021 2014 2072 cum

646 2135 688 2185 ea
714 2135 787 2185 vox
814 2114 901 2210 apud
927 2115 1119 2210 Aegyptios
1145 2117 1324 2210 peregrina
1351 2117 1405 2204 sit,
1432 2137 1495 2186 nec
1521 2138 1596 2187 eam
1623 2115 1781 2188 adhibere
1814 2115 1946 2188 soleant
1972 2114 2014 2187 nd

646 2230 880 2322 significandos
906 2229 1079 2320 Abbates,
1106 2252 1166 2303 seu
1193 2228 1487 2318 Archimandritas,
1515 2252 1599 2325 quos
1616 2253 1705 2304 voce
1728 2232 1858 2304 Graeca
1872 2228 2014 2329 ‘Hyan-
2082 2223 2086 2232 ’

644 2337 775 2442 μένους
801 2347 976 2442 appellant

357 2467 462 2521 ¹¹¹⁰r¹¹¹¹¹
488 2470 631 2538 explicaro.
696 2464 753 2535 XI.
780 2461 988 2535 Alexandria
1014 2463 1121 2532 veteri
1148 2463 1281 2532 nomina
1306 2460 1522 2557 Aegyptiam
1548 2462 1666 2532 llacot
1688 2461 1893 2558 appellatur,
1926 2483 2012 2557 quae

356 2746 453 2800 lllnaa
469 2764 497 2816 p.
514 2749 559 2799 24.

645 2603 718 2653 vox
744 2583 889 2652 occurrit
913 2600 981 2651 non
1007 2577 1107 2658 modo
1133 2580 1168 2648 in
1194 2575 1505 2650 Nomenclatoribus
1532 2575 1695 2668 omnibus,
1722 2578 1783 2650 sed
1809 2581 1908 2648 etiam
1926 2577 2011 2673 apud

645 2695 844 2770 Strabonem
871 2705 905 2766 at
930 2693 1014 2767 alios
1042 2705 1186 2765 autores.
1216 2687 1409 2766 Φύστατον
1436 2691 1598 2764 Cabirum
1607 2691 1722 2765 urbam
1737 2693 1915 2786 significat,
1941 2715 2012 2767 no-

643 2834 723 2885 vam
755 2810 882 2884 scilicet
919 2809 961 2882 ab
993 2811 1099 2884 Amro
1131 2807 1199 2881 lilio
1230 2807 1273 2880 El
1306 2810 1358 2881 As
1390 2812 1434 2880 ita
1467 2808 1683 2904 appellatam,
1716 2809 1805 2904 quod
1836 2812 2012 2882 antonum

646 2951 739 3002 suum
767 2950 809 3000 eo
836 2927 913 3000 loco
946 2934 1120 3015 erexerat,
1147 2935 1182 2997 et
1212 2923 1391 3020 reliquerat
1422 2934 1571 2997 erectum
1609 2927 1747 3021 auspicii
1779 2947 1902 3014 causa,
1936 2928 2012 3020 quia

645 3043 798 3117 columba
824 3045 858 3114 in
884 3046 956 3136 ejus
982 3040 1118 3134 fastigio
1146 3064 1213 3114 ova
1239 3048 1406 3137 posuerat.
1458 3041 1556 3113 Voce
1582 3039 1650 3132 illa,
1678 3041 1852 3113 tentorium
1879 3040 2010 3133 signifi-

644 3162 714 3232 cari
740 3157 888 3234 scribunt
912 3158 1064 3248 Arabes3
1092 3160 1244 3252 quamvis
1271 3155 1484 3230 verisimilior
1501 3160 1693 3248 conjectura
1721 3161 1776 3245 sit,
1803 3178 1822 3228 a
1849 3158 2009 3246 Fostata,

644 3298 733 3348 voco
767 3272 933 3366 barbara,
959 3297 1045 3370 quae
1080 3281 1190 3346 castra
1224 3273 1403 3366 significat,
1444 3283 1478 3344 et
1510 3295 1607 3366 quarn
1637 3281 1674 3344 ut
1705 3272 1788 3344 abas
1823 3276 2011 3345 innumeras

643 3395 786 3472 Graecia
812 3395 980 3465 recentior
1006 3414 1026 3462 a
1051 3389 1178 3464 Latinis
1207 3392 1347 3484 aceepit,
1374 3391 1419 3460 ita
1454 3387 1662 3486 appellatam.
1712 3387 1899 3461 Videndum
1926 3413 2009 3462 eru-
2086 3377 2089 3390 ’

642 3510 790 3584 ditissimi
819 3506 939 3601 (langii
966 3507 1169 3580 Glossarium
1196 3509 1230 3577 in
1256 3505 1318 3576 hac
1344 3527 1445 3595 voce,
1472 3515 1506 3576 et
1519 3504 1666 3578 Glossaa
1694 3505 1905 3577 Tacticomm
1933 3505 2009 3576 edi-

640 3637 694 3699 tae
721 3635 755 3697 et
781 3626 1034 3720 manuscriptae.
1076 3622 1129 3694 De
1155 3622 1294 3694 Fostato
1322 3631 1378 3692 aut
1402 3621 1559 3711 Fostata,
1586 3629 1635 3693 tot
1667 3624 1851 3716 scriptores
1883 3618 2009 3693 laudari

639 3713 898 3841 possunt⁶qu0t
931 3739 973 3811 da
1003 3738 1104 3811 rebus
1129 3736 1279 3810 Arabum
1310 3738 1530 3842 Aegyptiacis
1562 3748 1757 3829 occurrunt,
1790 3744 1866 3810 sunt
1901 3747 2010 3810 autem

641 3861 814 3947 innumeri,
842 3867 909 3928 tum
934 3853 1083 3928 historici
1109 3864 1177 3926 tum
1204 3851 1407 3947 Gaugraphi.
1460 3852 1565 3925 Multa
1596 3862 1632 3925 ct
1666 3863 1820 3926 accurata
1855 3855 2009 3946 legumtm

640 3978 674 4046 in
701 3976 822 4047 notatis
849 3996 869 4044 a
895 3975 970 4044 viro
998 3971 1190 4044 doctissimo
1217 3967 1346 4041 lacobo
1375 3967 1471 4041 Golio
1498 3968 1540 4039 ad
1567 3967 1795 4061 Alfraganum.
1833 3969 1893 4043 lllo
1921 3971 2007 4042 enirn

639 4090 716 4162 loco
744 4088 843 4160 docet
868 4110 935 4161 non
962 4099 1087 4160 temere
1115 4085 1156 4158 ab
1185 4088 1324 4180 antiquis
1350 4083 1520 4158 Bellorum
1546 4095 1744 4158 transmare
1765 4109 1785 4158 a
1812 4085 2006 4160 Christianis

639 4214 812 4298 gestorum
838 4203 1074 4299 scriptoribus,
1107 4201 1260 4276 Cahiram
1294 4211 1451 4274 vocatam
1486 4223 1565 4274 esse
1595 4199 1822 4294 Babyloniam
1847 4204 2038 4296 Aepppti,·

641 4344 715 4394 cum
742 4325 775 4393 in
801 4323 877 4394 loco
903 4323 1015 4393 vicino
1042 4329 1185 4392 castunn
1212 4327 1305 4390 esset
1331 4317 1419 4412 quod
1435 4317 1739 4390 adhuccereornm
1765 4340 1827 4391 seu
1852 4319 2007 4390 lominum

640 4439 818 4529 diceretur,
845 4440 933 4532 qma,
959 4445 995 4507 ut
1020 4444 1112 4508 recte
1139 4438 1356 4528 conjectatur,
1382 4445 1529 4533 πυρεῖον
1548 4433 1712 4528 quoddam
1734 4434 1800 4507 illic
1822 4434 1900 4509 olim
1925 4433 2006 4507 fuc-

639 4564 711 4644 rat,
746 4577 792 4626 ex
817 4556 943 4626 veteris
971 4550 1212 4624 Chaldaeomm
1238 4554 1480 4646 superstitionis
1511 4549 1667 4646 reliquiis.
1705 4551 1861 4624 Attamen
1887 4553 2008 4649 Baby-

638 4673 726 4744 lonis
739 4692 874 4754 ,nornen
901 4667 947 4738 illi
974 4667 1047 4746 urbi
1073 4677 1309 4741 conservatum
1329 4666 1452 4757 luisse,
1473 4689 1537 4739 nec
1554 4667 1729 4741 Historicis
1755 4690 1820 4740 nec
1847 4665 2007 4760 Geogrn-

638 4787 712 4885 phis
739 4784 908 4861 Arabihus
935 4796 1048 4857 notum
1074 4784 1222 4856 videtu:
1247 4806 1357 4879 neque
1384 4783 1427 4855 ad
1452 4783 1486 4854 id
1511 4780 1718 4879 probandum
1731 4786 1828 4855 etiam
1843 4806 1889 4854 ex
1905 4781 2006 4855 Obri-

618 4907 753 4976 ,suanis
787 4903 980 4975 autoritates
1015 4900 1102 4972 ullae
1135 4898 1235 4972 facile
1268 4899 1508 4991 occurrebant,
1539 4909 1674 4995 praeter
1705 4898 1779 4972 illas
1811 4899 2006 4972 solemnium

638 5023 802 5094 Actorum
829 5017 998 5091 formulas.
1024 5017 1062 5089 In
1087 5015 1151 5090 illis
1177 5039 1262 5089 vero
1290 5027 1481 5091 constanter
1507 5019 1650 5088 occurrit
1675 5036 1796 5088 nomen
1808 5013 1897 5106 illud,
1923 5015 2003 5086 Bn-
