4684 6042
582 509 641 584 48
1109 519 1468 599 Lll‘llllGlA

692 698 880 772 Diocoaua.
919 701 1149 777 Attendamus.

688 831 852 927 Popcdas.
889 838 1008 910 Amen.

686 974 867 1047 Sacerdos
891 973 966 1043 alta
990 993 1077 1044 cccc
1101 975 1242 1068 cipriane
1267 980 1322 1046 ter
1347 996 1481 1068 corpor.

685 1106 732 1179 Et
757 1107 843 1180 hunc
868 1129 989 1204 panem
1016 1106 1159 1200 quidem,
1185 1105 1289 1178 iaciat
1314 1129 1441 1204 corpus·
1465 1105 1597 1181 Christi.

686 1239 848 1334 Papauer.
887 1240 1008 1312 Amen.

685 1372 872 1462 Sacerdos,
897 1377 1039 1468 sigaeas
1066 1377 1121 1443 ter
1147 1375 1354 1467 sanquinem.
1386 1371 1431 1446 Et
1456 1373 1542 1447 huuc
1568 1374 1710 1448 calicem
1735 1373 1838 1450 faciat
1864 1403 1954 1476 quo-

582 1513 647 1585 que
674 1495 870 1584 sanguinem
896 1491 1079 1585 pretiosum
1106 1491 1292 1560 testamenti
1317 1493 1407 1562 novi.

684 1623 846 1718 Populos.
888 1623 1008 1698 Amen.

684 1755 869 1828 Sacerdos.
907 1753 1068 1846 Ejusdem
1093 1753 1246 1844 Domini,
1271 1753 1351 1842 Dei,
1384 1751 1572 1829 Salvatoris
1605 1765 1640 1830 et
1673 1757 1781 1852 Regis
1809 1764 1953 1834 omnium

579 1881 730 1947 nostrum
755 1873 839 1944 Jesu
866 1869 997 1944 Christi.
1603 1875 1605 1880 ’

683 2005 844 2100 Populus.
887 2004 1006 2076 Amen.

544 2133 553 2162 ⁸
681 2139 866 2212 Sacerdos.
905 2135 951 2208 Ut
985 2137 1051 2208 sint
1084 2133 1182 2208 nobis
1224 2133 1394 2228 omnibus,
1428 2138 1483 2231 qui
1519 2158 1559 2208 ea
1597 2144 1787 2234 percepturi
1825 2165 1951 2236 sumus,

577 2254 668 2328 utilia
695 2255 737 2328 ad
764 2252 977 2327 obtinendam
1004 2251 1103 2324 fidem
1129 2253 1202 2324 sine
1228 2251 1461 2347 disputatione,
1490 2254 1660 2326 caritatem
1687 2254 1815 2353 absque
1830 2256 1950 2356 luppo-

576 2373 667 2463 crisi,
693 2373 884 2467 patientiam
901 2366 1098 2465 perfectam,
1125 2389 1218 2462 spem
1251 2367 1390 2459 sumam,
1424 2367 1586 2458 fiduciam,
1614 2376 1866 2465 protectionem,
1887 2399 1950 2450 sa-

575 2487 756 2576 nationem,
783 2484 953 2578 gaudium,
981 2494 1015 2556 et
1040 2484 1297 2556 renovationem
1323 2487 1466 2574 animae,
1493 2489 1646 2581 eorporis
1674 2497 1709 2558 et
1735 2492 1880 2585 spiritus,
1907 2492 1949 2564 ad

572 2602 716 2693 gloriam
742 2605 884 2675 nominis
910 2603 958 2673 tui
984 2603 1102 2690 sancti,
1129 2597 1172 2669 ad
1198 2603 1393 2672 societatem
1419 2597 1552 2671 beatam
1585 2603 1677 2674 vitae
1711 2613 1888 2700 aeternae,
1915 2617 1950 2681 et

572 2717 843 2814 incorruptibilis,
869 2727 904 2789 et
930 2716 973 2788 ad
999 2717 1227 2787 remissionem
1254 2725 1477 2810 peccatorum.

676 2850 839 2943 Populus.
881 2848 975 2921 Sicut
1002 2857 1076 2921 erat
1103 2857 1165 2920 etc.

675 2981 861 3054 Sacerdos.
901 2979 947 3053 Ut
972 2983 1006 3052 in
1031 2980 1097 3052 hoc
1124 2983 1209 3053 siout
1235 2989 1269 3052 et
1294 2983 1328 3052 in
1344 2969 1495 3076 omnibus
1516 2981 1618 3055 rebus
1636 2981 1850 3077 glorificetur,
1878 2985 1946 3060 he-

573 3099 746 3171 nedioatur
776 3109 811 3171 et
840 3096 1021 3170 extollatur
1050 3119 1173 3168 nomen
1206 3107 1296 3168 tuum
1326 3118 1502 3188 magnum,
1534 3101 1798 3192 sanctissimum,
1831 3125 1946 3175 veae-

572 3213 710 3286 randum
737 3224 771 3286 et
795 3212 1018 3306 benedictum,
1044 3234 1119 3284 cum
1152 3212 1234 3285 Jesu
1262 3211 1408 3303 Christo,
1433 3211 1519 3285 Filio
1556 3223 1612 3286 tuo
1640 3213 1772 3306 dilecto,
1801 3229 1834 3289 et
1860 3219 1944 3314 Spi-

569 3331 635 3402 ritu
660 3340 788 3404 sancto.

674 3460 859 3533 Sacerdos.
899 3461 975 3535 Pax
1002 3459 1163 3534 omnibus.

674 3593 835 3688 Populos.
875 3591 920 3665 Et
946 3617 1021 3667 cum
1047 3593 1172 3691 Spiritu
1198 3605 1266 3667 tuo.

671 3725 856 3798 Sacerdos.
895 3727 1019 3800 lterum
1046 3730 1174 3820 gratias
1201 3747 1341 3822 agamus
1367 3726 1442 3799 Deo
1470 3727 1687 3824 omnipotenti
1715 3739 1777 3800 etc.

671 3861 822 3955 Reliqua
843 3862 996 3954 petenda
1021 3866 1101 3932 aaut
1126 3884 1173 3932 ea
1198 3861 1359 3956 Litarpio
1377 3859 1515 3931 Basilii.

967 4167 1088 4241 Oratio
1112 4169 1300 4261 fractionis
1325 4165 1372 4237 ad
1401 4167 1550 4238 Patrem.

666 4390 760 4463 Deus
789 4393 845 4486 qui
876 4383 1093 4487 praeelegisti
1124 4409 1188 4462 nos
1225 4389 1268 4462 ad
1303 4390 1496 4483 dignitatem
1528 4388 1690 4480 filiorum,
1726 4412 1788 4486 per
1821 4390 1937 4463 Jesum

563 4505 732 4580 Christum
766 4505 944 4580 Dominum
977 4515 1145 4593 nostmm,
1178 4526 1241 4601 per
1273 4503 1519 4602 beneplacitum
1551 4505 1732 4579 voluntatis
1765 4513 1859 4594 tuae,
1895 4505 1939 4578 ad

562 4621 706 4714 gloriam
734 4631 769 4694 et
792 4620 925 4694 laudem
951 4623 1079 4714 gratiae
1104 4630 1191 4709 tuae,
1220 4644 1319 4716 quam
1344 4620 1485 4715 largitus
1512 4643 1550 4694 es
1570 4621 1668 4694 nobis
1695 4643 1757 4717 per
1783 4620 1937 4694 dilectum

562 4747 665 4828 tuum,
692 4761 755 4836 per
782 4736 995 4833 quemfacta
1023 4748 1076 4812 est
1101 4737 1199 4811 nobis
1226 4735 1336 4828 salus,
1370 4748 1406 4810 et
1430 4760 1493 4836 per
1520 4739 1614 4830 cujus
1641 4739 1824 4832 pretiosum
1851 4759 1937 4810 san-

560 4855 694 4946 guinem
723 4852 800 4925 data
827 4863 879 4926 est
903 4851 1001 4927 nobis
1028 4855 1182 4928 remissio
1209 4863 1440 4950 peccatorum:
1467 4856 1595 4946 gratias
1615 4856 1746 4946 agimus
1759 4851 1831 4943 tibi,
1857 4854 1937 4926 Da-

561 4973 660 5056 mine,
687 4968 781 5041 Deus
807 4966 909 5042 Pater
937 4969 1166 5067 omnipotens,
1202 4970 1290 5066 quod
1315 4992 1380 5045 nos
1405 4970 1529 5046 leceris
1557 4969 1688 5062 dignos,
1714 4989 1778 5041 nos
1805 4991 1937 5063 pecca-
