4736 6064
698 653 777 728 498
1087 649 1703 730 obsuntnnlonns

700 837 759 900 cile
779 835 914 916 videtur,
938 855 978 900 ex
1000 835 1164 918 archetypo
1188 833 1397 917 explicandum
1426 842 1487 909 est,
1518 834 1607 898 etad
1630 834 1800 917 primariam
1822 833 1948 896 lonnam
1971 851 2065 898 revo-

700 935 836 1001 candum.

786 1035 859 1098 lnde
882 1034 1027 1115 sequitur,
1050 1034 1204 1097 orationes
1226 1035 1341 1115 aliquot
1361 1035 1616 1114 praeparatorios,
1640 1033 1768 1113 quaein
1792 1030 1916 1094 Conone
1938 1033 2066 1096 univer-

699 1135 755 1198 sali
778 1135 903 1216 primum
927 1142 1103 1212 occurnmt,
1132 1152 1194 1196 non
1217 1151 1285 1206 esse
1307 1133 1431 1214 proprie
1460 1131 1640 1215 Liturgicas.
1686 1131 1775 1196 'lales
1804 1139 1874 1193 sunt
1896 1130 1964 1196 illae
1988 1152 2065 1213 quae

699 1233 838 1296 dicuntur
859 1250 952 1313 super
973 1251 1047 1294 vasa
1069 1251 1166 1309 sacra,
1190 1240 1343 1314 patenam,
1368 1232 1508 1310 calicem,
1531 1232 1683 1308 cochlear,
1705 1231 1847 1293 arculam.
1892 1229 1966 1293 Cum
1989 1233 2067 1294 enim

700 1332 828 1413 Coptitis
843 1330 1004 1394 familiares
1018 1332 1088 1408 sint,
1103 1339 1134 1393 et
1144 1331 1249 1394 iisdem
1266 1348 1363 1412 prope
1381 1331 1484 1393 verbis
1507 1330 1648 1413 legantur
1670 1331 1700 1392 in
1723 1329 1877 1411 plerisque
1901 1329 2066 1408 codicibus,

699 1439 732 1493 et
747 1433 777 1492 in
789 1431 896 1493 Rituali
908 1429 1277 1512 Gabrielislatriarchac,
1309 1431 1389 1492 omni
1410 1431 1550 1492 novitatis
1573 1437 1624 1492 aut
1650 1429 1865 1510 suppositionis
1893 1431 2066 1510 suspicione

699 1539 818 1593 carent:
840 1547 902 1592 non
924 1529 1032 1592 eodem
1055 1539 1152 1592 tamen
1175 1529 1244 1592 loco
1266 1532 1465 1612 assignantur.
1511 1530 1629 1610 Quippe
1649 1537 1719 1592 sunt
1740 1527 1967 1591 benedictiones
1990 1547 2066 1610 pro-

699 1630 799 1709 priae,
823 1647 901 1711 quae
923 1646 982 1691 non
1006 1627 1138 1710 quotidie
1161 1629 1239 1690 inter
1262 1647 1416 1691 sacrorum
1439 1629 1600 1708 solemnia,
1624 1629 1677 1691 sed
1702 1627 1796 1690 semel
1819 1637 2005 1708 usurpantur
2028 1631 2066 1692 ad

698 1744 857 1802 vasorum,
885 1735 918 1790 et
948 1735 1190 1791 ornamentorum
1220 1727 1322 1790 altaris
1352 1729 1518 1792 ministerio
1549 1728 1763 1791 destinatorum
1794 1727 2066 1792 consecrationem.

697 1823 817 1888 illarum
844 1826 987 1888 formulas
1017 1845 1056 1888 ex
1083 1826 1189 1889 eodem
1220 1825 1367 1890 Gabrielis
1395 1828 1584 1891 Patriarchae
1613 1828 1689 1890 libro
1717 1827 1826 1888 Rituali
1853 1826 2066 1889 transtulimus.

700 1925 826 1988 Videtur
842 1927 942 2006 itaque
964 1926 1083 1989 Petrum
1098 1925 1332 2006 Aethiopem-et
1354 1927 1419 2007 ejus
1443 1927 1555 2005 socios,
1578 1944 1646 1989 curn
1669 1929 1699 1988 in
1712 1925 1825 1989 Codice
1842 1943 1897 1986 suo
1912 1925 2066 2009 Liturgico

699 2025 765 2087 illas
787 2027 973 2105 reperirent,
1005 2025 1125 2088 casdem
1156 2044 1223 2087 cum
1247 2026 1312 2088 aliis
1336 2027 1522 2088 orationibus
1545 2026 1779 2108 praeparatoriis
1802 2023 2012 2106 conjunxisse;
2034 2035 2069 2090 ut

698 2125 730 2186 in
752 2123 894 2186 similibus
926 2123 1087 2188 Codicibus
1115 2125 1218 2205 plures
1248 2133 1423 2202 occurrunt,
1454 2144 1532 2206 quae
1559 2145 1626 2188 cum
1650 2125 1753 2187 Obicio
1776 2122 1983 2186 Eucharistico
2007 2142 2067 2188 nou

700 2223 873 2286 cohaerent.
919 2223 1097 2286 Existimare
1122 2225 1216 2301 enim,
1238 2224 1404 2306 Aethiopes
1427 2225 1465 2287 ad
1488 2225 1623 2309 singulas
1644 2224 1813 2307 Liturgias,
1837 2222 1950 2302 altare,
1974 2242 2068 2286 orna-

698 2329 809 2398 menta,
830 2331 944 2401 vestes,
968 2341 1040 2385 vasa
1062 2341 1149 2384 sacra
1172 2323 1429 2386 benedictionibus
1454 2326 1605 2388 multoties
1627 2324 1763 2405 repetitis
1777 2339 1988 2400 consecrasse,
2011 2323 2069 2385 ab·

700 2420 906 2485 surdissimum
933 2431 996 2497 est,
1027 2441 1062 2484 ea
1085 2422 1249 2502 praecipue
1273 2424 1408 2499 ratione,
1437 2424 1517 2504 quod
1539 2441 1600 2486 non
1628 2442 1645 2485 a
1673 2421 1855 2503 simplicibus
1878 2421 2067 2502 Presbyteris

429 2543 458 2594 1„
475 2543 611 2598 benacan.
630 2520 775 2611 sphaco
798 2523 987 2585 consecratio
1010 2521 1107 2600 fieret,
1131 2522 1185 2584 sed
1209 2521 1245 2584 ab
1268 2522 1439 2603 Episcopis.
1485 2523 1656 2586 Paucissimi
1678 2529 1775 2584 autem
1793 2539 1810 2582 a
1825 2521 1924 2582 multis
1937 2520 2069 2584 saeculis

395 2627 442 2681 ns.
460 2631 513 2696 sp.

700 2621 731 2682 in
754 2620 915 2702 Aethiopia
942 2621 1086 2702 Episcopi
1109 2629 1191 2696 sunt,
1221 2629 1252 2683 et
1280 2621 1420 2702 Gregorii
1448 2621 1635 2703 Abullaragii
1664 2628 1778 2697 aetate,
1808 2617 1925 2682 scilicet
1953 2617 2068 2680 decimo

700 2722 790 2782 tertio
814 2721 948 2798 saeculo,
972 2738 1048 2782 unus
1071 2728 1184 2782 tantum
1207 2729 1282 2800 crat,
1306 2727 1336 2782 ct
1358 2721 1384 2782 is
1406 2721 1605 2802 Metropolim,
1628 2739 1684 2784 seu
1706 2728 1739 2781 ut
1760 2719 1853 2801 vulgo
1876 2718 1985 2780 dicitur
2000 2718 2068 2779 Pa-

699 2819 852 2896 triarcbo,
881 2819 966 2900 cujus
989 2818 1136 2882 ordinatio
1158 2821 1189 2881 in
1211 2820 1355 2902 Aegypto
1377 2819 1443 2882 lieri
1471 2819 1609 2884 debebat.
1655 2819 1739 2882 Unde
1761 2837 1855 2899 saepe
1876 2817 1992 2898 absque
2014 2836 2068 2880 sa-

699 2916 873 2980 cerdotibus
895 2917 950 2980 luit
972 2917 1110 2980 Ecclesia
1136 2918 1333 3000 Aethiopica,
1364 2919 1446 3000 quod
1473 2920 1575 3000 plures
1598 2921 1767 3001 Episcopos
1789 2917 1904 2980 nollent
1927 2917 2067 2980 ordinare

699 3016 895 3079 Alexandrini
923 3018 1128 3095 Patriarchae,
1160 3036 1198 3080 ne
1225 3019 1262 3080 ab
1289 3019 1406 3081 illorum
1429 3020 1576 3100 obsequio
1599 3017 1786 3082 recederent.
1832 3016 1967 3080 Videnda
1990 3035 2068 3097 quae

700 3116 778 3178 dicta
801 3123 870 3178 sunt
892 3118 923 3178 in
944 3117 1076 3179 Historia
1098 3116 1300 3182 Patriarchali.

694 3197 702 3212 ⁸
787 3215 947 3279 Orationes
970 3217 1062 3299 igitur
1084 3218 1161 3279 istae
1174 3235 1277 3298 -super
1296 3227 1447 3299 patenam,
1471 3219 1606 3296 calicem,
1629 3227 1660 3281 et
1682 3216 1822 3300 cochlear
1843 3233 1904 3279 non
1918 3216 2069 3299 pertinent

702 3313 739 3378 ad
762 3316 966 3396 quotidianum
988 3315 1144 3398 liturgiae
1167 3316 1315 3379 Olirciumz
1345 3325 1378 3380 et
1400 3337 1477 3400 quae
1501 3327 1642 3382 annotata
1664 3327 1734 3381 sunt
1756 3317 1794 3380 ad
1816 3317 1990 3379 eorumdem
2011 3335 2069 3380 va-

700 3432 803 3477 sorum
824 3431 979 3478 sacrorum
1000 3414 1226 3479 benedictiones
1248 3415 1317 3479 Ritu
1335 3416 1555 3495 Alexandrino,
1579 3419 1643 3480 istis
1666 3418 1857 3494 conveniunt,
1881 3423 2068 3497 quapropter

699 3513 750 3576 illa
772 3522 915 3596 repetere
936 3533 1063 3584 necesse
1085 3533 1145 3578 non
1169 3523 1224 3579 est.
1269 3515 1443 3579 Benedictio
1467 3524 1566 3580 autem
1587 3517 1722 3592 aream,
1746 3515 1909 3597 singularis
1933 3523 1979 3577 est
2001 3514 2068 3576 Ae-

699 3614 850 3695 thiopicae
880 3614 1053 3692 Ecclesiae,
1084 3623 1114 3677 et
1140 3614 1218 3677 illam
1247 3614 1452 3678 Alexandrina
1480 3633 1542 3678 non
1575 3615 1680 3678 habet:
1711 3633 1810 3697 neque
1839 3617 1913 3678 satis
1941 3613 2068 3694 intelligi

700 3720 801 3794 potest
824 3711 895 3793 quid
917 3729 978 3775 vox
1000 3711 1178 3794 Aethiopica
1201 3713 1358 3798 significet.
1387 3713 1580 3778 Benedicitur
1601 3714 1720 3795 quidem
1743 3713 1822 3796 apud
1844 3713 2067 3777 Alexandrinos

700 3811 825 3887 Tobata,
847 3811 911 3875 sive
934 3800 1145 3889 ἆντιμίνσιον,
1168 3820 1200 3874 ut
1220 3814 1328 3876 Graeci
1349 3821 1470 3892 vocant,
1493 3817 1559 3877 sine
1581 3833 1641 3895 qua
1662 3813 2068 3896 celebrarehiturgiamnon

699 3911 779 3974 licet.
823 3912 965 3974 Fortasse
992 3913 1085 3996 igitur
1105 3911 1220 3974 mcum
1240 3921 1440 3990 vocaverunt,
1472 3921 1522 3976 aut
1545 3916 1680 3978 arctatam
1702 3922 1734 3976 ut
1755 3913 1852 3976 Latini
1875 3915 2067 3993 interpretes,

701 4027 756 4073 vas
778 4012 872 4092 majus
895 4010 1031 4092 aliquod,
1061 4029 1120 4092 quo
1144 4010 1245 4074 discus
1268 4019 1299 4074 et
1322 4012 1401 4074 calix
1425 4015 1666 4077 continerentur:
1696 4013 1793 4094 qualis
1816 4022 1863 4076 cst
1885 4015 1975 4077 etiam
1997 4029 2069 4074 arca

703 4128 780 4191 quac
802 4118 929 4172 vocatur
952 4111 1081 4186 Toboat,
1110 4110 1175 4174 sive
1196 4110 1293 4190 Arca,
1323 4111 1361 4173 de
1390 4129 1450 4194 qua
1478 4131 1518 4174 ex
1539 4113 1697 4176 traditione
1717 4112 1899 4194 Aethiopum
1922 4113 1979 4176 erit
2001 4111 2070 4174 alibi

703 4209 821 4272 dicendi
841 4209 938 4274 locus.
1770 4233 1774 4242 ·

1187 4473 1221 4544 2.
1262 4472 1382 4544 Oratio
1410 4455 1584 4544 illationis.

812 4682 848 4760 lo
871 4695 995 4775 proprie
1010 4694 1158 4778 significat
1170 4713 1233 4758 vox
1245 4693 1434 4775 Aethiopica,
1459 4713 1537 4776 quae
1559 4694 1738 4779 signiticatio
1760 4692 1969 4757 caeremoniae
1992 4709 2070 4774 quae

702 4796 807 4860 codem
829 4804 966 4878 tempore
990 4798 1170 4862 observatur
1192 4805 1332 4860 accurate
1355 4801 1504 4862 convenit.
1548 4798 1664 4878 Nempe
1687 4806 1759 4860 tunc
1781 4797 1871 4873 dona,
1895 4799 1960 4859 siva
1982 4798 2070 4877 panis

702 4904 733 4959 ct
754 4897 854 4958 vinum
878 4916 955 4978 quae
979 4897 1016 4960 ad
1039 4898 1218 4960 sacrilrcium
1241 4898 1437 4977 destinantur,
1461 4918 1501 4961 err
1514 4897 1656 4960 Protbear'
1677 4899 1741 4960 sive
1764 4906 1797 4960 ut
1818 4896 1950 4959 Rituales
1974 4897 2070 4960 nostn'

702 4994 839 5058 hodierni
854 4995 1018 5076 loquuntur
1030 4997 1198 5076 Orodentr'o,
1222 4997 1261 5059 ad
1283 4997 1376 5061 altare
1398 4998 1575 5074 interantur,
1597 5014 1635 5059 eo
1658 5015 1718 5078 quo
1741 4997 1956 5078 explicavimus
1971 4995 2070 5074 modo,

413 5071 444 5126 Ρ·
463 5073 525 5126 ¹⁶⁸·
543 5083 566 5126 ‘'
586 5091 637 5142 ἠ·
704 5097 734 5156 in
758 5094 978 5158 Commentario
1003 5095 1040 5158 ad
1062 5097 1226 5178 Liturgiam
1246 5095 1358 5163 Basilii.
1402 5096 1748 5177 Illicobservatumluit,
1771 5095 1869 5158 liitum
1892 5115 1960 5158 eum
1983 5113 2071 5175 quem
