4686 6060
715 599 793 676 ιιι
1097 603 1173 678 ou
1224 575 1695 679 roraruac'ur

818 789 856 860 lu
882 787 1077 885 Pentapolim
1104 791 1227 862 missos
1253 787 1429 884 aliquando
1455 813 1475 862 a
1502 787 1727 862 Jacohitarum
1753 789 1954 865 Patriarchis
1980 790 2085 866 inisse

714 903 903 1003 Episcopos
930 906 1081 1000 superius
1107 927 1128 976 a
1153 902 1253 978 nohis
1279 903 1495 980 observatum
1523 916 1591 996 est,
1618 904 1679 977 sed
1705 913 1817 977 tamen
1849 927 1928 977 rara
1961 905 2082 979 admo-

716 1019 793 1092 dum
818 1021 972 1115 exempla
999 1031 1083 1094 sunt
1116 1021 1153 1094 ld
1180 1020 1222 1094 ab
1238 1019 1378 1116 anaho
1403 1019 1596 1094 Patriarcha
1622 1021 1691 1094 Lll.
1718 1021 1842 1094 iactum
1868 1043 1960 1112 esse,
1986 1023 2085 1097 docet

716 1137 789 1228 ejus
815 1135 973 1209 historia:
1000 1137 1060 1209 sed
1087 1159 1130 1210 an
1157 1137 1199 1208 ad
1224 1157 1351 1209 vacuas
1376 1159 1439 1234 per
1454 1136 1696 1233 Episcopomm
1716 1135 1839 1210 obitum
1859 1137 1972 1230 sedes,
1999 1139 2083 1211 alios

715 1255 856 1328 miserit:
883 1275 926 1325 an
951 1273 1062 1324 novos
1087 1252 1311 1349 Episcopatus
1337 1255 1530 1327 instituerit:
1562 1273 1623 1342 an,
1657 1263 1693 1325 ut
1726 1253 1800 1326 lieri
1833 1253 1963 1326 solitum
1998 1265 2082 1344 erat,

716 1366 844 1462 absque
876 1369 942 1442 ulla
975 1377 1067 1440 certa
1102 1369 1184 1443 sede
1209 1368 1398 1464 Episcopus
1432 1371 1464 1440 in
1497 1389 1556 1442 eas
1588 1372 1746 1462 regiones
1779 1369 1995 1442 destinaverit
2029 1374 2084 1465 qui

717 1483 913 1558 Christianis
938 1494 1155 1580 praeessem,
1189 1485 1351 1558 affirmare
1381 1507 1448 1558 noo
1478 1505 1676 1580 possumus,
1708 1507 1818 1580 oeque
1848 1485 1965 1558 saltem
1992 1507 2082 1558 con-

711 1601 870 1693 jectando
897 1603 1031 1696 assequi
1062 1601 1159 1675 nohis
1194 1601 1294 1674 licuit.
1353 1600 1451 1674 Nulla
1486 1603 1573 1674 enim
1606 1599 1713 1673 ferme
1743 1601 1872 1673 illarum
1907 1603 2084 1693 regionum

716 1716 803 1812 apud
830 1716 963 1790 Arabes
989 1721 1105 1790 notitia
1132 1727 1203 1806 est,
1234 1739 1343 1812 neque
1369 1715 1631 1790 Christianorum
1656 1720 1836 1804 memoria,
1869 1727 1925 1790 aut
1961 1715 2084 1790 Gracci

715 1843 774 1905 aut
797 1834 1001 1930 Aegyptiaci
1027 1836 1126 1923 ritus3
1152 1842 1242 1905 tanta
1270 1841 1402 1929 tamque
1429 1827 1534 1908 saeva
1561 1832 1621 1905 init
1645 1835 1786 1906 vastitas
1813 1857 1833 1906 a
1859 1831 2082 1906 Muhameda-

714 1951 767 2021 nis
793 1949 893 2022 illata.

426 2055 509 2113 omia
527 2061 564 2114 1¹¹⁵
580 2061 702 2128 subjecta.
820 2065 905 2138 GVl.
932 2066 980 2140 At
1004 2067 1037 2136 iu
1054 2064 1198 2138 Nuhiam
1224 2066 1347 2138 missos
1373 2063 1477 2138 irrisae
1492 2064 1681 2161 Episcopos
1707 2063 1907 2138 aJacohitis
1922 2064 2083 2138 maxan-

715 2180 817 2254 drinis
845 2178 986 2253 dubitari
1010 2202 1078 2252 oon
1106 2191 1226 2276 potest
1278 2182 1368 2253 Ante
1393 2179 1548 2254 haeresin
1576 2202 1690 2254 eorum
1716 2179 1839 2252 iactum
1872 2179 1906 2252 id
1939 2180 1981 2254 oh
2010 2181 2082 2254 Or-

617 2351 623 2362 .
714 2296 871 2371 thodoxis
897 2296 1075 2393 Episcopis
1101 2294 1216 2384 luisse,
1243 2299 1396 2391 quamvis
1423 2299 1522 2368 certis
1549 2299 1751 2388 argumentis
1784 2295 1982 2370 confirmare
2015 2321 2082 2372 nou

713 2411 813 2485 facilc
839 2416 892 2502 sit,
919 2435 1021 2486 causa
1048 2423 1159 2485 tamen
1185 2412 1304 2486 silentii
1329 2414 1419 2483 circa
1441 2409 1610 2496 Nuharom
1632 2409 1819 2486 Ecclesiam
1845 2434 1886 2484 ea
1913 2413 2082 2510 estquod

715 2528 801 2624 apud
828 2528 979 2601 Graecos
1004 2528 1209 2624 Latinosque
1234 2530 1416 2623 scriptores
1450 2524 1511 2600 suh
1538 2525 1739 2624 Aethiopum
1771 2527 1923 2622 generali
1959 2528 2081 2626 appel-

713 2642 838 2716 latione
865 2646 1098 2740 comprehensi
1122 2643 1261 2734 ineriut3
1297 2653 1397 2739 atque
1428 2640 1513 2716 adeo
1541 2665 1627 2738 quae
1658 2644 1701 2716 de
1726 2643 1926 2741 Aethiopum
1952 2644 2080 2719 Eccle-

714 2761 765 2833 sia
804 2771 1000 2849 occurrunt‚
1041 2761 1083 2833 ad
1122 2759 1238 2833 Nubas
1273 2781 1405 2856 quoque
1445 2759 1600 2832 videntru
1638 2761 1824 2855 pertinere,
1864 2771 1900 2832 ut
1937 2760 2081 2836 diversis

712 2875 879 2947 Historiae
891 2875 1126 2950 Patriarchalis
1153 2876 1237 2949 locis
1264 2879 1454 2972 expositum
1481 2885 1543 2947 est.
1575 2875 1702 2948 Verum
1716 2899 1758 2949 eo
1785 2879 1945 2971 temporis
1972 2880 2081 2950 inter-

713 2990 823 3081 vallo,
851 2991 939 3087 quod
964 3015 985 3063 a
1010 3005 1109 3089 capta
1134 2994 1295 3088 Aegypto
1321 3013 1428 3087 usquc
1455 2991 1497 3064 nd
1522 2994 1705 3064 restitutam
1733 2991 1873 3064 Graecis
1906 2990 2080 3067 Orthodo-

714 3109 769 3180 xis
807 3105 1065 3181 Patriarchalem
1104 3109 1296 3202 dignitatem
1331 3108 1471 3196 effluxit,
1512 3107 1665 3203 quodque
1705 3110 1801 3180 umus
1840 3108 2081 3204 propemodum

390 3215 839 3296 limtr01··l·2·r›·3⁸⁵·saeculi
865 3223 942 3316 luit,
974 3235 1009 3297 ut
1040 3223 1140 3308 docet
1170 3223 1372 3320 Ennomus,
1407 3245 1481 3295 cum
1512 3221 1619 3296 nullus
1654 3233 1731 3296 tunc
1764 3226 1852 3320 apud
1891 3245 1952 3297 eos
1992 3225 2081 3299 loret

713 3340 923 3432 Patricium,
950 3341 1049 3415 Nuhii
1077 3345 1131 3438 qui
1158 3340 1347 3437 Episcopos
1374 3360 1468 3411 more
1494 3343 1656 3432 majorum
1679 3337 1886 3412 Alexandria
1909 3341 2080 3436 petebant,

714 3479 775 3530 eos
801 3479 876 3529 cum
903 3455 1100 3530 alacohitis
1115 3455 1316 3530 Patriarchis
1344 3445 1529 3547 ordinatos,
1556 3466 1656 3550 atque
1667 3453 1799 3528 haeresi
1826 3453 1968 3530 infectos
1996 3480 2077 3532 sus-

712 3575 900 3667 cepissent,
937 3595 1011 3646 eam
1045 3594 1177 3668 quoque
1203 3576 1325 3645 incauti
1352 3580 1573 3668 acceperam,
1609 3581 1644 3644 et
1675 3574 1709 3642 in
1734 3569 1821 3644 hunc
1850 3573 1985 3645 modum
2011 3584 2081 3647 tota

711 3687 822 3761 Nohia
846 3688 934 3762 iacta
962 3699 1015 3763 est
1039 3686 1233 3761 Jacohitica.
1285 3686 1455 3782 Deinceps
1481 3709 1567 3760 vero
1592 3685 1715 3758 nullum
1743 3691 1876 3761 omnino
1901 3693 2082 3782 vestigium

713 3807 857 3878 occurrit
882 3809 1055 3878 restitutae
1081 3806 1167 3877 inter
1193 3826 1254 3878 eos
1280 3803 1357 3876 fidei
1384 3802 1611 3877 Orthodoxae.
1663 3804 1761 3877 lsaac
1782 3805 1975 3878 Patriarcha
1994 3806 2079 3878 XLl.

713 3923 770 4016 qui
799 3925 890 3994 circa
917 3943 1036 3994 annum
1060 3921 1090 3992 J.
1119 3918 1156 3992 G.
1182 3920 1446 3994 DCLXXXVII.
1474 3920 1595 3994 sedere
1621 3923 1750 4016 coepit,
1776 3943 1838 4018 per
1854 3922 1967 3996 literas
1994 3919 2080 3995 hor-

713 4045 799 4110 tatus
826 4047 879 4110 est
903 4037 1033 4110 Nuhiae
1061 4046 1094 4110 et
1118 4036 1319 4134 Aethiopiae
1344 4057 1447 4130 reges
1474 4035 1515 4108 ad
1542 4059 1658 4132 paoem
1685 4040 1770 4109 iuter
1802 4059 1841 4110 se
1867 4058 2079 4133 componen-

713 4152 805 4243 dam,
836 4157 912 4249 quia
939 4154 1066 4228 scilicet
1097 4157 1261 4247 integram
1287 4156 1321 4226 in
1353 4175 1414 4226 eos
1449 4150 1594 4226 hahebat
1623 4153 1891 4246 jurisdictionem.
1945 4153 2079 4250 cynaei

711 4268 871 4367 Episcopi
905 4270 1036 4344 Nuhiae
1070 4272 1216 4342 meminit
1245 4272 1315 4343 vita
1352 4264 1476 4342 Ghailis
1509 4268 1724 4342 Patriarchae
1756 4268 1877 4341 XLVI.
1911 4267 2078 4361 Georgius

711 4409 776 4458 rex
813 4386 1024 4480 designatus,
1065 4411 1085 4460 a
1121 4386 1284 4459 Zacharia
1321 4397 1439 4482 patre,
1480 4389 1514 4456 iu
1546 4387 1739 4482 Aegyptum
1776 4388 1897 4458 missus
1930 4393 1985 4458 est
2016 4381 2076 4456 suh

712 4501 851 4600 Yupaho
884 4503 954 4576 Lll.
985 4525 1060 4575 cum
1096 4501 1221 4598 aliquot
1255 4524 1301 4574 ex
1335 4501 1444 4576 Nuhin
1470 4501 1667 4598 Episcopis;
1707 4512 1785 4598 post
1817 4521 1936 4574 annum
1971 4498 2003 4571 J.
2039 4497 2077 4572 C.

711 4618 958 4694 ccccxxxi.
997 4619 1097 4693 Anno
1130 4617 1320 4691 moxxtx.
1372 4618 1511 4692 Salmou
1552 4640 1617 4690 rex
1656 4617 1808 4690 abdicato
1842 4637 1970 4710 regno,
2005 4637 2077 4687 cum

710 4740 811 4809 sitam
839 4738 1055 4810 monasticam
1081 4739 1115 4806 in
1141 4735 1276 4808 deserto
1303 4736 1477 4831 amplexus
1504 4733 1624 4808 luisset
1648 4737 1682 4806 in
1695 4735 1891 4830 Aegyptum
1917 4731 2076 4804 adductus

711 4860 778 4926 est:
804 4852 860 4926 uhi
886 4853 972 4926 diem
998 4875 1092 4926 suum
1119 4852 1221 4943 obiit,
1247 4853 1340 4944 cujus
1367 4854 1465 4923 etiam
1491 4851 1638 4924 meminit
1661 4849 1834 4926 Ahuselah
1848 4850 2017 4922 mmenns
2043 4849 2075 4918 in

713 4967 879 5043 Chronico
907 4990 978 5044 suo.
1030 4967 1211 5042 Praetereo
1237 4968 1337 5040 docet
1367 4988 1430 5040 nos
1464 4966 1553 5039 idem
1585 4975 1681 5039 autor
1713 4949 1915 5062 Raphaelem
1945 4962 2075 5055 Regem

711 5084 859 5180 Nuhiae‚
884 5083 1058 5158 liunkalae
1085 5107 1188 5181 quam,
1208 5085 1323 5157 urbem
1350 5082 1551 5180 lletropohn
1576 5085 1673 5176 regni
1699 5103 1795 5172 csse,
1821 5081 1925 5174 uulgo
1941 5077 2074 5154 Arahm
