4670 6046
716 581 769 658 AD
785 579 991 658 nuououu
1007 575 1199 656 conuolsa
1214 577 1245 656 S.
1260 576 1404 654 BASlLll.
1447 579 1451 592 '
1668 573 1743 648 245

384 771 422 835 ab
443 769 580 834 omnibus
602 766 755 831 adoratur.
796 765 900 846 ltaque
929 763 961 826 in
982 763 1040 826 bac
1062 770 1148 844 parte
1174 761 1251 826 duae
1282 766 1445 825 occurrunt
1472 759 1682 822 caeremoniae
1704 756 1741 819 ad

383 868 590 933 Eucharistiae
620 865 708 928 iidem
744 865 946 946 pertinentes,
985 861 1114 925 elevatio
1154 861 1270 924 scilicet
1303 858 1504 932 Sacramenti,
1543 865 1574 920 et
1611 854 1746 938 ejusdem

385 968 538 1046 adoratio,
569 983 643 1046 quas
671 973 731 1027 tam
761 981 871 1027 secure
900 969 1090 1046 negaverunt
1123 961 1326 1024 Protestantes
1359 959 1390 1020 in
1424 956 1547 1020 Oriente
1577 954 1746 1020 observari.

385 1066 559 1152 Pugnabant
581 1064 739 1126 autoritate
763 1062 987 1144 'theologorum
1010 1059 1137 1142 aliquot,
1161 1061 1212 1140 qui
1232 1059 1318 1121 nimis
1341 1055 1455 1120 creduli
1477 1062 1507 1118 et
1522 1054 1747 1118 Eucharisticae

385 1165 560 1246 disciplinae
582 1179 642 1225 non
669 1162 742 1224 satis
773 1161 880 1240 periti,
911 1159 1044 1222 Graecos
1072 1167 1304 1236 accusaverant,
1333 1155 1413 1238 quod
1440 1154 1656 1218 Eucharistiasn
1685 1170 1747 1216 non

386 1262 564 1339 adorarent,
586 1262 677 1342 idque
699 1261 772 1324 satis
795 1258 917 1342 probari
940 1258 1107 1332 videbatur,
1130 1259 1199 1339 quia
1222 1256 1301 1320 illius
1323 1256 1453 1320 elevatio
1475 1253 1555 1335 apud
1576 1253 1644 1316 illos
1667 1251 1748 1315 nulla

385 1370 483 1441 esset,
506 1379 615 1444 nempe
637 1359 718 1441 quod
740 1361 771 1422 in
794 1358 892 1422 multis
914 1357 1043 1440 antiquis
1067 1356 1221 1420 codicibus
1239 1355 1378 1418 rubricae
1393 1351 1530 1431 deerant,
1553 1369 1664 1433 preces
1678 1359 1747 1414 tan-

386 1473 449 1527 tum
470 1460 711 1526 continebuntur.
755 1459 798 1522 Ea
821 1467 920 1521 tamen
941 1464 1063 1521 notatur
1083 1458 1115 1518 in
1136 1455 1271 1538 Liturgia
1292 1453 1393 1517 Basilii
1416 1454 1532 1515 Graeca
1562 1459 1592 1514 et
1617 1450 1748 1514 Arabica

385 1561 468 1626 llitus
490 1560 705 1639 Alexandrini,
730 1559 760 1621 in
784 1556 889 1621 codice
911 1557 1017 1640 Regio.
1063 1555 1122 1620 Sed
1145 1555 1304 1636 quodiam
1317 1553 1400 1616 multi
1414 1558 1555 1615 scemate
1569 1550 1747 1628 docuerunt,

387 1660 496 1724 Graeci
518 1659 629 1722 habent
651 1659 740 1720 ritum
762 1656 899 1720 eumdem
921 1674 1009 1737 quem
1031 1645 1125 1738 ἁγίαν
1146 1643 1277 1739 dumoso
1299 1652 1542 1734 appellantque
1565 1651 1669 1713 eodem
1689 1665 1748 1730 quo

385 1757 490 1820 Latini
509 1759 592 1834 loco,
617 1752 677 1820 'sed
696 1758 783 1837 lunqs
800 1764 872 1836 post
892 1755 1060 1818 credonem
1088 1754 1278 1816 nemaeum
1306 1753 1391 1814 bosci
1417 1759 1487 1813 uate
1514 1751 1748 1813 communionem

384 1857 499 1936 spotia:
513 1861 608 1937 Jauto
628 1855 753 1931 Jacobl,
775 1853 895 1930 Basilii,
917 1862 947 1916 et
961 1851 1167 1936 Cdrpsostoms'
1179 1852 1346 1933 Litarpios,
1369 1841 1463 1932 inquil
1479 1849 1616 1928 Goarius,
1637 1848 1747 1912 Domi-

385 1957 484 2018 us'oum
507 1975 632 2036 corpus,
654 1975 715 2018 uon
736 1958 781 2018 ito
802 1962 900 2017 tumea
922 1962 956 2016 ut
975 1973 996 2015 a
1009 1953 1120 2032 populo
1134 1953 1354 2032 conspiciatis,
1375 1951 1473 2012 electu
1485 1949 1620 2011 Osuemu
1632 1948 1748 2012 Socer·

385 2055 442 2116 dos
448 2075 461 2129 ;
482 2074 587 2135 paupe
608 2055 682 2136 quio
698 2054 829 2134 populas
850 2061 938 2114 satra
960 2053 1130 2114 sanctuarii
1151 2051 1316 2126 comaclim,
1339 2058 1368 2112 et
1383 2050 1451 2112 cela
1463 2049 1676 2128 lonpeposs'tas
1693 2059 1749 2123 cst,

386 2161 446 2216 mm
467 2155 548 2235 quod
567 2156 630 2216 ηἐα
650 2153 770 2215 Graeco
791 2173 851 2216 oon
873 2151 1034 2214 αάηιοᾰννν
1056 2151 1226 2213 eatodotur.
1272 2147 1333 2213 Sed
1354 2165 1459 2230 parum
1488 2155 1539 2210 aut
1560 2145 1632 2209 nihil
1655 2145 1749 2209 rciert

386 2271 452 2315 cum
474 2254 574 2316 statim
595 2251 731 2316 adoratio
755 2258 966 2332 consequatur.
1011 2235 1094 2312 Εἶτα
1115 2249 1286 2336 προςκυνεῖ
1305 2237 1325 2313 o‘
1347 2236 1454 2332 ἱερεύς
1474 2241 1529 2308 καὶ
1550 2237 1575 2309 o‘
1599 2235 1749 2318 διάκονος

385 2345 419 2413 ἐν
440 2337 467 2432 ᾦ
489 2344 560 2412 ἐστι
580 2337 686 2431 τόπῳ,
707 2342 853 2434 λέγοντες
874 2347 1039 2429 μυστικῶς
1060 2341 1138 2435 τρίς.
1177 2340 1211 2411 'O
1220 2336 1299 2421 θεὸς
1313 2337 1472 2431 ἱλάσθητί
1483 2365 1543 2425 μοι
1557 2337 1749 2430 ἁμαρτωλῷ.

385 2443 452 2512 Καὶ
474 2439 492 2509 ὁ
512 2437 593 2522 λαός
614 2437 736 2526 ὁμοίως
761 2439 881 2522 πάντες
905 2436 990 2527 μετά
1021 2435 1198 2530 εὐλαβείας
1226 2443 1468 2534 προςκυνοῦσιν.
1504 2434 1602 2509 Ὅταν
1629 2439 1666 2507 δὲ
1692 2431 1749 2528 top

384 2535 404 2612 o‘
425 2536 576 2620 διάκονος
595 2535 652 2610 τόν
673 2542 764 2636 ἱερέα
785 2541 967 2610 ἐντείνοντα
988 2534 1049 2620 τᾶς
1061 2547 1181 2632 χεῖρας,
1204 2542 1259 2610 καὶ
1282 2534 1462 2624 ἁπτόμενον
1483 2543 1543 2610 susi
1565 2536 1660 2627 ἁγίου
1683 2531 1750 2628 dp-

384 2665 444 2709 aco
464 2633 548 2732 πρὸς
567 2636 608 2708 sd
629 2645 768 2732 ποιῆσαι
787 2633 847 2731 τὴν
868 2635 962 2729 ἁγίαν
976 2634 1114 2732 ὕψωσαν,
1129 2637 1270 2733 desponsi
1285 2631 1502 2730 Πρόσχωμεν,
1521 2633 1611 2706 καὶὸ
1632 2633 1749 2732 ἱερεύς.

390 2733 439 2808 Tol
461 2734 539 2828 ἅγια
558 2743 627 2818 τοῖς
648 2734 763 2828 ἁγίοις.
806 2745 923 2807 Deinde
943 2746 1056 2808 Morus
1072 2745 1234 2821 Sacerdos,
1256 2753 1286 2807 et
1296 2743 1451 2806 Diaconos
1471 2745 1504 2806 io
1524 2763 1582 2824 quo
1605 2752 1652 2806 est
1671 2744 1749 2819 loca

386 2846 519 2908 disemos
540 2852 659 2908 secreto
680 2853 745 2908 ter:
768 2843 850 2908 Deus
872 2845 1019 2926 propitius
1043 2853 1109 2908 esto
1132 2843 1201 2907 mibi
1228 2843 1391 2927 peccatori.
1437 2841 1548 2906 Omues
1574 2863 1615 2904 ea
1636 2843 1749 2922 populo

382 2945 501 3025 positar
523 2962 591 3005 oum
611 2944 781 3005 reseratio
802 2944 940 3008 marom.
988 2941 1063 3006 Osos
1082 2962 1155 3006 cero
1176 2945 1289 3006 sideru
1304 2941 1462 3005 Diaconos
1471 2941 1665 3005 Sacerdotem
1678 2959 1749 3002 mo-

385 3061 442 3105 nus
468 3059 544 3104 susos
571 3043 789 3127 eatmdemmu,
822 3051 851 3105 ct
878 3049 1044 3124 muqeaem
1071 3062 1194 3106 socnam
1219 3062 1330 3123 pumen
1355 3042 1398 3104 od
1416 3041 1591 3122 [mmdom
1611 3049 1750 3103 sanctam

386 3141 595 3217 madasca,
616 3141 680 3204 olto
700 3161 775 3204 coco
793 3143 868 3204 dicit
872 3165 888 3216 ,·
909 3142 1122 3206 Attendamus:
1144 3141 1350 3217 eadmerum,
1373 3139 1482 3204 Sancta
1504 3140 1624 3204 sanctis
1646 3139 1750 3219 ltaque

386 3239 507 3304 inllitu
529 3239 646 3304 Graeco
668 3240 812 3304 babemus
834 3249 865 3304 et
888 3241 1086 3305 elevationem
1108 3252 1140 3306 et
1160 3242 1374 3306 adorationem.
1408 3241 1514 3323 Neque
1526 3241 1626 3321 excipi
1638 3247 1748 3321 potest,

385 3347 419 3403 ut
439 3359 456 3402 a
479 3341 577 3404 multis
599 3341 728 3420 lactum,
751 3342 781 3403 in
804 3341 932 3422 antiquis
955 3341 1039 3404 libris
1062 3358 1123 3405 non
1145 3360 1266 3423 semper
1294 3341 1424 3422 reperiri
1453 3356 1530 3421 quae
1558 3340 1747 3404 recentiores

387 3441 417 3503 in
439 3439 516 3502 bauo
538 3441 716 3503 sententiam
738 3441 901 3504 continent.
945 3440 1021 3504 Nam
1042 3449 1128 3504 entra
1150 3440 1271 3504 dubium
1294 3447 1341 3504 est
1368 3441 1398 3502 in
1421 3435 1633 3521 antiquissimis
1662 3439 1748 3502 libris

387 3540 467 3602 solas
489 3556 600 3619 preces
623 3539 785 3617 contineri,
808 3541 883 3602 ritus
905 3540 1050 3620 petendos
1073 3539 1207 3619 aliunde,
1237 3539 1317 3622 quod
1347 3557 1406 3602 non
1435 3539 1523 3603 modo
1550 3539 1582 3602 in
1612 3538 1748 3614 Graecis,

387 3639 440 3702 sed
463 3640 494 3700 in
517 3637 719 3702 Orientalibus
748 3639 832 3702 libris
855 3640 1007 3718 omnibus,
1035 3642 1094 3702 imo
1123 3648 1154 3702 et
1183 3639 1295 3702 Leonis
1325 3657 1421 3720 aeque
1451 3638 1608 3702 observari
1637 3644 1748 3720 potest.

388 3737 498 3800 Verum
520 3739 593 3800 sutis
616 3736 735 3801 aliunde
766 3739 860 3802 scitur
882 3747 1039 3820 ulnamque
1062 3746 1093 3802 ot
1114 3739 1307 3815 ostensionis,
1330 3745 1361 3800 et
1383 3738 1564 3802 odorationis
1580 3739 1667 3800 ritum
1690 3737 1750 3800 ob-

387 3847 539 3902 servatum
560 3835 654 3900 luisse
677 3836 755 3918 apud
779 3837 958 3901 Orientales.
1003 3836 1123 3901 Gabriel
1144 3837 1317 3900 Patriarcha
1338 3837 1498 3903 inllituali.
1532 3837 1632 3899 Finita
1647 3835 1750 3899 Abso-

387 3937 498 3999 luts'one
519 3935 675 4000 Sacerdos
696 3937 838 4016 respiciet
858 3938 901 3999 od
922 3935 1088 4014 Otiosum
1111 3946 1141 3999 et
1160 3937 1317 3999 Dioccmts
1337 3937 1401 4000 olto
1421 3954 1497 4000 uoce
1518 3935 1669 4012 clomobit,
1688 3955 1750 4015 po-

386 4037 457 4116 pulo
478 4038 593 4099 mma
612 4036 725 4098 uadum
746 4043 837 4115 caput
857 4043 887 4098 et
907 4037 1040 4098 conotus
1061 4055 1169 4099 manao
1189 4036 1323 4100 bobeute.
1356 4035 1513 4099 Diaconos
1534 4037 1642 4098 aude
1663 4037 1751 4110 dccet,

388 4136 502 4198 Amen:
526 4143 646 4198 etcum
670 4133 782 4216 Spiritu
804 4142 865 4198 tuo.
910 4133 984 4197 Cum
1007 4135 1112 4198 timore
1134 4135 1200 4198 Deo
1223 4134 1419 4200 attendamus.
1463 4135 1497 4197 ln
1512 4134 1624 4199 Codice
1637 4152 1751 4198 recen-

389 4235 458 4296 tiori
479 4234 634 4315 adjicitur,
656 4233 825 4296 Πὲααοαννν
852 4253 943 4296 mona
970 4254 1089 4296 mtcem
1116 4236 1262 4297 ekootom
1285 4243 1403 4312 tenere,
1430 4255 1534 4315 nempe
1562 4255 1620 4315 quo
1653 4236 1751 4316 moqis

389 4336 552 4414 couspicm
573 4335 669 4413 ipsisss
689 4333 855 4396 admonitio
876 4333 924 4396 sit.
970 4334 1141 4416 Respondet
1163 4334 1295 4414 Populus
1316 4336 1379 4397 otto
1400 4353 1490 4411 uoce,
1513 4335 1606 4416 llyrie
1622 4333 1749 4397 eleison.

390 4429 461 4494 llam
483 4432 612 4512 accipiet
632 4433 787 4495 Socerum
812 4431 972 4495 Isbodicoa
999 4436 1031 4495 iu
1059 4453 1167 4496 ommes
1187 4452 1275 4509 saus,
1308 4435 1437 4514 illudqtoe
1467 4453 1585 4496 mosam
1614 4432 1751 4510 secabit,

390 4537 530 4611 ᾳααιαια
556 4531 685 4594 baebio
710 4550 768 4594 oso
796 4533 958 4594 extendas
982 4535 1108 4613 poterit,
1137 4542 1227 4614 caput
1255 4535 1422 4609 inclinans,
1450 4533 1649 4613 domuitque
1676 4550 1752 4594 coes

278 4642 285 4650 ·
389 4629 546 4694 uldssima
596 4617 645 4692 Tol
666 4619 745 4713 ἅγια
764 4629 834 4703 τοῖς
855 4618 970 4713 ᾰγίοις.
1014 4631 1129 4695 &aaa
1157 4635 1280 4695 sanctu.
1313 4631 1423 4695 Omnes
1444 4632 1589 4711 epopulo
1617 4632 1750 4693 imbuo-

390 4727 463 4790 bunt
480 4731 582 4808 cupito
603 4747 678 4806 aaa,
700 4731 864 4792 odorantes
884 4729 1043 4792 Dominam
1064 4735 1096 4794 s'a
1118 4733 1223 4794 timete
1244 4740 1273 4794 et
1299 4739 1441 4809 umore,
1466 4733 1653 4811 postulantes
1685 4750 1752 4794 omn

390 4825 547 4909 humatis,
569 4847 684 4891 εννανια
705 4830 819 4905 studio,
841 4837 871 4891 et
892 4831 1028 4892 mouimus
1046 4839 1216 4909 pectorum,
1238 4833 1442 4918 qeanssioaem
1460 4839 1655 4911 peccatorum
1676 4849 1751 4892 suo·

389 4945 471 5002 mm,
494 4935 524 4988 et
545 4929 798 5008 confosnotionem
819 4945 904 4989 suum
932 4929 965 4989 ia
983 4929 1044 5006 fide
1069 4927 1265 5006 Ortbodoao,
1293 4930 1336 4992 ccl
1360 4939 1524 4994 extremius
1548 4951 1642 5012 usqae
1670 4933 1752 4994 uitus

390 5026 534 5103 spuitsuu.
583 5027 671 5090 Plura
692 5027 790 5089 adbuc
812 5027 909 5106 dulor
932 5027 1088 5092 .Scientiae
1117 5026 1360 5094 Ecclesiasticus.
1404 5030 1535 5108 Postea,
1568 5033 1679 5113 inquit,
1709 5033 1752 5096 od

1463 5147 1546 5222 47*
