4686 6060
677 637 755 714 430
1065 639 1664 720 DEPATRIARGHA

677 837 787 898 autem
819 825 971 914 urbibus,
1012 849 1095 922 quas
1128 829 1336 918 notavimus,
1370 838 1404 899 et
1438 851 1525 924 quae
1556 827 1683 900 illarum
1717 832 1965 925 provinciarum
1994 832 2049 904 vel

531 1007 535 1012 .
675 947 850 1035 regionum
878 947 986 1040 capita
1013 942 1251 1034 censebantur,
1279 954 1374 1016 erant
1388 944 1557 1041 Episcopi.
1596 945 1753 1017 Attamen
1779 944 1891 1040 plures
1912 950 2046 1022 onmino

674 1057 897 1155 Episcopatus
924 1057 1055 1133 buerunt
1081 1062 1114 1130 in
1140 1060 1309 1152 inferiori,
1336 1084 1434 1156 quam
1460 1065 1493 1132 in
1520 1064 1685 1156 superiori
1710 1063 1882 1159 Aegypto.
1953 1063 1961 1126 .'

779 1175 816 1247 ln
847 1175 947 1247 litore
980 1175 1157 1266 Orientali,
1191 1180 1284 1270 cujus
1316 1179 1506 1272 primariam
1540 1177 1656 1284 qrbem
1692 1176 1858 1250 Abulieda
1890 1182 1936 1251 ait
1969 1201 2053 1253 esse*

674 1292 834 1380 Bulbum,
861 1295 941 1387 pagi
967 1304 1216 1364 numerantura
1238 1293 1399 1366 Matrinio
1416 1296 1594 1385 sexaginta
1621 1295 1780 1388 quinque:
1807 1298 1840 1366 in
1867 1317 1909 1368 ea
1937 1307 2047 1369 autern

674 1409 759 1481 urbe
785 1407 845 1480 luit
870 1407 1023 1481 Jacobita
1049 1407 1247 1506 Episcopus

778 1524 952 1597 Attribcc
979 1523 1117 1599 subsunt
1142 1529 1222 1622 pagi
1248 1527 1394 1618 maj0res
1420 1537 1555 1622 praeter
1579 1529 1724 1601 minores
1750 1529 1888 1624 aliquot,
1915 1539 2047 1603 centum

663 1656 709 1717 et
735 1653 822 1718 octo.
874 1641 963 1714 Nota
990 1641 1070 1714 urbs
1097 1665 1142 1714 ex
1168 1645 1272 1715 variis
1300 1642 1469 1715 autoribus
1486 1641 1663 1742 ”Adptsstc
1689 1641 1830 1716 Graecis
1858 1643 1955 1717 dicta.

782 1760 923 1831 Tenedo
949 1761 1119 1850 octoginta
1146 1771 1274 1854 septem
1300 1780 1410 1855 pagos
1436 1757 1544 1832 babet.

779 1878 890 1948 Nemo
917 1883 1048 1946 centum
1074 1884 1108 1945 et
1134 1877 1380 1969 quinquaginta.

778 1993 888 2063 Beata
915 1992 1049 2084 triginta
1075 2013 1209 2063 novem.
1431 2003 1434 2008 '

782 2105 938 2180 Tambia
964 2108 1082 2199 viginti
1109 2117 1202 2194 octo,
1237 2109 1323 2202 inter
1350 2127 1433 2201 quos
1461 2104 1666 2181 celebriores
1699 2106 1815 2198 Sedir.
1849 2107 1979 2196 liabmo
2011 2121 2046 2184 et

674 2223 822 2298 Phakou.
1068 2221 1075 2246 ‘

777 2341 923 2414 Farbeit
949 2339 1065 2412 decem
1093 2347 1127 2410 et
1153 2347 1230 2410 octo
1258 2357 1384 2431 pagos,
1412 2341 1564 2433 exceptis
1591 2339 1769 2434 portubus,
1796 2338 1861 2413 boc
1886 2351 1939 2414 est
1966 2364 2044 2414 ma-

673 2458 803 2555 palibus
831 2456 874 2529 ad
900 2479 994 2529 oram
1020 2453 1227 2528 Maritimam.

776 2574 875 2643 Boea
901 2582 934 2644 et
960 2569 1056 2643 Atto
1081 2570 1176 2644 simul
1210 2567 1469 2664 complectuntur
1502 2590 1610 2664 pagos
1643 2574 1790 2664 mrq'ores
1828 2574 2044 2668 quadraginta

674 2713 753 2764 sex:
781 2692 867 2760 inter
893 2710 977 2783 quos
1003 2696 1220 2759 recensentur
1245 2685 1397 2772 Sento,
1425 2687 1573 2773 Forata,
1610 2696 1644 2757 et
1678 2686 1833 2779 Ariete,
1869 2713 1930 2764 seu
1963 2692 2045 2762 La.

671 2809 778 2894 rtsso,
807 2803 993 2900 dequibus
1021 2806 1173 2899 superius
1201 2801 1320 2873 dictum
1354 2808 1422 2890 est,
1454 2823 1540 2896 quae
1573 2802 1675 2876 urbes
1709 2801 1899 2902 Episcopus
1932 2805 2044 2880 babe-

672 2919 768 3010 bant,
797 2923 896 2992 etiam
922 2924 956 2991 in
981 2919 1136 2991 Ecclesia
1169 2916 1369 2989 Jacobitica:
1404 2929 1564 3013 erantque
1597 2921 1630 2990 in
1663 2919 1831 2992 territorio
1862 2921 1919 2994 illo
1955 2921 2045 3015 quod
2085 2947 2089 2954 ·

672 3038 809 3134 speciali
835 3041 970 3110 nomine
986 3034 1114 3129 Eljeiar
1140 3034 1323 3131 appellatur
1349 3045 1384 3106 et
1410 3037 1553 3130 quinque
1579 3035 1681 3110 urbes
1695 3035 1885 3109 continebat
1901 3039 2045 3129 Furcae,

670 3154 832 3244 Besara,
865 3153 1041 3241 Wcrodu‚
1073 3152 1221 3242 Armet,
1257 3155 1331 3223 sive
1362 3149 1566 3248 Larissam„
1582 3162 1616 3223 et
1649 3153 1792 3247 stuppa,
1828 3156 1923 3245 regio
1958 3174 2044 3226 are-

670 3293 755 3343 nosa
791 3269 930 3360 sterilis,
964 3281 998 3341 et
1030 3266 1215 3341 viatoribus
1251 3266 1494 3340 molestissima.
1547 3267 1584 3339 ln
1618 3275 1690 3340 toto
1727 3267 1784 3340 illo
1819 3279 1925 3342 tractu
1961 3293 2045 3344 orae

672 3383 849 3458 Orientalis
875 3383 1131 3457 numerabantur
1158 3385 1238 3478 pagi
1265 3384 1435 3477 quingenti
1460 3384 1579 3474 viginti
1605 3404 1739 3454 novem.

773 3501 811 3573 ln
838 3505 1017 3574 continenti
1043 3504 1202 3594 regiones
1228 3499 1366 3570 Domata
1392 3508 1426 3569 et
1451 3499 1575 3591 Menos
1594 3509 1725 3570 centurn
1752 3508 1787 3571 et
1808 3510 1949 3594 quatiam
1973 3524 2044 3597 pa-

670 3639 811 3710 gorum:
838 3617 961 3713 duplex
988 3627 1040 3690 est
1072 3626 1179 3690 autem
1213 3617 1347 3708 Menas,
1382 3620 1536 3713 Νανουφ
1572 3613 1714 3710 Coptitis
1748 3616 1852 3705 dicta,
1888 3621 2044 3714 superior

673 3742 707 3805 et
732 3733 876 3808 inferior.
932 3733 1027 3807 Cave
1055 3743 1164 3806 autem
1189 3755 1234 3805 ne
1259 3729 1430 3824 disruptio
1466 3753 1540 3803 curn
1566 3729 1728 3804 Kircbero
1755 3735 1982 3827 interpreteris
2008 3737 2042 3806 in

670 3849 945 3923 Nomenclatore:
973 3853 1027 3946 qui
1054 3851 1088 3919 in
1115 3849 1343 3945 supplemento
1371 3869 1410 3919 se
1436 3843 1543 3943 ipsum
1569 3851 1711 3938 retexit,
1741 3859 1776 3922 et
1810 3858 1981 3945 utramque
2008 3854 2042 3924 in

671 3965 844 4039 Thebaide
871 3969 1056 4056 constituit,
1084 3964 1172 4061 quo'd
1199 3986 1306 4058 aeque
1331 3962 1462 4036 falsum.

773 4081 894 4154 Saldo
920 4093 1051 4155 centum
1085 4080 1271 4177 quindecim
1305 4102 1415 4178 pagos
1451 4083 1612 4170 continet,
1645 4081 1772 4176 absque
1807 4080 1892 4153 locis
1924 4083 2040 4155 mino·
2092 4093 2095 4100 ⁴

669 4198 778 4272 ribus:
814 4203 847 4270 in
878 4198 1137 4272 Nomenclatore
1172 4196 1258 4270 duae
1293 4219 1400 4270 voces
1434 4195 1508 4269 huic
1534 4193 1703 4269 Arabicae
1728 4196 1932 4293 respondent
1958 4201 2043 4283 Ξεος

669 4326 703 4389 et
728 4320 872 4412 Σχωου.

772 4433 893 4504 Bcsdc
919 4441 952 4504 et
978 4430 1244 4524 El-Afrcboun
1269 4430 1388 4521 viginti
1414 4437 1493 4500 tres.

774 4549 1000 4620 Boscberoud
1024 4549 1142 4639 viginti
1169 4555 1326 4655 quatuor:
1353 4544 1514 4616 Cboroud
1541 4545 1696 4642 Coptitis,
1731 4555 1866 4641 praeter
1891 4548 2039 4621 mitiores

667 4662 896 4738 habitationes.

715 4793 717 4798 ·
771 4782 884 4852 Accio
910 4790 945 4852 et
971 4779 1183 4869 Bambotum
1210 4799 1272 4851 seu
1297 4777 1460 4866 Paeonii,
1496 4802 1516 4850 a
1549 4773 1878 4878 quodamliortassis
1910 4777 2038 4854 blona-

667 4900 769 4969 sterio
797 4896 1015 4993 quadraginta
1041 4917 1151 4991 pagos
1177 4896 1333 4966 continet.

775 5013 879 5084 Tanta
906 5025 939 5085 et
964 5012 1129 5083 Dumioto
1156 5033 1291 5106 quarum
1319 5020 1458 5104 utraque
1483 5006 1772 5110 Episcopalisssest
1797 5010 1966 5084 tredecim.
2085 5017 2094 5027 “

769 5129 808 5203 ln
828 5123 894 5204 'ora
921 5127 1144 5218 Occidentali‚
1169 5126 1222 5199 Su
1247 5131 1456 5224 septuaginta
1483 5137 1552 5201 tres
1565 5149 1674 5223 pagos
1690 5131 1851 5202 continet:
1878 5125 2036 5200 Subascb
