4760 6038
709 611 733 683 o
1213 607 1573 686 LITURGIA

707 807 867 891 tempore.
919 795 1038 891 Tuque
1064 819 1102 870 es
1128 797 1181 867 cui
1205 794 1384 887 honorem,
1409 795 1570 889 gloriam,
1595 799 1777 892 potentiam
1796 805 1830 868 et
1846 795 2068 867 adorationem

706 912 900 1001 referimus,
927 935 1000 983 cum
1014 912 1114 985 Patre
1133 921 1190 983 tuo
1204 910 1294 985 bono
1311 923 1345 984 et
1363 911 1487 1008 Spiritu
1509 923 1642 1002 sancto,
1668 935 1757 984 nunc
1777 922 1812 982 et
1837 935 1980 1008 semper,
2006 923 2069 984 etc.

813 1029 893 1099 Tam
926 1053 1011 1101 aeas
1041 1028 1275 1100 Diacoaoram
1315 1029 1406 1124 tepet
1430 1027 1631 1100 Catholicae
1664 1029 1805 1122 Coptice
1838 1035 1873 1099 et
1905 1028 2069 1116 Arabiae,

707 1151 742 1215 et
762 1151 942 1238 postquam
967 1145 1087 1215 tectam
1114 1149 1223 1239 faerit
1251 1146 1408 1238 Captae,
1443 1147 1535 1216 dicet
1567 1146 1741 1218 Sacerdos
1762 1127 1951 1218 celebrans
1982 1146 2071 1216 baac

705 1264 911 1332 orationem:
945 1261 1035 1354 qaod
1064 1264 1096 1333 si
1129 1261 1343 1332 Patriarcba
1373 1265 1447 1355 ipse
1471 1286 1578 1334 sacra
1598 1265 1729 1356 saciat,
1765 1263 1857 1333 dicet
1888 1286 1962 1333 eam
1995 1260 2071 1333 Sa-

706 1378 838 1448 cerdos.

1157 1584 1277 1656 Oratio
1299 1591 1381 1678 post
1406 1583 1616 1656 Catholicae.

807 1791 990 1865 Sacerdos.
1043 1791 1187 1864 Domine
1212 1792 1305 1863 Dens
1333 1794 1388 1886 qui
1414 1814 1476 1887 per
1502 1802 1636 1865 sanctos
1661 1790 1850 1886 Apostolos
1881 1801 1957 1864 tuos
1991 1812 2068 1860 ma-

704 1903 867 1979 nifestasti
899 1907 997 1982 nobis
1035 1911 1231 2005 mysterium
1262 1907 1440 2000 Evangelii
1474 1907 1604 1999 gloriae
1637 1906 1759 1980 Christi
1791 1910 1854 1996 tui,
1887 1916 1922 1977 et
1952 1905 2070 1978 dedisti

704 2021 768 2094 illis
795 2024 976 2097 secundum
1002 2025 1259 2117 magnitudInem
1284 2024 1363 2096 doni
1388 2025 1500 2098 infiniti
1527 2027 1656 2117 gratiae
1675 2035 1770 2112 tuae,
1796 2023 1990 2118 praedicare
2010 2025 2069 2094 toti

703 2139 825 2212 mundo
865 2139 1097 2213 abundantiam
1137 2139 1380 2232 investigabilis
1414 2141 1664 2214 misericordiae
1698 2150 1794 2229 tuae;
1833 2162 1991 2232 rogamus
2023 2149 2069 2228 te,

701 2251 862 2346 Domine,
888 2256 944 2328 fac
969 2279 1032 2328 nos
1060 2257 1179 2349 dignos
1205 2266 1301 2354 parte
1328 2267 1362 2328 et
1388 2266 1480 2330 sorte
1505 2256 1644 2328 illorum.
1686 2253 1843 2328 Concede
1862 2254 1960 2328 nobis
1973 2278 2068 2327 sem-

702 2391 765 2463 per
790 2383 826 2443 ut
852 2371 1057 2445 ambulemus
1083 2375 1118 2444 in
1144 2395 1261 2445 eorum
1287 2377 1457 2467 vestigiis,
1482 2384 1517 2444 ut
1543 2395 1671 2464 agones
1699 2394 1814 2443 eorum
1831 2374 2008 2460 imitemur,
2035 2381 2069 2442 et

703 2490 981 2560 communicemus
1014 2511 1090 2560 cum
1124 2493 1192 2580 eis,
1228 2487 1399 2561 laboribus
1430 2500 1466 2560 et
1499 2487 1696 2578 sudoribus,
1729 2509 1813 2582 quos
1846 2509 1909 2583 pro
1947 2491 2068 2582 pietate

702 2606 934 2676 sustinuerunt.
987 2603 1165 2678 Conserva
1190 2603 1377 2678 Ecclesiam
1404 2616 1493 2677 tuam
1520 2608 1688 2695 sanctam‘,
1715 2627 1812 2698 mam
1834 2626 1896 2699 per
1911 2603 2004 2677 eost
2043 2645 2068 2660 -

702 2715 804 2809 dasii,
830 2719 971 2792 benedic
997 2725 1094 2813 agnis
1120 2724 1236 2814 gregis
1262 2725 1328 2812 tui,
1356 2733 1390 2794 et
1410 2720 1589 2817 multiplica
1607 2720 1692 2792 hano
1707 2723 1840 2792 vitream
1855 2744 1951 2817 quam
1965 2721 2067 2816 plan·
2183 2815 2193 2832 .

701 2837 784 2906 tavit
810 2835 949 2909 dextera
976 2847 1050 2926 tua,
1076 2842 1111 2910 in
1138 2835 1271 2913 Christo
1298 2838 1381 2911 lesu
1407 2838 1551 2910 Domino
1577 2848 1712 2910 nostro:
1738 2859 1800 2931 per
1827 2859 1942 2931 quem,
1970 2846 2030 2908 etc.

804 2966 925 3036 Finita
950 2965 1096 3037 lecticae
1123 2967 1293 3038 Catboiici
1318 2966 1490 3054 Arabica,
1518 2966 1680 3039 ascacdet
1695 2964 1870 3037 Sacerdos
1891 2966 1939 3036 ad
1956 2966 2067 3038 attare

701 3085 735 3150 et
761 3081 912 3151 adolebit
937 3085 1108 3154 iucensam
1131 3083 1249 3172 semel,
1277 3090 1345 3153 tara
1369 3082 1574 3156 recitabitur
1601 3082 1722 3154 Oratio
1747 3104 1901 3177 sequens.

1097 3303 1217 3375 Oratio
1243 3305 1390 3375 Actaam
1415 3302 1665 3396 Apostolorum.

799 3505 984 3581 Sacerdos.
1042 3508 1135 3582 Deus
1170 3511 1224 3604 qui
1258 3511 1434 3605 suscepisti
1465 3509 1660 3583 sacrificium
1690 3506 1893 3598 Abrahami,
1936 3519 1969 3582 et
2001 3533 2063 3606 pro

697 3623 816 3697 isaaco
843 3627 979 3697 arietem
1006 3628 1038 3696 ei
1064 3629 1288 3722 praeparasti,
1323 3629 1369 3698 ita
1401 3630 1534 3721 suscipe
1568 3649 1589 3696 a
1621 3623 1737 3716 nobis,
1771 3625 1937 3715 Domine,
1968 3623 2062 3717 hujus

696 3738 800 3814 thuris
827 3741 1043 3833 sacrificium,
1069 3752 1104 3815 et
1128 3766 1191 3839 pro
1218 3765 1260 3814 eo
1285 3745 1378 3818 mitte
1403 3739 1501 3816 nobis
1528 3741 1662 3813 divitem
1682 3740 1945 3813 misericordiam
1964 3751 2061 3814 tuam.

697 3852 909 3933 Mandanes
937 3855 979 3930 ab
1009 3861 1098 3930 omni
1123 3857 1264 3931 foedare
1290 3862 1440 3954 peccati,
1467 3868 1502 3930 et
1526 3868 1661 3953 praesta
1687 3879 1751 3930 nos
1779 3857 1899 3950 dignos
1916 3878 2010 3946 esse,
2028 3867 2064 3929 ut

698 3993 812 4044 coram
838 3971 988 4046 bonitate
1015 3985 1070 4046 tua
1097 3997 1118 4047 o
1143 3974 1310 4047 hominum
1336 3986 1481 4064 amator,
1508 3997 1591 4071 pure
1617 3983 1651 4045 et
1676 3972 1826 4070 perfecte
1841 3975 2061 4048 ministramus

698 4087 849 4162 omrribus
876 4088 993 4163 diebus
1018 4093 1109 4164 vitae
1134 4100 1287 4164 nostrae:
1313 4091 1482 4165 Memento
1508 4091 1652 4163 Domine
1677 4093 1788 4186 paoiS,
1815 4081 1878 4162 ele.

799 4205 945 4299 Perficit
969 4206 1062 4277 illam
1088 4230 1134 4278 ec
1162 4208 1326 4280 Oratioae
1356 4209 1477 4280 lbaris
1502 4207 1624 4296 Pauli,
1651 4207 1744 4278 calla
1768 4231 1809 4279 re
1835 4209 1994 4278 detracta
2009 4205 2062 4275 aei

697 4322 837 4393 addita:
872 4344 940 4417 qua
973 4323 1113 4416 expleta
1144 4324 1283 4394 eborata
1316 4324 1407 4396 solas
1439 4347 1513 4394 cum
1546 4327 1686 4394 taceaco
1722 4324 1890 4394 circuibit.
1943 4323 2060 4393 Finita

696 4437 862 4511 Lectione
893 4441 1060 4512 [lateram
1096 4441 1236 4537 Coptica
1277 4447 1312 4512 et
1344 4439 1499 4546 Arabiae
1539 4440 1653 4511 diceet
1689 4445 1758 4528 ter,
1799 4438 1955 4512 Sanctus:
1994 4459 2058 4532 qao

693 4558 810 4648 finito,
837 4555 1012 4628 Sacerdos
1038 4557 1129 4629 dicet
1154 4558 1243 4629 barac
1270 4561 1470 4630 orationem.

1145 4791 1264 4862 Oratio
1290 4791 1471 4888 Eaaapelii
1496 4793 1616 4863 sancti.

798 4988 942 5060 Domine
968 4997 1002 5060 et
1026 4995 1187 5084 magister
1211 4990 1294 5063 desa
1322 4990 1453 5066 Christe
1479 4990 1572 5063 Deus
1598 4996 1728 5078 noster,
1757 4989 1812 5082 qui
1837 4985 1949 5058 dixisti
1972 4981 2057 5056 divis

698 5102 859 5197 apostolis
886 5107 950 5177 tuis
977 5115 1012 5177 et
1038 5105 1204 5205 discipulis
1232 5111 1294 5183 tuis
1322 5111 1464 5199 sanctis,
1489 5106 1584 5179 Multi
1610 5101 1793 5202 prophetae
1820 5113 1853 5175 et
1880 5103 1961 5197 justi
1991 5122 2057 5170 cu-
