4760 6038
708 737 1330 821 SANGlellSllll.
1654 736 1710 812 25

331 941 446 1005 sancta
471 931 592 1021 Maria,
619 941 654 1003 et
680 939 822 1026 quatuor
847 928 948 1010 lucidi
974 932 1082 1002 sancti
1106 924 1268 1017 Michael,
1297 925 1454 1018 Gabriel,
1481 925 1635 1022 Raphael
1669 935 1708 998 et

331 1047 451 1136 Suriel,
478 1058 512 1118 et
539 1056 681 1142 quatuor
709 1045 861 1118 animalia
893 1049 1113 1140 incorporea,
1139 1064 1271 1115 necnon
1297 1046 1417 1136 viginti
1445 1053 1586 1138 quatuor
1612 1040 1707 1112 Pre-

330 1163 470 1259 sbyteri,
497 1160 755 1256 Cherubimque,
782 1159 956 1255 Seraphim
984 1169 1019 1230 et
1044 1158 1213 1230 coelestes
1241 1158 1386 1232 ordines.
1439 1159 1506 1230 Per
1533 1160 1705 1230 orationes

332 1276 595 1351 Patriarobarum
622 1285 656 1348 et
681 1273 934 1371 Prophetarum,
959 1275 1098 1347 loannis
1126 1273 1310 1368 Baptistae,
1337 1285 1372 1346 et
1394 1283 1526 1346 eentum
1553 1273 1704 1367 quadra-

333 1395 422 1484 ginta
458 1402 599 1488 quatuor
630 1390 786 1482 millium,
821 1391 1095 1484 dominorumque
1131 1401 1261 1486 patrum
1303 1389 1567 1484 Apostolorum,
1606 1392 1704 1460 trium

333 1517 519 1582 sanatorum
545 1529 737 1602 puerorum,
770 1501 877 1580 sancti
903 1505 1084 1602 Stephani,
1117 1509 1223 1580 sancti
1249 1504 1384 1576 Domini
1412 1504 1571 1597 Georgii,
1597 1507 1704 1578 sancti

331 1627 500 1718 utriusque
526 1622 718 1712 Theodori,
754 1631 789 1693 et
819 1625 926 1696 sancti
960 1630 1156 1716 patrumque
1193 1624 1352 1695 amatoris
1385 1620 1563 1710 Mercurii,
1595 1620 1704 1692 sancti

331 1738 438 1810 Patris
463 1737 608 1810 Mennae
635 1747 669 1808 et
695 1739 840 1810 omnium
869 1737 1044 1830 choromm
1071 1735 1270 1832 Martyrum,
1297 1747 1331 1808 et
1355 1735 1465 1808 Patris
1491 1737 1598 1809 nostri
1623 1736 1704 1810 Au-

333 1855 411 1926 tonii
436 1854 504 1924 viri
529 1854 740 1942 sanctissimi,
767 1861 1167 1948 sanctorumquepatmm
1185 1853 1283 1923 trium
1308 1852 1555 1941 Macariomm,
1571 1855 1703 1925 omnis-

334 1990 396 2064 que
422 1966 516 2039 chori
548 1989 649 2039 cruce
677 1970 903 2060 signatorum,
928 1968 1100 2041 Justorum
1124 1970 1276 2062 piorum,
1303 1968 1488 2062 sapientum
1515 1966 1704 2058 Virginum,

333 2095 366 2158 et
389 2081 514 2174 Angeli
540 2081 606 2154 dlei
631 2085 724 2155 istius
751 2083 925 2156 benedicti.
953 2083 1076 2155 Veniat
1101 2080 1287 2153 benedictio
1316 2104 1446 2172 eorum,
1465 2091 1580 2156 sancta
1594 2085 1704 2174 gratia

333 2220 458 2290 eorum,
495 2207 530 2269 et
560 2201 708 2293 potentia
740 2221 873 2290 eorum,
909 2198 1030 2270 donum
1065 2221 1199 2287 eorum,
1234 2200 1356 2272 caritas
1382 2219 1518 2288 corum,
1543 2199 1704 2293 patientia

334 2335 457 2403 eorum,
484 2313 642 2385 auxilium
669 2336 786 2386 eorum
813 2324 847 2387 et
872 2314 1059 2388 benedictio
1088 2314 1152 2386 diei
1171 2315 1368 2386 Dominicaa
1394 2312 1583 2388 Salvatoris
1597 2316 1703 2385 nostri

331 2425 409 2501 boni
436 2432 479 2503 sit
504 2451 578 2501 cum
606 2415 757 2502 omnibus
783 2428 881 2502 nobis
907 2451 1015 2526 usque
1041 2435 1075 2502 in
1103 2439 1282 2502 aeternum.
1336 2431 1457 2505 Amen.

436 2561 517 2632 Cam
550 2561 737 2632 absolverit
767 2580 926 2632 casulano
957 2563 1172 2655 oblationario,
1208 2563 1302 2634 bibet
1327 2585 1451 2658 apuam
1475 2565 1512 2633 in
1538 2564 1583 2634 iis
1608 2563 1705 2633 reoi-

332 2676 440 2766 doona,
467 2677 676 2771 dimittetque
698 2677 832 2770 piebem
858 2678 1095 2750 benedictione
1121 2681 1282 2750 recitato.

793 2819 950 2940 aarum
973 2837 1082 2909 Mosa
1106 2837 1244 2909 nauta

561 3155 1459 3210 —-——--=223>808⁴§ffiz2----

807 3415 1228 3720 araurem

571 3862 913 3984 sineri
981 3859 1462 3985 annonari,

852 4136 1034 4203 ORATIO
1065 4139 1183 4205 VELI.

396 4345 588 4419 ·S“⁰⁶l'‘¹⁰⁸'
606 4353 752 4419 ⁸⁰⁰²'050-
813 4335 981 4440 Domine
1007 4364 1100 4436 Deus
1134 4367 1357 4459 omnipotens,
1393 4367 1448 4460 qui
1478 4365 1567 4436 nosti
1601 4368 1704 4458 cogi-

329 4479 472 4554 tationes
506 4478 691 4570 homiuum,
727 4488 895 4552 scrutator
930 4479 1079 4552 cordium
1112 4489 1147 4551 et
1177 4502 1312 4552 remma:
1355 4483 1411 4574 qui
1444 4503 1498 4552 ma
1534 4478 1705 4573 iudignum

329 4597 462 4667 vocasti
494 4595 537 4666 ad
570 4592 636 4667 boc
670 4597 886 4668 ministerium
921 4605 1069 4669 sanctum
1104 4605 1212 4668 tuum:
1249 4617 1292 4667 ne
1329 4617 1384 4667 me
1418 4599 1565 4689 rejicias,
1602 4605 1635 4666 et
1660 4617 1705 4666 ne

331 4719 467 4783 avertas
493 4708 616 4782 faciem
642 4719 731 4781 tuam
764 4734 786 4782 a
815 4733 892 4800 mo;
928 4709 989 4784 sed
1016 4709 1090 4782 dele
1124 4713 1234 4782 omnia
1267 4709 1387 4782 delicta
1419 4732 1512 4782 mea:
1539 4721 1574 4782 at
1607 4709 1705 4783 ablue

332 4826 453 4898 sordes
490 4827 644 4921 corporis
679 4829 757 4917 mei,
792 4835 828 4897 et
860 4825 1008 4897 maculas
1046 4826 1176 4897 animae
1207 4847 1315 4897 meae.
1369 4825 1511 4898 Puridca
1538 4849 1592 4897 me
1618 4849 1704 4923 pcr-

330 4938 432 5032 fecte,
458 4963 502 5013 ne
528 4963 604 5012 cum
629 4938 812 5012 bonitatam
838 4952 927 5012 tuam
955 4933 1176 5036 deprecabor,
1201 4949 1237 5012 ut
1262 4941 1431 5016 concedas
1456 4945 1590 5015 veniam
1615 4966 1705 5039 peo-

330 5066 481 5128 catormn
507 5055 593 5145 aliis,
621 5076 688 5148 ego
713 5055 879 5151 reprobus
906 5054 1039 5130 efficiar.
1093 5057 1161 5148 lta,
1186 5055 1351 5152 Domine,
1385 5078 1453 5128 non
1478 5055 1624 5153 repellas
1651 5080 1705 5128 me

329 5181 494 5246 moestum
521 5181 556 5243 et
582 5169 772 5244 conbrsum:
800 5171 862 5247 sed
888 5175 979 5246 mitte
1006 5195 1108 5270 super
1138 5195 1192 5244 me
1219 5170 1377 5267 Spiritum
1413 5182 1563 5244 sanctum
1590 5182 1706 5262 tuum3

1411 5289 1498 5362 19*
