<?xml version="1.0" encoding="UTF-8"?>
<!DOCTYPE html PUBLIC "-//W3C//DTD XHTML 1.0 Transitional//EN"
    "http://www.w3.org/TR/xhtml1/DTD/xhtml1-transitional.dtd">
<html xmlns="http://www.w3.org/1999/xhtml" xml:lang="en" lang="en">
 <head>
  <title>
</title>
<meta http-equiv="Content-Type" content="text/html;charset=utf-8" />
  <meta name='ocr-system' content='tesseract 3.04.00' />
  <meta name='ocr-capabilities' content='ocr_page ocr_carea ocr_par ocr_line ocrx_word'/>
</head>
<body>
  <div class='ocr_page' id='page_1' title='image "./liturgiarumorie03renagoog_0647.png"; bbox 0 0 4736 6064; ppageno 0'>
   <div class='ocr_carea' id='block_1_1' title="bbox 693 502 1780 584">
    <p class='ocr_par' dir='ltr' id='par_1_1' title="bbox 693 502 1780 584">
     <span class='ocr_line' id='line_1_1' title="bbox 693 502 1780 584; baseline 0.002 -3"><span class='ocrx_word' id='word_1_1' title='bbox 693 505 770 582; x_wconf 86' lang='grc'><strong>484</strong></span> <span class='ocrx_word' id='word_1_2' title='bbox 989 504 1348 583; x_wconf 84' lang='lat' dir='ltr'><strong>LlTllliGlA</strong></span> <span class='ocrx_word' id='word_1_3' title='bbox 1401 502 1780 584; x_wconf 78' lang='lat' dir='ltr'><strong>cannulis</strong></span> 
     </span>
    </p>
   </div>
   <div class='ocr_carea' id='block_1_2' title="bbox 691 689 2067 2748">
    <p class='ocr_par' dir='ltr' id='par_1_2' title="bbox 692 689 2067 1132">
     <span class='ocr_line' id='line_1_2' title="bbox 797 689 2067 788; baseline 0 -24"><span class='ocrx_word' id='word_1_4' title='bbox 797 691 981 764; x_wconf 78' lang='lat' dir='ltr'><strong><em>Sacerdos.</em></strong></span> <span class='ocrx_word' id='word_1_5' title='bbox 1033 689 1108 762; x_wconf 89' lang='lat' dir='ltr'><strong>Pax</strong></span> <span class='ocrx_word' id='word_1_6' title='bbox 1135 691 1234 764; x_wconf 90' lang='lat' dir='ltr'><strong>vobis</strong></span> <span class='ocrx_word' id='word_1_7' title='bbox 1262 689 1425 764; x_wconf 90' lang='lat' dir='ltr'><strong>omnibus.</strong></span> <span class='ocrx_word' id='word_1_8' title='bbox 1473 690 1596 762; x_wconf 80' lang='lat' dir='ltr'><strong>lter-tum</strong></span> <span class='ocrx_word' id='word_1_9' title='bbox 1622 711 1781 784; x_wconf 80' lang='lat' dir='ltr'>rogemus</span> <span class='ocrx_word' id='word_1_10' title='bbox 1808 693 2067 788; x_wconf 88' lang='lat' dir='ltr'><strong>omnipotentem</strong></span> 
     </span>
     <span class='ocr_line' id='line_1_3' title="bbox 692 805 2066 902; baseline 0 -22"><span class='ocrx_word' id='word_1_11' title='bbox 692 809 883 897; x_wconf 87' lang='lat' dir='ltr'><strong>Dominum,</strong></span> <span class='ocrx_word' id='word_1_12' title='bbox 909 817 1039 902; x_wconf 90' lang='lat' dir='ltr'><strong>patrem</strong></span> <span class='ocrx_word' id='word_1_13' title='bbox 1066 806 1199 878; x_wconf 88' lang='lat' dir='ltr'><strong>Domini</strong></span> <span class='ocrx_word' id='word_1_14' title='bbox 1224 807 1290 879; x_wconf 92' lang='lat' dir='ltr'><strong>Dei</strong></span> <span class='ocrx_word' id='word_1_15' title='bbox 1317 816 1351 878; x_wconf 96' lang='lat' dir='ltr'><strong>et</strong></span> <span class='ocrx_word' id='word_1_16' title='bbox 1376 805 1558 880; x_wconf 85' lang='lat' dir='ltr'><strong>salvatoris</strong></span> <span class='ocrx_word' id='word_1_17' title='bbox 1584 809 1690 878; x_wconf 82' lang='lat' dir='ltr'><strong>nostri</strong></span> <span class='ocrx_word' id='word_1_18' title='bbox 1715 805 1799 878; x_wconf 84' lang='lat' dir='ltr'><strong>lesu</strong></span> <span class='ocrx_word' id='word_1_19' title='bbox 1813 805 1945 878; x_wconf 86' lang='lat' dir='ltr'><strong>Christi.</strong></span> <span class='ocrx_word' id='word_1_20' title='bbox 1973 806 2066 880; x_wconf 88' lang='lat' dir='ltr'><strong>Ora-</strong></span> 
     </span>
     <span class='ocr_line' id='line_1_4' title="bbox 692 919 2066 1010; baseline 0 -15"><span class='ocrx_word' id='word_1_21' title='bbox 692 945 767 995; x_wconf 88' lang='lat' dir='ltr'><strong>mus</strong></span> <span class='ocrx_word' id='word_1_22' title='bbox 793 931 828 994; x_wconf 90' lang='lat' dir='ltr'><strong>et</strong></span> <span class='ocrx_word' id='word_1_23' title='bbox 860 921 1077 996; x_wconf 81' lang='lat' dir='ltr'><strong>obsecramus</strong></span> <span class='ocrx_word' id='word_1_24' title='bbox 1104 920 1287 994; x_wconf 88' lang='lat' dir='ltr'><strong>bonitatem</strong></span> <span class='ocrx_word' id='word_1_25' title='bbox 1313 932 1411 1010; x_wconf 88' lang='lat' dir='ltr'><strong>tuam,</strong></span> <span class='ocrx_word' id='word_1_26' title='bbox 1439 930 1569 994; x_wconf 89' lang='lat' dir='ltr'><strong>amator</strong></span> <span class='ocrx_word' id='word_1_27' title='bbox 1595 919 1777 994; x_wconf 93' lang='lat' dir='ltr'><strong>hominum:</strong></span> <span class='ocrx_word' id='word_1_28' title='bbox 1805 932 1972 994; x_wconf 89' lang='lat' dir='ltr'><strong>memento</strong></span> <span class='ocrx_word' id='word_1_29' title='bbox 1986 921 2066 996; x_wconf 94' lang='lat' dir='ltr'><strong>Do-</strong></span> 
     </span>
     <span class='ocr_line' id='line_1_5' title="bbox 692 1035 1962 1132; baseline 0 -22"><span class='ocrx_word' id='word_1_30' title='bbox 692 1041 781 1110; x_wconf 87' lang='lat' dir='ltr'><strong>mine</strong></span> <span class='ocrx_word' id='word_1_31' title='bbox 806 1040 901 1132; x_wconf 89' lang='lat' dir='ltr'><strong>paeis</strong></span> <span class='ocrx_word' id='word_1_32' title='bbox 926 1037 1104 1110; x_wconf 80' lang='lat' dir='ltr'><strong>Ecclesiae</strong></span> <span class='ocrx_word' id='word_1_33' title='bbox 1131 1048 1280 1126; x_wconf 86' lang='lat' dir='ltr'><strong>sanctae,</strong></span> <span class='ocrx_word' id='word_1_34' title='bbox 1307 1041 1425 1110; x_wconf 88' lang='lat' dir='ltr'><strong>unicae</strong></span> <span class='ocrx_word' id='word_1_35' title='bbox 1453 1035 1647 1110; x_wconf 72' lang='lat' dir='ltr'><strong>Catholicae</strong></span> <span class='ocrx_word' id='word_1_36' title='bbox 1673 1045 1708 1108; x_wconf 87' lang='lat' dir='ltr'><strong>et</strong></span> <span class='ocrx_word' id='word_1_37' title='bbox 1732 1036 1962 1131; x_wconf 89' lang='lat' dir='ltr'><strong>Apostolicae.</strong></span> 
     </span>
    </p>

    <p class='ocr_par' dir='ltr' id='par_1_3' title="bbox 692 1149 2066 1365">
     <span class='ocr_line' id='line_1_6' title="bbox 796 1149 2066 1246; baseline 0.003 -22"><span class='ocrx_word' id='word_1_38' title='bbox 796 1153 985 1224; x_wconf 82' lang='lat' dir='ltr'><strong>Diaconos.</strong></span> <span class='ocrx_word' id='word_1_39' title='bbox 1039 1153 1142 1225; x_wconf 88' lang='lat' dir='ltr'><strong>Orate</strong></span> <span class='ocrx_word' id='word_1_40' title='bbox 1168 1173 1230 1246; x_wconf 91' lang='lat' dir='ltr'><strong>pro</strong></span> <span class='ocrx_word' id='word_1_41' title='bbox 1257 1151 1321 1224; x_wconf 91' lang='lat' dir='ltr'><strong>bac</strong></span> <span class='ocrx_word' id='word_1_42' title='bbox 1347 1150 1503 1225; x_wconf 86' lang='lat' dir='ltr'><strong>Ecclesia</strong></span> <span class='ocrx_word' id='word_1_43' title='bbox 1531 1163 1663 1245; x_wconf 88' lang='lat' dir='ltr'><strong>sancta,</strong></span> <span class='ocrx_word' id='word_1_44' title='bbox 1690 1155 1806 1244; x_wconf 75' lang='lat' dir='ltr'><strong>amica,</strong></span> <span class='ocrx_word' id='word_1_45' title='bbox 1834 1149 2006 1226; x_wconf 85' lang='lat' dir='ltr'><strong>Catholica</strong></span> <span class='ocrx_word' id='word_1_46' title='bbox 2032 1163 2066 1228; x_wconf 86' lang='lat' dir='ltr'><strong>et</strong></span> 
     </span>
     <span class='ocr_line' id='line_1_7' title="bbox 692 1266 2018 1365; baseline -0.002 -24"><span class='ocrx_word' id='word_1_47' title='bbox 692 1267 904 1365; x_wconf 87' lang='lat' dir='ltr'><strong>Apostolica,</strong></span> <span class='ocrx_word' id='word_1_48' title='bbox 932 1267 1137 1354; x_wconf 89' lang='lat' dir='ltr'><strong>Ortbodoxa,</strong></span> <span class='ocrx_word' id='word_1_49' title='bbox 1164 1270 1198 1338; x_wconf 93' lang='lat' dir='ltr'><strong>in</strong></span> <span class='ocrx_word' id='word_1_50' title='bbox 1223 1266 1380 1340; x_wconf 91' lang='lat' dir='ltr'><strong>Domina.</strong></span> <span class='ocrx_word' id='word_1_51' title='bbox 2014 1349 2018 1356; x_wconf 28' lang='lat'>¹</span> 
     </span>
    </p>

    <p class='ocr_par' dir='ltr' id='par_1_4' title="bbox 691 1380 2067 1572">
     <span class='ocr_line' id='line_1_8' title="bbox 796 1380 2067 1477; baseline 0.004 -24"><span class='ocrx_word' id='word_1_52' title='bbox 796 1383 958 1476; x_wconf 79' lang='lat' dir='ltr'><strong>Populos.</strong></span> <span class='ocrx_word' id='word_1_53' title='bbox 1011 1382 1155 1454; x_wconf 93' lang='lat' dir='ltr'><strong>Domine</strong></span> <span class='ocrx_word' id='word_1_54' title='bbox 1181 1381 1274 1453; x_wconf 89' lang='lat' dir='ltr'><strong>Deus</strong></span> <span class='ocrx_word' id='word_1_55' title='bbox 1309 1390 1424 1455; x_wconf 93' lang='lat' dir='ltr'><strong>noster</strong></span> <span class='ocrx_word' id='word_1_56' title='bbox 1459 1382 1502 1455; x_wconf 91' lang='lat' dir='ltr'><strong>da</strong></span> <span class='ocrx_word' id='word_1_57' title='bbox 1535 1380 1633 1455; x_wconf 90' lang='lat' dir='ltr'><strong>nabis</strong></span> <span class='ocrx_word' id='word_1_58' title='bbox 1665 1405 1801 1477; x_wconf 89' lang='lat' dir='ltr'><strong>pacem:</strong></span> <span class='ocrx_word' id='word_1_59' title='bbox 1830 1382 1961 1456; x_wconf 85' lang='lat' dir='ltr'><strong>Christo</strong></span> <span class='ocrx_word' id='word_1_60' title='bbox 1987 1385 2067 1460; x_wconf 84' lang='lat' dir='ltr'><strong>Rex</strong></span> 
     </span>
     <span class='ocr_line' id='line_1_9' title="bbox 691 1495 1128 1572; baseline -0.005 -2"><span class='ocrx_word' id='word_1_61' title='bbox 691 1507 808 1572; x_wconf 86' lang='lat' dir='ltr'><strong>noster</strong></span> <span class='ocrx_word' id='word_1_62' title='bbox 834 1499 996 1570; x_wconf 87' lang='lat' dir='ltr'><strong>miserere</strong></span> <span class='ocrx_word' id='word_1_63' title='bbox 1021 1495 1128 1569; x_wconf 90' lang='lat' dir='ltr'><strong>nobis.</strong></span> 
     </span>
    </p>

    <p class='ocr_par' dir='ltr' id='par_1_5' title="bbox 691 1609 2067 2748">
     <span class='ocr_line' id='line_1_10' title="bbox 797 1609 2066 1707; baseline 0.005 -23"><span class='ocrx_word' id='word_1_64' title='bbox 797 1611 982 1686; x_wconf 81' lang='lat' dir='ltr'><strong>Sacerdos.</strong></span> <span class='ocrx_word' id='word_1_65' title='bbox 1036 1613 1132 1699; x_wconf 83' lang='lat' dir='ltr'><strong>Quae</strong></span> <span class='ocrx_word' id='word_1_66' title='bbox 1166 1620 1220 1684; x_wconf 88' lang='lat' dir='ltr'><strong>est</strong></span> <span class='ocrx_word' id='word_1_67' title='bbox 1253 1635 1273 1683; x_wconf 91' lang='lat' dir='ltr'><strong>a</strong></span> <span class='ocrx_word' id='word_1_68' title='bbox 1304 1609 1422 1686; x_wconf 88' lang='lat' dir='ltr'><strong>linibus</strong></span> <span class='ocrx_word' id='word_1_69' title='bbox 1458 1635 1565 1707; x_wconf 89' lang='lat' dir='ltr'><strong>usque</strong></span> <span class='ocrx_word' id='word_1_70' title='bbox 1600 1613 1643 1685; x_wconf 90' lang='lat' dir='ltr'><strong>ad</strong></span> <span class='ocrx_word' id='word_1_71' title='bbox 1675 1611 1759 1685; x_wconf 89' lang='lat' dir='ltr'><strong>lines</strong></span> <span class='ocrx_word' id='word_1_72' title='bbox 1794 1613 1923 1704; x_wconf 89' lang='lat' dir='ltr'><strong>muudi;</strong></span> <span class='ocrx_word' id='word_1_73' title='bbox 1964 1618 2066 1690; x_wconf 83' lang='lat' dir='ltr'><strong>totus</strong></span> 
     </span>
     <span class='ocr_line' id='line_1_11' title="bbox 692 1725 2067 1824; baseline 0.001 -23"><span class='ocrx_word' id='word_1_74' title='bbox 692 1727 807 1824; x_wconf 89' lang='lat' dir='ltr'><strong>populi</strong></span> <span class='ocrx_word' id='word_1_75' title='bbox 842 1739 876 1799; x_wconf 93' lang='lat' dir='ltr'><strong>et</strong></span> <span class='ocrx_word' id='word_1_76' title='bbox 916 1731 1016 1800; x_wconf 90' lang='lat' dir='ltr'><strong>totius</strong></span> <span class='ocrx_word' id='word_1_77' title='bbox 1051 1730 1189 1820; x_wconf 81' lang='lat' dir='ltr'><strong>gregis,</strong></span> <span class='ocrx_word' id='word_1_78' title='bbox 1225 1725 1432 1821; x_wconf 87' lang='lat' dir='ltr'><strong>benedicque</strong></span> <span class='ocrx_word' id='word_1_79' title='bbox 1474 1726 1557 1800; x_wconf 92' lang='lat' dir='ltr'><strong>illis:</strong></span> <span class='ocrx_word' id='word_1_80' title='bbox 1596 1749 1716 1821; x_wconf 85' lang='lat' dir='ltr'><strong>pacem</strong></span> <span class='ocrx_word' id='word_1_81' title='bbox 1757 1727 1799 1800; x_wconf 91' lang='lat' dir='ltr'><strong>de</strong></span> <span class='ocrx_word' id='word_1_82' title='bbox 1833 1728 1938 1804; x_wconf 84' lang='lat' dir='ltr'><strong>coelis</strong></span> <span class='ocrx_word' id='word_1_83' title='bbox 1975 1733 2067 1804; x_wconf 85' lang='lat' dir='ltr'><strong>mitta</strong></span> 
     </span>
     <span class='ocr_line' id='line_1_12' title="bbox 692 1844 2066 1938; baseline 0.003 -24"><span class='ocrx_word' id='word_1_84' title='bbox 692 1866 797 1938; x_wconf 88' lang='lat' dir='ltr'><strong>super</strong></span> <span class='ocrx_word' id='word_1_85' title='bbox 837 1864 953 1915; x_wconf 88' lang='lat' dir='ltr'><strong>omnes</strong></span> <span class='ocrx_word' id='word_1_86' title='bbox 994 1845 1121 1917; x_wconf 91' lang='lat' dir='ltr'><strong>animas</strong></span> <span class='ocrx_word' id='word_1_87' title='bbox 1160 1852 1317 1930; x_wconf 80' lang='lat' dir='ltr'><strong>nostras3</strong></span> <span class='ocrx_word' id='word_1_88' title='bbox 1356 1865 1474 1937; x_wconf 86' lang='lat' dir='ltr'><strong>pacem</strong></span> <span class='ocrx_word' id='word_1_89' title='bbox 1516 1846 1607 1914; x_wconf 89' lang='lat' dir='ltr'><strong>vitae</strong></span> <span class='ocrx_word' id='word_1_90' title='bbox 1643 1851 1781 1915; x_wconf 88' lang='lat' dir='ltr'><strong>nostrae</strong></span> <span class='ocrx_word' id='word_1_91' title='bbox 1816 1844 1966 1917; x_wconf 90' lang='lat' dir='ltr'><strong>concede</strong></span> <span class='ocrx_word' id='word_1_92' title='bbox 1996 1869 2066 1920; x_wconf 95' lang='lat' dir='ltr'><strong>uo-</strong></span> 
     </span>
     <span class='ocr_line' id='line_1_13' title="bbox 692 1956 2066 2052; baseline 0.001 -22"><span class='ocrx_word' id='word_1_93' title='bbox 692 1958 745 2032; x_wconf 89' lang='lat' dir='ltr'><strong>bis</strong></span> <span class='ocrx_word' id='word_1_94' title='bbox 780 1957 926 2052; x_wconf 83' lang='lat' dir='ltr'><strong>benigne</strong></span> <span class='ocrx_word' id='word_1_95' title='bbox 956 1961 989 2030; x_wconf 94' lang='lat' dir='ltr'><strong>in</strong></span> <span class='ocrx_word' id='word_1_96' title='bbox 1024 1981 1075 2030; x_wconf 88' lang='lat' dir='ltr'><strong>ea.</strong></span> <span class='ocrx_word' id='word_1_97' title='bbox 1129 1959 1299 2050; x_wconf 85' lang='lat' dir='ltr'><strong>Benignus</strong></span> <span class='ocrx_word' id='word_1_98' title='bbox 1334 1966 1408 2030; x_wconf 88' lang='lat' dir='ltr'><strong>esto</strong></span> <span class='ocrx_word' id='word_1_99' title='bbox 1449 1959 1591 2031; x_wconf 87' lang='lat' dir='ltr'><strong>Domine</strong></span> <span class='ocrx_word' id='word_1_100' title='bbox 1629 1956 1718 2050; x_wconf 82' lang='lat' dir='ltr'><strong>Regi</strong></span> <span class='ocrx_word' id='word_1_101' title='bbox 1755 1969 1873 2034; x_wconf 88' lang='lat' dir='ltr'><strong>nostro</strong></span> <span class='ocrx_word' id='word_1_102' title='bbox 1914 1959 2066 2051; x_wconf 86' lang='lat' dir='ltr'><strong>Claudio,</strong></span> 
     </span>
     <span class='ocr_line' id='line_1_14' title="bbox 691 2071 2066 2171; baseline 0.002 -26"><span class='ocrx_word' id='word_1_103' title='bbox 691 2071 905 2171; x_wconf 83' lang='lat' dir='ltr'><strong>proceribus,</strong></span> <span class='ocrx_word' id='word_1_104' title='bbox 930 2071 1113 2166; x_wconf 76' lang='lat' dir='ltr'><strong>Judioibus,</strong></span> <span class='ocrx_word' id='word_1_105' title='bbox 1141 2081 1176 2144; x_wconf 89' lang='lat' dir='ltr'><strong>et</strong></span> <span class='ocrx_word' id='word_1_106' title='bbox 1202 2072 1405 2146; x_wconf 84' lang='lat' dir='ltr'><strong>exercitibus</strong></span> <span class='ocrx_word' id='word_1_107' title='bbox 1432 2077 1521 2166; x_wconf 91' lang='lat' dir='ltr'><strong>ejus,</strong></span> <span class='ocrx_word' id='word_1_108' title='bbox 1557 2082 1591 2146; x_wconf 89' lang='lat' dir='ltr'><strong>et</strong></span> <span class='ocrx_word' id='word_1_109' title='bbox 1622 2076 1712 2146; x_wconf 88' lang='lat' dir='ltr'><strong>cirea</strong></span> <span class='ocrx_word' id='word_1_110' title='bbox 1746 2095 1808 2148; x_wconf 89' lang='lat' dir='ltr'><strong>nos</strong></span> <span class='ocrx_word' id='word_1_111' title='bbox 1840 2078 2066 2168; x_wconf 83' lang='lat' dir='ltr'><strong>congregatis,</strong></span> 
     </span>
     <span class='ocr_line' id='line_1_15' title="bbox 691 2187 2067 2286; baseline 0.003 -26"><span class='ocrx_word' id='word_1_112' title='bbox 691 2200 759 2262; x_wconf 88' lang='lat' dir='ltr'><strong>tam</strong></span> <span class='ocrx_word' id='word_1_113' title='bbox 786 2190 873 2262; x_wconf 90' lang='lat' dir='ltr'><strong>intra</strong></span> <span class='ocrx_word' id='word_1_114' title='bbox 901 2211 999 2284; x_wconf 84' lang='lat' dir='ltr'><strong>quam</strong></span> <span class='ocrx_word' id='word_1_115' title='bbox 1027 2197 1135 2261; x_wconf 87' lang='lat' dir='ltr'><strong>extra.</strong></span> <span class='ocrx_word' id='word_1_116' title='bbox 1190 2187 1280 2261; x_wconf 91' lang='lat' dir='ltr'><strong>Orna</strong></span> <span class='ocrx_word' id='word_1_117' title='bbox 1309 2209 1370 2260; x_wconf 90' lang='lat' dir='ltr'><strong>eos</strong></span> <span class='ocrx_word' id='word_1_118' title='bbox 1397 2190 1487 2260; x_wconf 90' lang='lat' dir='ltr'><strong>omni</strong></span> <span class='ocrx_word' id='word_1_119' title='bbox 1513 2211 1611 2284; x_wconf 83' lang='lat' dir='ltr'><strong>pace,</strong></span> <span class='ocrx_word' id='word_1_120' title='bbox 1636 2187 1716 2260; x_wconf 85' lang='lat' dir='ltr'><strong>Rex</strong></span> <span class='ocrx_word' id='word_1_121' title='bbox 1741 2193 1852 2286; x_wconf 85' lang='lat' dir='ltr'><strong>pacis:</strong></span> <span class='ocrx_word' id='word_1_122' title='bbox 1878 2213 1998 2286; x_wconf 86' lang='lat' dir='ltr'><strong>pacem</strong></span> <span class='ocrx_word' id='word_1_123' title='bbox 2025 2190 2067 2264; x_wconf 89' lang='lat' dir='ltr'><strong>da</strong></span> 
     </span>
     <span class='ocr_line' id='line_1_16' title="bbox 691 2303 2065 2401; baseline -0.001 -23"><span class='ocrx_word' id='word_1_124' title='bbox 691 2305 802 2394; x_wconf 88' lang='lat' dir='ltr'><strong>nobis,</strong></span> <span class='ocrx_word' id='word_1_125' title='bbox 829 2308 904 2400; x_wconf 90' lang='lat' dir='ltr'><strong>quia</strong></span> <span class='ocrx_word' id='word_1_126' title='bbox 932 2306 1043 2378; x_wconf 91' lang='lat' dir='ltr'><strong>omnia</strong></span> <span class='ocrx_word' id='word_1_127' title='bbox 1069 2303 1165 2378; x_wconf 90' lang='lat' dir='ltr'><strong>uobis</strong></span> <span class='ocrx_word' id='word_1_128' title='bbox 1193 2303 1321 2377; x_wconf 91' lang='lat' dir='ltr'><strong>dedisti.</strong></span> <span class='ocrx_word' id='word_1_129' title='bbox 1349 2303 1529 2377; x_wconf 79' lang='lat' dir='ltr'><strong>conserva</strong></span> <span class='ocrx_word' id='word_1_130' title='bbox 1553 2326 1617 2377; x_wconf 89' lang='lat' dir='ltr'><strong>uos</strong></span> <span class='ocrx_word' id='word_1_131' title='bbox 1643 2303 1801 2394; x_wconf 84' lang='lat' dir='ltr'><strong>Domine,</strong></span> <span class='ocrx_word' id='word_1_132' title='bbox 1829 2307 1905 2399; x_wconf 86' lang='lat' dir='ltr'><strong>quia</strong></span> <span class='ocrx_word' id='word_1_133' title='bbox 1928 2315 2065 2401; x_wconf 89' lang='lat' dir='ltr'><strong>praeter</strong></span> 
     </span>
     <span class='ocr_line' id='line_1_17' title="bbox 692 2420 2065 2513; baseline 0 -19"><span class='ocrx_word' id='word_1_134' title='bbox 692 2433 727 2494; x_wconf 91' lang='lat' dir='ltr'><strong>te</strong></span> <span class='ocrx_word' id='word_1_135' title='bbox 755 2420 854 2494; x_wconf 88' lang='lat' dir='ltr'><strong>alium</strong></span> <span class='ocrx_word' id='word_1_136' title='bbox 880 2442 947 2492; x_wconf 94' lang='lat' dir='ltr'><strong>non</strong></span> <span class='ocrx_word' id='word_1_137' title='bbox 974 2424 1144 2493; x_wconf 89' lang='lat' dir='ltr'><strong>novimus:</strong></span> <span class='ocrx_word' id='word_1_138' title='bbox 1171 2441 1294 2491; x_wconf 90' lang='lat' dir='ltr'><strong>nomen</strong></span> <span class='ocrx_word' id='word_1_139' title='bbox 1321 2428 1411 2490; x_wconf 92' lang='lat' dir='ltr'><strong>tuum</strong></span> <span class='ocrx_word' id='word_1_140' title='bbox 1438 2429 1587 2493; x_wconf 83' lang='lat' dir='ltr'><strong>sanctum</strong></span> <span class='ocrx_word' id='word_1_141' title='bbox 1613 2423 1872 2513; x_wconf 89' lang='lat' dir='ltr'><strong>pronunciamus</strong></span> <span class='ocrx_word' id='word_1_142' title='bbox 1900 2430 1933 2492; x_wconf 89' lang='lat' dir='ltr'><strong>et</strong></span> <span class='ocrx_word' id='word_1_143' title='bbox 1958 2425 2065 2494; x_wconf 88' lang='lat' dir='ltr'><strong>iuvo-</strong></span> 
     </span>
     <span class='ocr_line' id='line_1_18' title="bbox 693 2515 2067 2631; baseline 0.001 -24"><span class='ocrx_word' id='word_1_144' title='bbox 693 2557 827 2626; x_wconf 90' lang='lat' dir='ltr'><strong>oamus,</strong></span> <span class='ocrx_word' id='word_1_145' title='bbox 854 2544 890 2608; x_wconf 92' lang='lat' dir='ltr'><strong>ut</strong></span> <span class='ocrx_word' id='word_1_146' title='bbox 916 2537 1010 2608; x_wconf 87' lang='lat' dir='ltr'><strong>vivat</strong></span> <span class='ocrx_word' id='word_1_147' title='bbox 1045 2537 1154 2607; x_wconf 91' lang='lat' dir='ltr'><strong>anima</strong></span> <span class='ocrx_word' id='word_1_148' title='bbox 1189 2545 1303 2606; x_wconf 89' lang='lat' dir='ltr'><strong>nostra</strong></span> <span class='ocrx_word' id='word_1_149' title='bbox 1344 2537 1378 2604; x_wconf 92' lang='lat' dir='ltr'><strong>in</strong></span> <span class='ocrx_word' id='word_1_150' title='bbox 1413 2515 1538 2629; x_wconf 68' lang='lat' dir='ltr'><strong>Spiritu</strong></span> <span class='ocrx_word' id='word_1_151' title='bbox 1564 2543 1704 2624; x_wconf 89' lang='lat' dir='ltr'><strong>sancto,</strong></span> <span class='ocrx_word' id='word_1_152' title='bbox 1738 2557 1847 2631; x_wconf 90' lang='lat' dir='ltr'><strong>neque</strong></span> <span class='ocrx_word' id='word_1_153' title='bbox 1872 2536 2067 2628; x_wconf 84' lang='lat' dir='ltr'><strong>praevaleat</strong></span> 
     </span>
     <span class='ocr_line' id='line_1_19' title="bbox 694 2650 1955 2748; baseline -0.001 -26"><span class='ocrx_word' id='word_1_154' title='bbox 694 2673 785 2724; x_wconf 89' lang='lat' dir='ltr'><strong>mors</strong></span> <span class='ocrx_word' id='word_1_155' title='bbox 812 2655 943 2748; x_wconf 87' lang='lat' dir='ltr'><strong>peccati</strong></span> <span class='ocrx_word' id='word_1_156' title='bbox 972 2673 1074 2746; x_wconf 88' lang='lat' dir='ltr'><strong>super</strong></span> <span class='ocrx_word' id='word_1_157' title='bbox 1099 2673 1163 2725; x_wconf 90' lang='lat' dir='ltr'><strong>uos</strong></span> <span class='ocrx_word' id='word_1_158' title='bbox 1190 2671 1311 2724; x_wconf 91' lang='lat' dir='ltr'><strong>servos</strong></span> <span class='ocrx_word' id='word_1_159' title='bbox 1339 2659 1426 2740; x_wconf 90' lang='lat' dir='ltr'><strong>tuos,</strong></span> <span class='ocrx_word' id='word_1_160' title='bbox 1453 2658 1488 2721; x_wconf 92' lang='lat' dir='ltr'><strong>et</strong></span> <span class='ocrx_word' id='word_1_161' title='bbox 1514 2671 1647 2723; x_wconf 89' lang='lat' dir='ltr'><strong>omnem</strong></span> <span class='ocrx_word' id='word_1_162' title='bbox 1672 2650 1830 2747; x_wconf 86' lang='lat' dir='ltr'><strong>populum</strong></span> <span class='ocrx_word' id='word_1_163' title='bbox 1855 2661 1955 2722; x_wconf 92' lang='lat' dir='ltr'><strong>tuum.</strong></span> 
     </span>
    </p>
   </div>
   <div class='ocr_carea' id='block_1_3' title="bbox 1145 2922 1620 3017">
    <p class='ocr_par' dir='ltr' id='par_1_6' title="bbox 1145 2922 1620 3017">
     <span class='ocr_line' id='line_1_20' title="bbox 1145 2922 1620 3017; baseline -0.006 -21"><span class='ocrx_word' id='word_1_164' title='bbox 1145 2922 1266 2997; x_wconf 82' lang='lat' dir='ltr'><strong>Oratio</strong></span> <span class='ocrx_word' id='word_1_165' title='bbox 1291 2945 1358 3017; x_wconf 80' lang='lat' dir='ltr'><strong>pra</strong></span> <span class='ocrx_word' id='word_1_166' title='bbox 1385 2922 1620 3017; x_wconf 74' lang='lat' dir='ltr'><strong>Pontificibus.</strong></span> 
     </span>
    </p>
   </div>
   <div class='ocr_carea' id='block_1_4' title="bbox 691 3111 2147 5052">
    <p class='ocr_par' dir='ltr' id='par_1_7' title="bbox 691 3111 2069 3647">
     <span class='ocr_line' id='line_1_21' title="bbox 798 3111 2069 3209; baseline 0 -25"><span class='ocrx_word' id='word_1_167' title='bbox 798 3112 921 3184; x_wconf 90' lang='lat' dir='ltr'><strong>lterum</strong></span> <span class='ocrx_word' id='word_1_168' title='bbox 958 3111 1178 3209; x_wconf 88' lang='lat' dir='ltr'><strong>deprecamur</strong></span> <span class='ocrx_word' id='word_1_169' title='bbox 1210 3117 1471 3209; x_wconf 85' lang='lat' dir='ltr'><strong>omnipotentem</strong></span> <span class='ocrx_word' id='word_1_170' title='bbox 1497 3112 1621 3200; x_wconf 89' lang='lat' dir='ltr'><strong>Deum,</strong></span> <span class='ocrx_word' id='word_1_171' title='bbox 1656 3111 1790 3184; x_wconf 89' lang='lat' dir='ltr'><strong>Patrem</strong></span> <span class='ocrx_word' id='word_1_172' title='bbox 1824 3113 1959 3186; x_wconf 91' lang='lat' dir='ltr'><strong>Domini</strong></span> <span class='ocrx_word' id='word_1_173' title='bbox 1990 3111 2069 3202; x_wconf 89' lang='lat' dir='ltr'><strong>Dei,</strong></span> 
     </span>
     <span class='ocr_line' id='line_1_22' title="bbox 694 3225 2068 3320; baseline 0.001 -22"><span class='ocrx_word' id='word_1_174' title='bbox 694 3237 729 3298; x_wconf 89' lang='lat' dir='ltr'><strong>et</strong></span> <span class='ocrx_word' id='word_1_175' title='bbox 754 3227 937 3300; x_wconf 87' lang='lat' dir='ltr'><strong>salvatoris</strong></span> <span class='ocrx_word' id='word_1_176' title='bbox 963 3229 1069 3302; x_wconf 89' lang='lat' dir='ltr'><strong>nostri</strong></span> <span class='ocrx_word' id='word_1_177' title='bbox 1095 3228 1178 3304; x_wconf 86' lang='lat' dir='ltr'><strong>lesu</strong></span> <span class='ocrx_word' id='word_1_178' title='bbox 1206 3227 1345 3318; x_wconf 86' lang='lat' dir='ltr'><strong>Christi,</strong></span> <span class='ocrx_word' id='word_1_179' title='bbox 1372 3248 1532 3320; x_wconf 82' lang='lat' dir='ltr'><strong>rogamus</strong></span> <span class='ocrx_word' id='word_1_180' title='bbox 1567 3236 1601 3298; x_wconf 91' lang='lat' dir='ltr'><strong>et</strong></span> <span class='ocrx_word' id='word_1_181' title='bbox 1636 3225 1852 3300; x_wconf 86' lang='lat' dir='ltr'><strong>obsecramus</strong></span> <span class='ocrx_word' id='word_1_182' title='bbox 1887 3227 2068 3301; x_wconf 87' lang='lat' dir='ltr'><strong>bonitatem</strong></span> 
     </span>
     <span class='ocr_line' id='line_1_23' title="bbox 691 3341 2067 3418; baseline -0.001 -3"><span class='ocrx_word' id='word_1_183' title='bbox 691 3353 782 3415; x_wconf 79' lang='lat' dir='ltr'><strong>mam</strong></span> <span class='ocrx_word' id='word_1_184' title='bbox 819 3353 947 3417; x_wconf 90' lang='lat' dir='ltr'><strong>amator</strong></span> <span class='ocrx_word' id='word_1_185' title='bbox 976 3342 1166 3416; x_wconf 91' lang='lat' dir='ltr'><strong>hominum:</strong></span> <span class='ocrx_word' id='word_1_186' title='bbox 1199 3353 1366 3416; x_wconf 89' lang='lat' dir='ltr'><strong>memento</strong></span> <span class='ocrx_word' id='word_1_187' title='bbox 1401 3342 1546 3416; x_wconf 89' lang='lat' dir='ltr'><strong>Domine</strong></span> <span class='ocrx_word' id='word_1_188' title='bbox 1583 3342 1693 3416; x_wconf 88' lang='lat' dir='ltr'><strong>Patris</strong></span> <span class='ocrx_word' id='word_1_189' title='bbox 1733 3345 1839 3416; x_wconf 85' lang='lat' dir='ltr'><strong>nostri</strong></span> <span class='ocrx_word' id='word_1_190' title='bbox 1883 3341 2067 3418; x_wconf 82' lang='lat' dir='ltr'><strong>venerandi</strong></span> 
     </span>
     <span class='ocr_line' id='line_1_24' title="bbox 691 3456 2066 3555; baseline 0.006 -25"><span class='ocrx_word' id='word_1_191' title='bbox 691 3458 907 3532; x_wconf 88' lang='lat' dir='ltr'><strong>Patriarchae</strong></span> <span class='ocrx_word' id='word_1_192' title='bbox 939 3462 1046 3532; x_wconf 89' lang='lat' dir='ltr'><strong>nostri</strong></span> <span class='ocrx_word' id='word_1_193' title='bbox 1076 3457 1177 3533; x_wconf 87' lang='lat' dir='ltr'><strong>Abba</strong></span> <span class='ocrx_word' id='word_1_194' title='bbox 1215 3456 1397 3532; x_wconf 85' lang='lat' dir='ltr'><strong>Gabrielis:</strong></span> <span class='ocrx_word' id='word_1_195' title='bbox 1433 3460 1604 3553; x_wconf 73' lang='lat' dir='ltr'><strong>sonetque</strong></span> <span class='ocrx_word' id='word_1_196' title='bbox 1638 3469 1671 3529; x_wconf 90' lang='lat' dir='ltr'><strong>et</strong></span> <span class='ocrx_word' id='word_1_197' title='bbox 1704 3456 1795 3530; x_wconf 90' lang='lat' dir='ltr'><strong>beati</strong></span> <span class='ocrx_word' id='word_1_198' title='bbox 1830 3456 2066 3555; x_wconf 72' lang='lat' dir='ltr'><strong>Metropolitae</strong></span> 
     </span>
     <span class='ocr_line' id='line_1_25' title="bbox 692 3573 865 3647; baseline 0 -3"><span class='ocrx_word' id='word_1_199' title='bbox 692 3577 798 3647; x_wconf 89' lang='lat' dir='ltr'><strong>nostri</strong></span> <span class='ocrx_word' id='word_1_200' title='bbox 824 3573 865 3645; x_wconf 93' lang='lat' dir='ltr'><strong>N.</strong></span> 
     </span>
    </p>

    <p class='ocr_par' dir='ltr' id='par_1_8' title="bbox 691 3685 2068 4107">
     <span class='ocr_line' id='line_1_26' title="bbox 759 3685 2068 3786; baseline 0.001 -27"><span class='ocrx_word' id='word_1_201' title='bbox 759 3691 766 3704; x_wconf 89' lang='lat'>&#39;</span> <span class='ocrx_word' id='word_1_202' title='bbox 802 3688 991 3760; x_wconf 84' lang='lat' dir='ltr'><strong>Diaconos.</strong></span> <span class='ocrx_word' id='word_1_203' title='bbox 1046 3690 1149 3763; x_wconf 86' lang='lat' dir='ltr'><strong>Orate</strong></span> <span class='ocrx_word' id='word_1_204' title='bbox 1175 3711 1238 3786; x_wconf 88' lang='lat' dir='ltr'><strong>pro</strong></span> <span class='ocrx_word' id='word_1_205' title='bbox 1264 3686 1498 3779; x_wconf 84' lang='lat' dir='ltr'><strong>Pontificibus,</strong></span> <span class='ocrx_word' id='word_1_206' title='bbox 1531 3686 1723 3760; x_wconf 89' lang='lat' dir='ltr'><strong>Patriarcha</strong></span> <span class='ocrx_word' id='word_1_207' title='bbox 1757 3698 1874 3763; x_wconf 77' lang='lat' dir='ltr'><strong>mosao</strong></span> <span class='ocrx_word' id='word_1_208' title='bbox 1900 3685 2001 3762; x_wconf 84' lang='lat' dir='ltr'><strong>Abba</strong></span> <span class='ocrx_word' id='word_1_209' title='bbox 2026 3685 2068 3762; x_wconf 93' lang='lat' dir='ltr'><strong>N.</strong></span> 
     </span>
     <span class='ocr_line' id='line_1_27' title="bbox 692 3801 2067 3902; baseline 0.001 -27"><span class='ocrx_word' id='word_1_210' title='bbox 692 3804 836 3876; x_wconf 92' lang='lat' dir='ltr'><strong>Domino</strong></span> <span class='ocrx_word' id='word_1_211' title='bbox 873 3804 1140 3902; x_wconf 86' lang='lat' dir='ltr'><strong>Archiepiscopo</strong></span> <span class='ocrx_word' id='word_1_212' title='bbox 1178 3826 1323 3897; x_wconf 85' lang='lat' dir='ltr'><strong>magnae</strong></span> <span class='ocrx_word' id='word_1_213' title='bbox 1360 3801 1453 3875; x_wconf 90' lang='lat' dir='ltr'><strong>urbis</strong></span> <span class='ocrx_word' id='word_1_214' title='bbox 1493 3802 1738 3894; x_wconf 84' lang='lat' dir='ltr'><strong>Alexandriae,</strong></span> <span class='ocrx_word' id='word_1_215' title='bbox 1777 3814 1810 3876; x_wconf 92' lang='lat' dir='ltr'><strong>et</strong></span> <span class='ocrx_word' id='word_1_216' title='bbox 1852 3803 2067 3900; x_wconf 83' lang='lat' dir='ltr'><strong>Metropolita</strong></span> 
     </span>
     <span class='ocr_line' id='line_1_28' title="bbox 691 3916 2065 4015; baseline 0.001 -26"><span class='ocrx_word' id='word_1_217' title='bbox 691 3927 809 3992; x_wconf 87' lang='lat' dir='ltr'><strong>nostro</strong></span> <span class='ocrx_word' id='word_1_218' title='bbox 834 3919 935 3992; x_wconf 89' lang='lat' dir='ltr'><strong>Abba</strong></span> <span class='ocrx_word' id='word_1_219' title='bbox 961 3919 1003 3991; x_wconf 91' lang='lat' dir='ltr'><strong>N.</strong></span> <span class='ocrx_word' id='word_1_220' title='bbox 1030 3919 1250 4014; x_wconf 87' lang='lat' dir='ltr'><strong>omnibusque</strong></span> <span class='ocrx_word' id='word_1_221' title='bbox 1276 3917 1465 4015; x_wconf 86' lang='lat' dir='ltr'><strong>Episcopis,</strong></span> <span class='ocrx_word' id='word_1_222' title='bbox 1492 3916 1732 3992; x_wconf 82' lang='lat' dir='ltr'><strong>Sacerdotibus</strong></span> <span class='ocrx_word' id='word_1_223' title='bbox 1759 3927 1793 3992; x_wconf 89' lang='lat' dir='ltr'><strong>et</strong></span> <span class='ocrx_word' id='word_1_224' title='bbox 1812 3919 1971 3992; x_wconf 91' lang='lat' dir='ltr'><strong>Diaconis</strong></span> <span class='ocrx_word' id='word_1_225' title='bbox 1994 3917 2065 3991; x_wconf 90' lang='lat' dir='ltr'><strong>Or-</strong></span> 
     </span>
     <span class='ocr_line' id='line_1_29' title="bbox 692 4033 860 4107; baseline 0 -3"><span class='ocrx_word' id='word_1_226' title='bbox 692 4033 860 4107; x_wconf 91' lang='lat' dir='ltr'><strong>thodoxis.</strong></span> 
     </span>
    </p>

    <p class='ocr_par' dir='ltr' id='par_1_9' title="bbox 693 4144 2147 5052">
     <span class='ocr_line' id='line_1_30' title="bbox 796 4144 2064 4238; baseline -0.001 -18"><span class='ocrx_word' id='word_1_227' title='bbox 796 4148 981 4221; x_wconf 82' lang='lat' dir='ltr'><strong>Sacerdos.</strong></span> <span class='ocrx_word' id='word_1_228' title='bbox 1036 4149 1187 4222; x_wconf 87' lang='lat' dir='ltr'><strong>Servans</strong></span> <span class='ocrx_word' id='word_1_229' title='bbox 1213 4169 1382 4221; x_wconf 85' lang='lat' dir='ltr'><strong>conserva</strong></span> <span class='ocrx_word' id='word_1_230' title='bbox 1409 4169 1471 4218; x_wconf 87' lang='lat' dir='ltr'><strong>eos</strong></span> <span class='ocrx_word' id='word_1_231' title='bbox 1499 4145 1609 4236; x_wconf 86' lang='lat' dir='ltr'><strong>nobis,</strong></span> <span class='ocrx_word' id='word_1_232' title='bbox 1636 4147 1732 4218; x_wconf 80' lang='lat' dir='ltr'><strong>arinis</strong></span> <span class='ocrx_word' id='word_1_233' title='bbox 1759 4144 1889 4238; x_wconf 80' lang='lat' dir='ltr'><strong>multis,</strong></span> <span class='ocrx_word' id='word_1_234' title='bbox 1922 4145 2064 4220; x_wconf 90' lang='lat' dir='ltr'><strong>diebus-</strong></span> 
     </span>
     <span class='ocr_line' id='line_1_31' title="bbox 693 4257 2064 4359; baseline 0.001 -22"><span class='ocrx_word' id='word_1_235' title='bbox 693 4286 759 4359; x_wconf 84' lang='lat' dir='ltr'><strong>que</strong></span> <span class='ocrx_word' id='word_1_236' title='bbox 784 4261 979 4358; x_wconf 85' lang='lat' dir='ltr'><strong>tranquillis,</strong></span> <span class='ocrx_word' id='word_1_237' title='bbox 1006 4265 1039 4335; x_wconf 93' lang='lat' dir='ltr'><strong>in</strong></span> <span class='ocrx_word' id='word_1_238' title='bbox 1062 4265 1187 4356; x_wconf 90' lang='lat' dir='ltr'><strong>justitia</strong></span> <span class='ocrx_word' id='word_1_239' title='bbox 1214 4272 1248 4334; x_wconf 89' lang='lat' dir='ltr'><strong>et</strong></span> <span class='ocrx_word' id='word_1_240' title='bbox 1273 4283 1377 4359; x_wconf 85' lang='lat' dir='ltr'><strong>pace:</strong></span> <span class='ocrx_word' id='word_1_241' title='bbox 1404 4272 1439 4332; x_wconf 89' lang='lat' dir='ltr'><strong>ut</strong></span> <span class='ocrx_word' id='word_1_242' title='bbox 1465 4259 1637 4358; x_wconf 87' lang='lat' dir='ltr'><strong>perficiant</strong></span> <span class='ocrx_word' id='word_1_243' title='bbox 1663 4257 1859 4334; x_wconf 87' lang='lat' dir='ltr'><strong>sacrificium</strong></span> <span class='ocrx_word' id='word_1_244' title='bbox 1887 4262 1976 4357; x_wconf 86' lang='lat' dir='ltr'><strong>quod</strong></span> <span class='ocrx_word' id='word_1_245' title='bbox 2000 4261 2064 4338; x_wconf 78' lang='lat' dir='ltr'><strong>ill&#39;m</strong></span> 
     </span>
     <span class='ocr_line' id='line_1_32' title="bbox 693 4375 2064 4466; baseline 0.001 -16"><span class='ocrx_word' id='word_1_246' title='bbox 693 4380 897 4466; x_wconf 89' lang='lat' dir='ltr'><strong>commisisti,</strong></span> <span class='ocrx_word' id='word_1_247' title='bbox 925 4402 999 4451; x_wconf 89' lang='lat' dir='ltr'><strong>cam</strong></span> <span class='ocrx_word' id='word_1_248' title='bbox 1027 4378 1143 4452; x_wconf 90' lang='lat' dir='ltr'><strong>ordine</strong></span> <span class='ocrx_word' id='word_1_249' title='bbox 1170 4376 1383 4466; x_wconf 89' lang='lat' dir='ltr'><strong>sacerdotali,</strong></span> <span class='ocrx_word' id='word_1_250' title='bbox 1410 4376 1592 4450; x_wconf 89' lang='lat' dir='ltr'><strong>secundum</strong></span> <span class='ocrx_word' id='word_1_251' title='bbox 1623 4375 1828 4450; x_wconf 89' lang='lat' dir='ltr'><strong>voluntatem</strong></span> <span class='ocrx_word' id='word_1_252' title='bbox 1859 4385 1947 4448; x_wconf 92' lang='lat' dir='ltr'><strong>tuam</strong></span> <span class='ocrx_word' id='word_1_253' title='bbox 1979 4399 2064 4454; x_wconf 84' lang='lat' dir='ltr'><strong>san·</strong></span> 
     </span>
     <span class='ocr_line' id='line_1_33' title="bbox 694 4491 2147 4590; baseline 0 -24"><span class='ocrx_word' id='word_1_254' title='bbox 694 4504 781 4566; x_wconf 85' lang='lat' dir='ltr'><strong>ctam</strong></span> <span class='ocrx_word' id='word_1_255' title='bbox 807 4503 843 4566; x_wconf 87' lang='lat' dir='ltr'><strong>et</strong></span> <span class='ocrx_word' id='word_1_256' title='bbox 867 4491 1016 4568; x_wconf 77' lang='lat' dir='ltr'><strong>beamm:</strong></span> <span class='ocrx_word' id='word_1_257' title='bbox 1042 4504 1079 4567; x_wconf 95' lang='lat' dir='ltr'><strong>ut</strong></span> <span class='ocrx_word' id='word_1_258' title='bbox 1100 4493 1249 4588; x_wconf 88' lang='lat' dir='ltr'><strong>judicent</strong></span> <span class='ocrx_word' id='word_1_259' title='bbox 1275 4497 1308 4565; x_wconf 93' lang='lat' dir='ltr'><strong>in</strong></span> <span class='ocrx_word' id='word_1_260' title='bbox 1331 4495 1456 4585; x_wconf 91' lang='lat' dir='ltr'><strong>justitia</strong></span> <span class='ocrx_word' id='word_1_261' title='bbox 1492 4501 1527 4564; x_wconf 88' lang='lat' dir='ltr'><strong>et</strong></span> <span class='ocrx_word' id='word_1_262' title='bbox 1554 4495 1741 4586; x_wconf 85' lang='lat' dir='ltr'><strong>aequitate,</strong></span> <span class='ocrx_word' id='word_1_263' title='bbox 1773 4504 1806 4565; x_wconf 90' lang='lat' dir='ltr'><strong>et</strong></span> <span class='ocrx_word' id='word_1_264' title='bbox 1830 4503 1972 4589; x_wconf 83' lang='lat' dir='ltr'><strong>pascant</strong></span> <span class='ocrx_word' id='word_1_265' title='bbox 1997 4516 2067 4590; x_wconf 82' lang='lat' dir='ltr'><strong>po·</strong></span> <span class='ocrx_word' id='word_1_266' title='bbox 2143 4497 2147 4506; x_wconf 88' lang='lat'>&#39;</span> 
     </span>
     <span class='ocr_line' id='line_1_34' title="bbox 693 4607 2066 4706; baseline 0.001 -25"><span class='ocrx_word' id='word_1_267' title='bbox 693 4610 806 4705; x_wconf 86' lang='lat' dir='ltr'><strong>pulum</strong></span> <span class='ocrx_word' id='word_1_268' title='bbox 833 4618 923 4680; x_wconf 91' lang='lat' dir='ltr'><strong>tuum</strong></span> <span class='ocrx_word' id='word_1_269' title='bbox 949 4611 982 4681; x_wconf 92' lang='lat' dir='ltr'><strong>in</strong></span> <span class='ocrx_word' id='word_1_270' title='bbox 1005 4611 1149 4703; x_wconf 86' lang='lat' dir='ltr'><strong>justitia:</strong></span> <span class='ocrx_word' id='word_1_271' title='bbox 1178 4631 1294 4683; x_wconf 88' lang='lat' dir='ltr'><strong>omues</strong></span> <span class='ocrx_word' id='word_1_272' title='bbox 1322 4611 1422 4680; x_wconf 91' lang='lat' dir='ltr'><strong>etiam</strong></span> <span class='ocrx_word' id='word_1_273' title='bbox 1447 4607 1654 4706; x_wconf 87' lang='lat' dir='ltr'><strong>Episcopos,</strong></span> <span class='ocrx_word' id='word_1_274' title='bbox 1685 4607 1890 4683; x_wconf 89' lang='lat' dir='ltr'><strong>Sacerdotes</strong></span> <span class='ocrx_word' id='word_1_275' title='bbox 1917 4619 1951 4680; x_wconf 90' lang='lat' dir='ltr'><strong>et</strong></span> <span class='ocrx_word' id='word_1_276' title='bbox 1976 4608 2066 4682; x_wconf 90' lang='lat' dir='ltr'><strong>Dia·</strong></span> 
     </span>
     <span class='ocr_line' id='line_1_35' title="bbox 694 4722 2066 4826; baseline 0.001 -30"><span class='ocrx_word' id='word_1_277' title='bbox 694 4745 800 4798; x_wconf 86' lang='lat' dir='ltr'><strong>canos</strong></span> <span class='ocrx_word' id='word_1_278' title='bbox 826 4722 1068 4818; x_wconf 77' lang='lat' dir='ltr'><strong>orthodoxos,</strong></span> <span class='ocrx_word' id='word_1_279' title='bbox 1103 4745 1288 4819; x_wconf 75' lang='lat' dir='ltr'><strong>mnnesqm</strong></span> <span class='ocrx_word' id='word_1_280' title='bbox 1317 4726 1444 4821; x_wconf 74' lang='lat' dir='ltr'><strong>panim</strong></span> <span class='ocrx_word' id='word_1_281' title='bbox 1474 4725 1570 4796; x_wconf 90' lang='lat' dir='ltr'><strong>unius</strong></span> <span class='ocrx_word' id='word_1_282' title='bbox 1597 4732 1734 4826; x_wconf 89' lang='lat' dir='ltr'><strong>sanotae</strong></span> <span class='ocrx_word' id='word_1_283' title='bbox 1759 4723 1936 4799; x_wconf 85' lang='lat' dir='ltr'><strong>Ecclesiae</strong></span> <span class='ocrx_word' id='word_1_284' title='bbox 1961 4725 2066 4822; x_wconf 87' lang='lat' dir='ltr'><strong>Apo-</strong></span> 
     </span>
     <span class='ocr_line' id='line_1_36' title="bbox 693 4837 2065 4938; baseline 0.001 -26"><span class='ocrx_word' id='word_1_285' title='bbox 693 4839 853 4912; x_wconf 87' lang='lat' dir='ltr'><strong>stolicae:</strong></span> <span class='ocrx_word' id='word_1_286' title='bbox 880 4843 1117 4937; x_wconf 89' lang='lat' dir='ltr'><strong>orationesque</strong></span> <span class='ocrx_word' id='word_1_287' title='bbox 1144 4860 1227 4934; x_wconf 90' lang='lat' dir='ltr'><strong>quas</strong></span> <span class='ocrx_word' id='word_1_288' title='bbox 1258 4837 1383 4910; x_wconf 87' lang='lat' dir='ltr'><strong>iaciunt</strong></span> <span class='ocrx_word' id='word_1_289' title='bbox 1413 4838 1616 4936; x_wconf 83' lang='lat' dir='ltr'><strong>pronubis,</strong></span> <span class='ocrx_word' id='word_1_290' title='bbox 1652 4849 1686 4910; x_wconf 91' lang='lat' dir='ltr'><strong>et</strong></span> <span class='ocrx_word' id='word_1_291' title='bbox 1720 4862 1783 4936; x_wconf 86' lang='lat' dir='ltr'><strong>pro</strong></span> <span class='ocrx_word' id='word_1_292' title='bbox 1817 4843 1907 4915; x_wconf 93' lang='lat' dir='ltr'><strong>omni</strong></span> <span class='ocrx_word' id='word_1_293' title='bbox 1942 4839 2065 4938; x_wconf 87' lang='lat' dir='ltr'><strong>populo</strong></span> 
     </span>
     <span class='ocr_line' id='line_1_37' title="bbox 694 4953 2065 5052; baseline 0.002 -27"><span class='ocrx_word' id='word_1_294' title='bbox 694 4963 764 5044; x_wconf 90' lang='lat' dir='ltr'><strong>tuo,</strong></span> <span class='ocrx_word' id='word_1_295' title='bbox 791 4957 924 5051; x_wconf 88' lang='lat' dir='ltr'><strong>suscipe</strong></span> <span class='ocrx_word' id='word_1_296' title='bbox 950 4955 992 5028; x_wconf 88' lang='lat' dir='ltr'><strong>ad</strong></span> <span class='ocrx_word' id='word_1_297' title='bbox 1019 4957 1125 5030; x_wconf 87' lang='lat' dir='ltr'><strong>altare</strong></span> <span class='ocrx_word' id='word_1_298' title='bbox 1150 4966 1241 5027; x_wconf 83' lang='lat' dir='ltr'><strong>buum</strong></span> <span class='ocrx_word' id='word_1_299' title='bbox 1268 4975 1469 5052; x_wconf 82' lang='lat' dir='ltr'><strong>supernum,</strong></span> <span class='ocrx_word' id='word_1_300' title='bbox 1495 4957 1528 5026; x_wconf 94' lang='lat' dir='ltr'><strong>in</strong></span> <span class='ocrx_word' id='word_1_301' title='bbox 1556 4953 1697 5028; x_wconf 89' lang='lat' dir='ltr'><strong>odorem</strong></span> <span class='ocrx_word' id='word_1_302' title='bbox 1724 4958 1912 5030; x_wconf 87' lang='lat' dir='ltr'><strong>suavitatis:</strong></span> <span class='ocrx_word' id='word_1_303' title='bbox 1950 4977 2065 5031; x_wconf 90' lang='lat' dir='ltr'><strong>omnes</strong></span> 
     </span>
    </p>
   </div>
   <div class='ocr_carea' id='block_1_5' title="bbox 0 0 2373 6064">
    <p class='ocr_par' dir='ltr' id='par_1_10' title="bbox 0 0 2373 6064">
     <span class='ocr_line' id='line_1_38' title="bbox 0 0 2373 6064; baseline 0 0"><span class='ocrx_word' id='word_1_304' title='bbox 0 0 2373 6064; x_wconf 95' lang='lat' dir='ltr'><strong> </strong></span> 
     </span>
    </p>
   </div>
  </div>
 </body>
</html>
