4760 6038
634 605 685 680 ΒΕ
706 600 949 681 comitatum
962 602 1311 681 ALEXANDRINORUM
1327 605 1524 683 LllUllGllS.
1654 601 1766 678 XClll

386 790 537 884 vulgaris
563 811 642 866 esse
669 788 866 880 desivisset,
894 798 951 861 aut
975 788 1040 862 nilis
1066 791 1101 860 in
1127 788 1233 880 loeis,
1267 789 1323 863 ubi
1349 811 1430 864 usus
1456 790 1544 864 illius
1570 793 1669 888 plane
1692 796 1764 885 jam

387 905 505 978 dudum
533 904 723 1001 deperditus
749 902 846 977 ieret

487 1021 597 1094 XXX.
631 1021 782 1092 Alteram
808 1019 929 1091 faciem
956 1019 1169 1093 columnatim
1183 1017 1365 1116 disposita,
1392 1030 1485 1093 tenet
1506 1024 1621 1094 versio
1640 1021 1763 1096 Graeci

385 1145 497 1209 textus
524 1134 694 1228 Arabica,
731 1135 796 1206 alia
821 1156 961 1231 prorsus
989 1134 1031 1207 ab
1060 1156 1101 1206 ea
1134 1155 1233 1228 quam
1269 1134 1401 1231 Coptici
1434 1135 1581 1210 Codices
1613 1159 1762 1232 reprae-

371 1261 540 1340 sentant:
568 1273 671 1346 saepe
696 1271 765 1323 non
792 1250 936 1340 melior,
964 1259 997 1322 et
1025 1271 1121 1346 mam
1149 1272 1217 1323 non
1244 1253 1318 1324 sine
1343 1273 1467 1344 magno
1500 1250 1617 1325 labore
1650 1256 1762 1326 inter·

385 1377 514 1464 pratum
531 1365 652 1439 lacman
666 1365 772 1440 iuuisse
793 1362 1004 1438 manifestum
1021 1375 1094 1454 est,
1121 1361 1164 1436 ab
1187 1364 1373 1438 hominibus
1397 1364 1530 1440 Graeca
1550 1369 1763 1441 mediocriter

385 1480 663 1575 intelligentibus,
698 1479 759 1554 sed
786 1501 832 1553 ex
862 1502 925 1552 usu
959 1479 1169 1575 quotidiano,
1203 1502 1341 1577 precum
1376 1503 1459 1576 quas
1493 1480 1697 1557 Sacerdotes
1729 1491 1763 1555 et

356 1596 544 1694 'Episcopi
568 1599 762 1670 memoriter
788 1593 966 1687 tenebant,
993 1597 1189 1670 sententiam
1217 1597 1298 1668 satis
1325 1595 1466 1668 feliciter
1494 1603 1665 1672 assecutis.
1704 1598 1763 1671 Ex

386 1712 572 1785 authentico
603 1715 704 1804 igitur
737 1711 793 1784 illo
829 1709 980 1801 Graeco,
1010 1714 1126 1785 versio
1159 1709 1310 1783 Arabica
1346 1734 1445 1806 mam
1479 1712 1601 1788 Codex
1632 1715 1762 1806 Regius

385 1825 499 1900 babet:
527 1850 573 1899 ex
600 1825 741 1922 Coptica
768 1829 947 1914 versione,
973 1825 1062 1898 iacta
1090 1835 1144 1898 est
1170 1826 1274 1899 altera
1300 1827 1355 1898 illa
1380 1826 1539 1901 Arabica.
1578 1829 1630 1904 Ea
1656 1852 1761 1927 porro

386 1947 538 2037 quamvis
565 1943 792 2036 antiquissima
819 1943 882 2030 sit,
910 1949 944 2012 et
969 1938 1012 2013 ab
1040 1943 1136 2012 annis
1161 1939 1335 2037 plusquam
1363 1945 1534 2014 sexcentis
1552 1948 1620 2016 rari
1638 1944 1763 2016 luerint

383 2059 468 2130 inter
499 2057 694 2152 Aegyptios
728 2056 953 2146 Christianos,
990 2058 1046 2151 qui
1085 2064 1222 2128 vertere
1256 2054 1360 2130 libros
1394 2079 1440 2128 ex
1475 2053 1615 2152 Coptica
1646 2057 1761 2150 lingua

264 2167 275 2176 ”
385 2182 540 2268 possent,
566 2173 733 2243 variatio
759 2170 868 2243 multis
896 2170 1077 2245 secundum
1112 2171 1355 2267 exemplarium
1389 2170 1636 2262 diversitatem,
1668 2174 1759 2246 nullo

387 2287 517 2382 quidem
544 2289 729 2361 sententiae
757 2284 973 2376 detrimento,
999 2285 1061 2358 sed
1084 2307 1129 2358 ex
1148 2283 1301 2358 ubertate
1318 2285 1646 2378 linguaeArabicae.
1673 2286 1760 2359 Nam

385 2423 457 2474 cum
487 2397 632 2474 Codices
658 2401 771 2497 plures
800 2399 1083 2492 consuluerimus,
1110 2405 1192 2474 satis
1212 2423 1335 2494 magna
1351 2401 1581 2492 diversarum,
1606 2423 1675 2473 non
1693 2413 1759 2474 tam

385 2514 561 2588 lectionum
589 2539 688 2610 mam
715 2516 1023 2612 interpretationum
1050 2519 1149 2612 copia
1176 2517 1290 2608 colligi
1316 2525 1429 2612 potest
1457 2521 1491 2589 in
1517 2517 1690 2591 Arabicis:
1726 2527 1762 2590 at

385 2633 416 2702 in
444 2631 594 2726 Copticis
622 2629 762 2723 alicujus
789 2634 948 2704 momenti
973 2653 1081 2728 prope
1107 2631 1217 2704 nulla:
1252 2630 1339 2704 adeo
1366 2642 1403 2704 ut
1429 2655 1475 2705 ex
1500 2631 1558 2704 illo
1585 2632 1660 2706 solo
1697 2653 1760 2704 ar-

386 2757 542 2838 gumento
571 2750 723 2841 quamvis
750 2747 898 2818 firmiora
925 2745 1097 2840 complura
1125 2756 1320 2843 suppetant,
1354 2770 1451 2820 error
1485 2769 1602 2820 eorum
1637 2750 1760 2819 revin-

386 2871 496 2952 catur,
525 2864 580 2956 qui
605 2861 756 2935 Arabica
783 2861 924 2934 Graecis
951 2863 1154 2956 antiquiora,
1189 2861 1357 2955 Scaligeri
1380 2861 1506 2953 judicio
1533 2859 1667 2934 nimium
1695 2865 1762 2934 tri-

385 2974 524 3050 buentes
552 2978 847 3068 existunavemnt,
875 2999 951 3048 cum
975 2975 1031 3048 illa
1058 2980 1132 3073 ipsa
1161 2977 1310 3072 Copticis
1338 2977 1587 3072 exemplaribus
1606 3000 1694 3073 quae
1715 2999 1761 3049 ex
1849 3001 1852 3008 ’

387 3089 526 3164 Graecis
554 3114 720 3189 expressa
747 3103 840 3183 sunt,
866 3092 969 3184 longe
997 3094 1064 3163 sint
1090 3098 1291 3167 recentiora.

487 3207 612 3280 XXXL
639 3208 726 3281 Rem
752 3229 834 3280 sane
861 3193 1146 3298 obscurissimam,
1181 3219 1215 3280 et
1242 3232 1262 3280 a
1288 3211 1421 3279 nemine
1448 3205 1651 3302 explicatam
1680 3203 1760 3278 Co·
1783 3196 2086 3295 ⁰,0”‘1¹¹⁰{¹‘³¹‚¹,⁸⁰ffl'⁰¹·

387 3320 454 3393 dex
480 3323 609 3414 Regius
636 3325 670 3394 in
694 3345 818 3415 magna
846 3322 922 3395 luce
948 3321 1104 3396 collocat.
1144 3322 1292 3396 Exhibet
1318 3325 1441 3419 quippe
1467 3332 1620 3395 veterem
1647 3325 1759 3394 sacri·
1773 3281 2087 3436 ξῗξξῗζζξᾞζζᾙῗ

386 3435 448 3510 ficii
475 3436 634 3528 sormam,
671 3461 757 3532 quae
784 3441 818 3510 in
842 3421 1000 3512 Ecclesia
1025 3437 1256 3510 Alexandrina
1281 3436 1523 3533 usurpabatur,
1556 3446 1632 3508 ante
1662 3437 1759 3509 Ara·
1774 3454 1840 3504 nana
1857 3461 1972 3520 tempora
1987 3454 2013 3504 aa
2028 3452 2086 3504 As-

385 3550 462 3624 bum
489 3555 720 3648 tyrannidem,
747 3556 842 3644 cujus
869 3554 1001 3648 quidem
1027 3552 1157 3624 formae
1184 3561 1299 3647 partes
1326 3551 1454 3647 aliquas
1478 3551 1584 3623 Marci
1609 3550 1760 3642 Liturgia
1773 3545 1855 3608 W
1874 3537 2068 3591 ⁰b⁸⁰fllb⁸²¹¹¹·

388 3665 515 3738 Graeca
543 3667 833 3758 subministrabat,
860 3668 922 3742 sed
949 3677 1123 3764 supererat
1147 3671 1267 3759 ingens
1294 3666 1478 3743 difficultas.
1536 3665 1592 3739 Ex
1621 3665 1759 3738 historia

386 3782 513 3854 scilieet
537 3782 843 3855 Alexandrinorum
869 3781 1099 3856 Jacobitarum
1126 3786 1249 3876 scripta
1276 3803 1338 3877 per
1364 3782 1529 3854 Severum
1554 3779 1759 3876 Episcopmn

385 3895 725 3988 Aschmoninansem,
753 3919 820 3970 non
847 3901 954 3970 minus
982 3919 1081 3992 quam
1108 3919 1154 3969 ex
1184 3895 1371 3992 Eutychio,
1403 3899 1458 3990 qui
1486 3894 1759 3968 Orthodoxorum

387 4034 445 4085 seu
477 4013 706 4086 Melchitarum
740 4012 932 4084 Patriarcba
963 4012 1024 4084 fnit
1056 4034 1147 4085 nono
1180 4011 1335 4102 saeculo,
1369 4010 1561 4102 intelligitur
1597 4014 1704 4084 statim
1739 4035 1759 4083 a

388 4123 536 4200 Concilio
565 4126 830 4202 Calchedonensi
854 4150 929 4200 cum
962 4130 1116 4200 maximis
1143 4126 1248 4200 turbis
1276 4131 1459 4218 agitaretur
1484 4124 1640 4198 Ecclesia
1666 4123 1759 4198 Ala-

387 4243 559 4332 xandrina,
586 4241 751 4334 Graecos,
778 4242 842 4316 hoc
868 4252 921 4316 est
947 4246 1003 4338 qui
1028 4243 1085 4316 vel
1111 4242 1243 4316 aliunde
1271 4241 1498 4330 advenissent,
1525 4240 1583 4313 vel
1599 4240 1760 4313 Alexan-

387 4356 468 4428 drini
495 4360 590 4430 cives
615 4358 739 4448 forent,
766 4360 861 4449 (nam
888 4361 921 4432 in
948 4380 989 4430 ea
1015 4354 1099 4431 urbe
1126 4357 1297 4431 obtinebat
1313 4356 1467 4430 Graecae
1488 4356 1623 4448 linguae
1648 4357 1761 4446 usus,)

388 4471 530 4546 Concilii
556 4472 735 4546 definitioni
761 4483 896 4571 praeter
921 4461 1145 4571 paucissimos
1173 4473 1383 4546 adhaesisse:
1412 4471 1563 4568 Coptitaa
1591 4474 1665 4544 sive
1691 4492 1761 4541 na-

386 4590 474 4660 tivos
489 4589 693 4684 Aegyptios,
711 4588 881 4662 Dioscoro
909 4592 1049 4684 ejusque
1076 4586 1346 4678 successoribus,
1372 4596 1472 4681 atque
1498 4590 1595 4659 unius
1621 4596 1761 4657 naturae

386 4702 590 4799 professioni
621 4713 657 4775 ut
688 4706 941 4794 renunciarent,
975 4725 1142 4798 nunquam
1177 4702 1295 4775 adduci
1331 4704 1491 4798 potuisse.
1549 4700 1647 4773 Unde
1683 4699 1761 4774 odia

388 4827 451 4892 tam
469 4817 573 4911 longe
596 4803 845 4914 processerunt,
871 4827 908 4891 ut
934 4822 1042 4892 statim
1059 4829 1158 4915 atque
1171 4817 1306 4892 Arabes
1332 4815 1424 4890 urbis
1443 4815 1618 4890 moenibus
1645 4819 1760 4913 copias

387 4955 464 5007 suas
498 4932 738 5025 admoverunt,
771 4934 927 5031 Coptitaa
960 4933 1044 5006 duce
1079 4932 1241 5030 modam,
1276 4956 1374 5029 quem
1405 4934 1595 5005 lllocoacoa
1620 4931 1760 5003 Arabici

385 5043 457 5121 libri
484 5047 667 5144 appellant,
701 5071 762 5122 suo
793 5059 827 5122 et
856 5050 1041 5141 Benjamini
1071 5052 1128 5144 qui
1159 5051 1194 5120 in
1224 5047 1439 5121 Monasteriis
1465 5045 1591 5121 latebat
1615 5049 1761 5138 nomine,
