4670 6046
631 605 731 698 ιιο,
1125 599 1516 681 conunnrlarns

631 789 741 852 cecidit
769 808 809 852 ex
837 789 920 851 disco
951 787 999 850 vel
1030 807 1069 850 ex
1092 788 1198 852 calice.
1242 787 1375 850 loannes
1403 787 1561 870 Jejunator
1589 790 1619 850 iu
1648 788 1865 852 Nomocanone
1893 808 2009 854 manu-

631 891 744 969 scripto
767 896 798 950 et
820 887 1026 951 Paenitentiali
1055 886 1192 966 ineditis,
1220 888 1251 949 in
1280 886 1388 967 quibus
1416 887 1573 950 Sacerdoti
1602 895 1633 950 et
1662 888 1796 953 Diacono
1827 907 1882 970 pro
1912 888 2008 970 culpa

631 987 718 1050 simili
748 988 909 1068 imponitur
938 986 1122 1068 poenitentia
1153 986 1279 1064 biennii,
1309 993 1340 1048 et
1369 986 1502 1066 quotidie
1531 995 1707 1051 metanoeae
1737 987 1902 1050 ducentae:
1935 996 2008 1050 tres

632 1089 700 1150 anni
723 1089 748 1150 si
772 1087 880 1150 animal
901 1088 1082 1149 immundum
1112 1087 1304 1150 Sacramenta
1332 1086 1480 1168 attigerit,
1504 1087 1597 1149 etita
1620 1087 1658 1148 de
1680 1086 1756 1151 aliis.
1783 1086 1891 1168 Neque
1914 1085 2010 1148 aliter

630 1187 735 1250 Latina
757 1185 905 1264 Ecclesia,
929 1205 1017 1266 quae,
1040 1194 1073 1247 ut
1095 1205 1134 1248 ex
1157 1185 1248 1247 variis
1275 1183 1552 1264 Paenitentialibus‚
1576 1186 1681 1248 Yvone
1704 1185 1894 1264 cumetensi,
1918 1185 2010 1248 Eur-

631 1285 755 1364 cbardo,
778 1285 936 1366 Reginone
958 1293 988 1346 et
1012 1283 1077 1345 aliis
1100 1285 1254 1346 autoribus
1285 1283 1473 1346 manifestum
1502 1293 1559 1363 est,
1584 1283 1718 1348 eamdem
1740 1302 1866 1365 prorsus
1889 1285 1946 1348 boc
1967 1285 2012 1344 ιιι

630 1402 746 1469 genere
770 1382 956 1463 disciplinam
986 1381 1100 1445 babuit:
1127 1390 1157 1444 ut
1187 1401 1226 1445 ex
1250 1401 1354 1447 eorum
1383 1385 1559 1445 testimoniis
1588 1383 1691 1446 relatis
1719 1385 1751 1447 in
1779 1384 2012 1448 Dissertatione

632 1483 669 1546 de
696 1482 884 1546 Eucharistia
907 1490 989 1564 patet
1013 1481 1179 1545 manifeste.

328 1585 619 1651 neeommunionepae-
717 1582 749 1644 ln
773 1585 980 1645 communione
1004 1581 1138 1664 aegrotis
1168 1589 1197 1644 et
1220 1581 1322 1662 pueris
1354 1581 1604 1658 administranda,
1636 1581 1742 1646 eadem
1772 1600 1893 1663 quoqne
1923 1582 2014 1645 reli-

313 1689 399 1726 ‘⁰¹¹¹'ss
416 1680 442 1725 θ’
455 1671 617 1725 infirmorum.
630 1685 681 1765 gio
704 1689 759 1744 est.
804 1681 853 1744 Ad
875 1679 943 1742 illos
974 1682 1051 1743 enirn
1081 1682 1107 1742 si
1130 1680 1279 1744 Sacerdos
1310 1679 1431 1742 delerre
1460 1679 1678 1742 Eucharistiam
1707 1689 1827 1761 potest,
1857 1701 1894 1744 ea
1924 1684 2014 1762 ipsis

632 1780 864 1858 administratur,
887 1787 920 1841 ut
942 1778 1023 1841 aliis:
1054 1781 1080 1842 si
1102 1779 1223 1863 longius
1246 1779 1433 1860 pergendum
1456 1781 1531 1856 erit,
1555 1780 1680 1861 jubetur
1702 1799 1769 1842 earn
1791 1798 1858 1842 cum
1882 1781 2014 1845 bonore

630 1880 768 1958 deferre,
790 1880 830 1941 ita
859 1885 891 1941 ut
914 1879 940 1940 si
958 1879 1094 1960 jumento
1121 1877 1191 1940 vebi
1222 1875 1418 1941 Sacerdotem
1448 1887 1603 1960 oporteat,
1633 1878 1821 1942 Eucharistia
1851 1881 2018 1942 manticae

629 1998 692 2046 non
714 1978 897 2056 includatur,
928 1976 984 2040 sed
1013 1980 1080 2060 ipse
1103 1997 1168 2040 eam
1190 1986 1300 2060 gestet.
1352 1979 1382 2042 Si
1412 1978 1562 2042 Sacerdos
1593 1978 1631 2041 ad
1661 1987 1819 2061 aegrotum
1847 1979 2018 2059 proficisci

630 2097 692 2143 non
713 2079 820 2159 possit,
843 2077 918 2139 mitti
940 2096 1033 2158 posse
1056 2077 1158 2139 dicunt
1179 2076 1410 2152 Eucharistiam,
1438 2078 1528 2140 etiam
1551 2096 1606 2158 per
1628 2077 1814 2140 saecularem
1837 2087 1868 2140 et
1890 2077 2019 2141 mulie-

629 2197 704 2255 rem,
728 2178 757 2239 in
779 2195 879 2259 panno
902 2179 1080 2258 gossypion,
1104 2176 1153 2238 vel
1175 2178 1206 2237 in
1230 2175 1331 2239 charta
1355 2176 1480 2253 munda,
1511 2176 1560 2238 vel
1589 2177 1619 2238 in
1647 2194 1744 2257 pane,
1774 2177 1824 2239 vel
1850 2178 1881 2239 iu
1911 2179 2013 2254 cista,

630 2296 708 2360 quae
738 2274 775 2338 ad
801 2275 968 2338 Ecclesiam
998 2275 1107 2338 referri
1130 2274 1255 2356 jubetur
1262 2298 1270 2352 ;
1302 2275 1404 2338 ebarta
1434 2276 1586 2353 comburi,
1616 2278 1703 2357 panis
1732 2295 1799 2339 cum
1827 2278 2017 2339 reverentia

631 2377 775 2441 consumi.
809 2375 853 2436 lta
875 2377 980 2436 variae
1003 2372 1241 2437 constitutiones
1265 2375 1294 2435 in
1316 2375 1518 2437 Jacobitarum
1535 2375 1758 2454 Nomocanone,
1783 2394 1907 2456 quarum
1930 2395 2015 2440 cum

629 2494 691 2538 non
716 2493 832 2557 paucae
864 2493 880 2536 a
909 2473 1088 2536 Patriarcbis
1123 2473 1336 2536 Alexandrinis
1370 2474 1467 2537 editae
1498 2476 1575 2552 sint,
1612 2475 1748 2538 eamdem
1776 2475 1888 2538 babent
1916 2475 2010 2557 apud

630 2574 870 2651 Alexandrinos,
905 2591 991 2653 quam
1015 2572 1094 2654 apud
1116 2570 1321 2636 Antiochenas
1350 2573 1503 2636 Jacobitas
1531 2575 1728 2639 autoritatem.
1777 2575 1842 2637 Nec
1870 2577 2012 2638 interest

631 2674 721 2755 quod,
743 2679 776 2735 ut
797 2672 908 2753 passim
931 2671 1121 2749 observatur,
1145 2689 1204 2733 non
1227 2672 1332 2734 eadem
1355 2674 1474 2736 omnino
1498 2674 1538 2736 sit
1559 2673 1640 2735 circa
1663 2676 1880 2738 communionis
1903 2693 2013 2755 prae-

631 2773 773 2835 bitionem
795 2773 826 2832 in
849 2769 994 2832 Ecclesiis
1022 2771 1131 2832 rituum
1162 2771 1328 2850 dispositio.
1384 2771 1458 2833 Nam
1488 2773 1576 2834 etiam
1604 2773 1633 2834 in
1662 2773 1742 2852 ipsa,
1773 2774 2015 2855 qualiscumque

631 2872 679 2950 sit,
702 2870 949 2948 dissimilitudine,
974 2871 1078 2932 eadem
1101 2869 1346 2932 animadvertitur
1368 2870 1476 2953 rebgio
1500 2871 1582 2933 circa
1604 2870 1831 2951 Eucharistiam,
1855 2881 2012 2953 utquam

631 2970 844 3033 decentissime
868 2976 1022 3048 tractetur,
1045 2968 1203 3052 nullusque
1226 2971 1264 3032 sit
1294 2969 1507 3052 profanationi,
1531 2970 1754 3054 negligentiae,
1782 2973 1840 3034 imo
1863 2991 1921 3035 nec
1943 2991 2013 3034 su·-

630 3069 800 3150 perstitioni
823 3068 916 3131 locus.
961 3068 1035 3131 Nam
1059 3088 1125 3131 curn
1149 3088 1188 3130 ex
1210 3089 1322 3132 summa
1351 3088 1426 3151 erga
1449 3069 1672 3133 Sacramentum
1701 3074 1897 3134 veneratione
1927 3074 2012 3152 qui-

631 3168 699 3230 dam
728 3167 890 3250 particulas
923 3168 1145 3233 Eucharisticas
1173 3177 1348 3246 servarent,
1384 3178 1415 3232 et
1445 3171 1475 3231 in
1504 3187 1687 3252 pergamena
1716 3171 1819 3232 clrurta
1850 3189 1889 3233 ex
1919 3171 2009 3234 collo

632 3268 838 3349 appenderent
860 3285 927 3331 cum
951 3287 1041 3331 cruce
1065 3276 1094 3330 et
1116 3268 1268 3348 reliquiis,
1298 3276 1348 3332 aut
1377 3271 1407 3330 ιιι
1438 3268 1583 3331 cubiculis
1611 3269 1648 3331 ad
1680 3270 1800 3332 tutelam
1829 3279 2007 3346 servarent,

631 3368 811 3449 prohibitum
834 3366 862 3429 id
886 3366 940 3430 luit
967 3368 1022 3430 sub
1047 3369 1363 3432 excommunicationis
1387 3385 1497 3449 poena,
1522 3369 1552 3430 in
1574 3369 1682 3431 eodem
1704 3368 1927 3433 Nomocanoue.

329 3490 470 3556 singularia
485 3492 618 3562 disciptinae
716 3467 749 3528 ln
777 3466 914 3530 Ecclesia
944 3467 1150 3529 Alexandrina
1186 3487 1204 3530 a
1233 3467 1331 3531 multis
1357 3467 1419 3548 jam
1449 3468 1578 3530 saeculis
1607 3467 1794 3530 Eucharistia
1822 3488 1883 3532 non
1912 3469 2009 3532 datur

309 3577 526 3634 deuteromium
547 3567 661 3634 conr-in
683 3585 802 3630 manum
824 3566 1120 3644 communicantibus,
1144 3567 1229 3648 cujus
1258 3565 1483 3630 consuetudinis
1505 3567 1650 3629 rationem
1673 3569 1826 3649 mysticam
1849 3569 2008 3648 quaesivit

311 3665 463 3718 montonem.
631 3666 752 3731 Gabriel
774 3667 945 3728 Patriarcba
967 3665 998 3728 in
1020 3667 1084 3728 istis
1109 3665 1219 3729 Cbristi
1248 3665 1285 3729 ad
1312 3666 1435 3728 blariam
1464 3663 1673 3747 Magdalenam
1701 3667 1818 3742 verbis,
1853 3667 1924 3730 Noli
1952 3685 2008 3730 me

630 3776 762 3848 touque.
816 3765 1032 3846 simpliciorem
1071 3767 1190 3828 omnino
1234 3766 1445 3846 verioremque
1480 3783 1549 3828 esse
1584 3766 1786 3828 existimamus
1828 3783 1931 3846 parem
1968 3768 2011 3828 ira

631 3867 748 3929 Graeca
771 3865 971 3946 disciplinam,
999 3865 1111 3945 inqua
1140 3863 1307 3927 cochlearis
1336 3882 1408 3926 usus
1444 3865 1592 3944 antiquam
1623 3863 1747 3927 lormam
1775 3864 2008 3928 distribuendae

630 3965 844 4028 communionis
867 3963 1010 4042 abolevit,
1034 3964 1085 4044 qui
1107 3962 1216 4026 diutius
1247 3963 1277 4024 in
1301 3961 1434 4044 Syriacis
1457 3963 1602 4026 Ecclesiis
1625 3964 1843 4045 perseveravit,
1868 3967 1925 4028 etsi
1948 3963 2007 4028 ubi

630 4065 724 4145 major
745 4063 824 4126 foret
848 4065 1125 4125 communicantium
1148 4082 1309 4142 numerus,
1338 4064 1476 4126 intinctas
1509 4065 1568 4145 ipsi
1596 4080 1717 4146 quoque
1748 4063 1909 4145 particulas
1941 4081 2006 4126 co-

630 4162 743 4224 chleari
764 4163 917 4243 praebitas
941 4164 1080 4244 accipere
1103 4163 1247 4226 solerent.
1272 4162 1514 4227 testistacobus
1527 4164 1700 4227 Edessenus
1723 4171 1812 4244 atque
1835 4163 1894 4242 alii,
1917 4182 2007 4246 quo-

629 4280 695 4324 rum
722 4263 890 4324 sententiae
912 4262 1083 4325 reseruntur
1105 4264 1134 4324 in
1159 4262 1380 4326 Nomocanoue.

718 4361 806 4425 Circa
844 4379 1007 4443 puerorum
1050 4369 1140 4442 atque
1175 4363 1310 4443 ipsorum
1345 4361 1498 4425 infantium
1534 4363 1770 4425 communionem
1807 4363 1846 4426 ιιι
1877 4360 2004 4426 Gabriel

632 4460 780 4542 praecipit
803 4462 833 4522 in
855 4459 964 4524 Rituali
986 4479 1052 4524 suo.
1093 4460 1224 4524 Dabitur
1244 4469 1358 4524 tonatm
1380 4462 1547 4524 communio
1569 4464 1599 4524 ιι·
1619 4464 1671 4542 qui
1683 4465 1752 4541 jam
1774 4463 1862 4524 edere
1880 4471 2006 4541 pateat:

633 4567 666 4622 at
686 4578 760 4622 cero
778 4558 862 4637 flenti
882 4570 912 4623 et
931 4561 1052 4622 nroleate
1074 4579 1107 4622 se
1128 4561 1260 4635 babenti,
1283 4561 1436 4624 Sacerdos
1453 4581 1597 4623 summan
1619 4562 1743 4641 diqitmn
1757 4563 1887 4624 indicem
1908 4564 2011 4641 umet

632 4659 777 4738 sanquine
803 4662 955 4738 pretioso:
983 4679 1056 4721 moe
1078 4661 1209 4739 imponet
1234 4664 1367 4740 corpori,
1390 4663 1498 4722 deiude
1519 4662 1643 4741 diuitum
1664 4662 1801 4724 imminet
1826 4663 1858 4722 in
1886 4679 1922 4723 os
1947 4663 2008 4722 in·-

630 4757 736 4836 fantis,
760 4761 811 4820 oui
831 4762 933 4822 statim
956 4779 1035 4840 aqua
1058 4760 1187 4822 bibenda
1205 4759 1409 4841 praebebitur.
1460 4760 1506 4821 lle
1529 4760 1587 4822 boc
1609 4759 1667 4822 ritu
1697 4767 1790 4822 testes
1819 4766 1889 4822 sunt
1918 4756 2007 4820 multi

632 4855 853 4919 ltinerarionnn
883 4861 1065 4940 scriptores,
1095 4866 1125 4922 et
1155 4859 1193 4921 de
1216 4859 1353 4921 Ecclesia
1380 4859 1584 4922 Alexandrina
1614 4859 1653 4920 ita
1682 4859 1787 4921 scribit
1808 4857 2002 4922 Vanslebius.

633 4955 762 5017 Videant
785 4958 835 5037 qui
858 4963 916 5018 tarn
938 4958 1036 5021 multis
1059 4956 1204 5020 adversus
1228 4956 1393 5020 Ecclesiam
1416 4957 1577 5022 Romanam
1605 4957 1771 5021 declamant
1793 4961 1873 5021 circa
1895 4957 1999 5020 calicis

632 5054 887 5134 subtractionem,
919 5074 956 5118 an
979 5075 1019 5120 ex
1042 5075 1147 5120 eoram
1176 5074 1271 5120 sensu
1298 5057 1374 5122 istae
1396 5074 1576 5139 puerorum,
1607 5065 1636 5120 et
1668 5057 1744 5121 aliae
1771 5075 1846 5139 quas
1877 5056 2002 5120 descri-
