4680 6044
623 621 676 698 AD
693 619 900 698 itionum
917 617 1110 696 ooriiotn
1127 618 1157 695 S.
1175 618 1319 695 institi
1578 615 1654 688 227

206 791 211 799 ¹
289 807 434 892 adjunctis
458 804 611 888 precibus,
633 805 814 886 praesertim
836 803 1031 866 invocatione
1055 802 1182 883 Spiritus
1206 801 1313 879 sancti,
1336 801 1554 864 Eucharistiam
1577 817 1657 865 con-

289 906 411 970 secrari.
434 905 517 967 lllius
538 903 715 967 sententiam
737 902 913 984 lmperator,
935 902 1051 982 ioseph
1073 900 1254 978 Patriarcha,
1279 908 1309 962 et
1330 900 1489 981 Episcopi,
1519 917 1576 961 sex
1598 918 1657 962 ex-

290 1007 395 1088 eeptis,
418 1021 522 1068 ornnes
545 1002 760 1084 probaverunt,
783 1020 842 1062 nec
863 999 901 1062 ab
925 1019 961 1063 ea
983 1001 1072 1064 avelli
1089 1007 1261 1080 potuerunt.
1284 998 1391 1062 institit
1414 998 1655 1076 rurrecremau,

289 1113 322 1168 at
343 1103 514 1167 Definitioni
536 1100 678 1183 synodali
712 1099 894 1184 adjiceretur
924 1108 1065 1178 quantum
1093 1099 1166 1162 satis
1189 1106 1287 1175 esset,
1317 1106 1365 1177 ut,
1396 1095 1476 1178 quod
1504 1095 1592 1176 pauci
1614 1093 1657 1156 illi

290 1202 415 1266 credere
439 1220 473 1265 se
496 1200 595 1262 testati
617 1199 746 1277 inerant,
769 1197 906 1262 omnibus
930 1207 1069 1279 tanquam
1091 1197 1149 1260 tide
1172 1207 1287 1260 certain
1313 1194 1581 1278 praescriberetur.
1624 1190 1657 1253 ld

290 1303 427 1386 Eugenio
450 1299 584 1363 Pontifici
606 1317 667 1362 non
690 1298 811 1379 placuit,
836 1305 866 1361 et
887 1297 1027 1361 Definitio
1049 1297 1165 1378 absque
1195 1296 1255 1358 ulla
1285 1294 1436 1359 additione
1468 1291 1657 1374 promulgata

291 1409 348 1480 est,
371 1397 539 1480 Graecique
562 1397 600 1460 ad
621 1396 779 1459 Ecclesiae
800 1396 951 1460 Romanae
975 1397 1210 1459 communionem
1233 1395 1365 1476 recepti,
1393 1394 1424 1455 in
1454 1393 1579 1474 patriam
1602 1407 1657 1451 rc-

292 1501 371 1563 versi
396 1505 475 1562 sunt.
520 1495 595 1560 Cum
617 1515 692 1559 vero
715 1497 785 1558 unio
809 1495 906 1558 statim
928 1495 1047 1557 turbata
1070 1494 1186 1573 luisset,
1211 1502 1241 1556 et
1262 1494 1366 1557 Marco
1392 1493 1526 1574 Ephesio
1547 1492 1657 1552 incen-

290 1608 366 1677 tore,
390 1615 456 1659 eam
484 1594 622 1676 plerique
656 1596 851 1676 rejecisseni;
879 1595 960 1657 missi
995 1612 1012 1655 a
1050 1594 1192 1657 Pontillcc
1229 1592 1508 1674 Constantinopolin
1538 1584 1655 1666 Legati,

291 1697 399 1760 nullam
423 1692 547 1766 Graecis
570 1693 608 1756 de
630 1693 683 1755 illo
704 1693 832 1756 articulo
855 1693 936 1756 litem
958 1702 1131 1756 moverunt:
1155 1695 1205 1774 qui
1228 1693 1389 1755 Decretum
1412 1692 1532 1773 seriptis
1555 1689 1656 1765 impu-

290 1801 469 1882 gnaverunt,
492 1793 530 1855 de
553 1809 591 1855 eo
614 1791 739 1854 verbum
761 1809 822 1855 non
844 1791 1002 1855 lecerunt:
1026 1811 1125 1874 neque
1147 1792 1186 1855 de
1208 1793 1305 1854 altero
1328 1791 1365 1853 ad
1387 1791 1551 1866 Armenos,
1575 1780 1656 1867 quod

290 1894 427 1976 plerique
450 1891 599 1973 Theologi
625 1891 771 1954 adversus
799 1909 853 1954 eos
883 1892 1018 1974 allegare
1041 1890 1150 1969 solent,
1182 1890 1342 1972 quidquam
1365 1889 1530 1952 audierunt.
1576 1885 1656 1946 llaec

290 1989 503 2053 cumGraecis
525 1989 697 2053 Florentiae
720 1998 881 2069 transacta,
904 1994 1039 2053 autorum
1062 1991 1229 2070 aequalium
1252 1989 1421 2052 testimonia
1441 1989 1657 2060 demonstrant,

290 2106 350 2151 non
371 2091 480 2167 minus,
503 2107 590 2171 quam
613 2088 689 2151 Acta
712 2089 856 2170 legitima,
880 2089 1021 2171 quidquid
1044 2093 1073 2152 in
1089 2089 1302 2168 Collectaneis,
1326 2106 1403 2169 quae
1417 2087 1536 2169 privati,
1559 2084 1657 2146 Acto-

290 2207 354 2251 rum
377 2189 496 2251 nomine
519 2187 759 2267 publicaverunt,
783 2190 965 2251 contrarium
988 2197 1138 2253 occurrat.

376 2287 429 2350 llla
450 2304 545 2368 porro
569 2288 665 2349 ornnia
689 2304 748 2348 non
771 2288 865 2369 magis
889 2287 1036 2369 Coptitas,
1059 2289 1153 2369 Syros
1177 2296 1207 2350 et
1230 2287 1364 2368 reliquos
1387 2286 1557 2349 Orientales
1581 2300 1655 2363 spe·
1670 2291 1982 2359 tisecdispuutioorien-

290 2394 370 2450 ctant
392 2405 480 2468 quam
502 2387 576 2448 alias
598 2385 770 2464 Ecclesias,
801 2405 877 2466 quae
908 2387 1018 2450 nullam
1047 2406 1114 2450 curn
1145 2387 1269 2450 Graecis
1292 2385 1530 2449 communionem
1560 2383 1656 2446 habe·
1670 2377 1762 2430 ¹⁸¹⁵b¹¹⁸
1780 2379 1869 2446 58⁰⁰ss
1886 2379 1940 2429 ¹⁰³⁸·

289 2487 369 2549 hant.
391 2486 466 2548 Nam
490 2485 649 2547 Decretum
673 2484 709 2547 ad
726 2484 893 2563 Armenios,
918 2495 949 2549 ct
969 2486 1050 2549 aliud
1072 2486 1111 2550 ad
1137 2487 1307 2564 tacebitne,
1337 2503 1415 2567 quae
1443 2486 1543 2548 soluto
1572 2483 1658 2547 Con-

291 2585 359 2648 cilio
381 2585 561 2663 factasunt,
585 2583 621 2646 ad
645 2581 779 2646 Graecos
802 2585 1004 2664 pertinebunt,
1028 2604 1095 2648 cuin
1119 2585 1227 2649 Graeci
1249 2593 1352 2664 erunt,
1376 2601 1437 2647 non
1460 2583 1586 2646 Armem
1608 2590 1659 2644 aut

290 2684 456 2748 Jacobitae.
480 2683 554 2747 Cum
577 2683 669 2765 igitur
691 2683 772 2745 nulla
795 2686 833 2746 sit
855 2681 978 2747 Graecis
1001 2703 1068 2746 curn
1091 2684 1293 2747 Orientalibus
1315 2682 1380 2746 aliis
1395 2682 1465 2746 fidei
1485 2699 1660 2744 sacrorum-

291 2801 351 2864 que
381 2783 566 2860 communio,
602 2781 740 2844 haeresin
770 2781 971 2860 Graecorum,
1007 2800 1212 2864 quaecumque
1248 2782 1368 2846 tandem
1400 2783 1456 2860 sit,
1488 2779 1659 2844 Orientales
1779 2857 1781 2867 Ι

290 2897 417 2962 prorsus
439 2883 668 2962 ignoraverunt,
692 2899 791 2962 neque
814 2883 840 2944 si
863 2882 934 2963 quid
957 2881 1129 2962 Cabasilas,
1158 2891 1209 2945 aut
1229 2881 1349 2946 Marcus
1372 2880 1521 2962 Ephesius
1544 2896 1660 2959 perpe-

289 2998 354 3043 ram
377 2979 415 3043 de
438 2981 671 3044 consecratoriis
693 2981 796 3042 verbis
819 2983 1022 3062 scripserunt,
1053 2981 1151 3044 fraudi
1181 2981 1246 3044 aliis
1277 2999 1346 3044 esse
1375 2979 1477 3044 debet.
1521 2979 1661 3042 Retinent

290 3080 523 3143 vetustissimam
544 3079 750 3142 Ecclesiarum
772 3098 893 3142 suarum
910 3079 1114 3143 traditionem
1136 3081 1166 3143 in
1188 3080 1343 3144 recitanda
1354 3080 1557 3154 lnvocatione,
1571 3094 1660 3158 quam

291 3179 328 3242 ab
351 3177 527 3242 orthodoxa
551 3177 667 3241 Graeca
689 3179 827 3242 Ecclesia
851 3189 1048 3261 acceperant,
1082 3188 1112 3243 et
1141 3198 1218 3260 quae
1248 3179 1285 3242 ab
1315 3178 1373 3242 illis
1401 3177 1569 3241 introducta
1599 3194 1659 3239 non

291 3276 355 3339 luit.
399 3277 446 3341 De
468 3276 546 3340 illius
568 3277 786 3360 significatione
809 3278 890 3341 nulla
912 3279 991 3342 inter
1013 3296 1067 3342 eos
1090 3281 1297 3342 controversia
1325 3279 1396 3357 luit,
1427 3285 1477 3340 aut
1507 3295 1576 3340 esse
1599 3295 1661 3357 po-

290 3377 360 3439 tnit:
384 3394 453 3439 nam
475 3377 667 3459 quaestiones
692 3377 892 3461 Theologicas
923 3377 961 3440 de
985 3387 1134 3441 momento
1163 3379 1399 3442 consecrationis
1429 3375 1604 3458 perlectae,
1628 3383 1659 3438 et

290 3476 403 3538 similes
426 3475 499 3538 alias
522 3475 601 3556 apud
623 3493 680 3539 nos
702 3483 798 3552 natas,
828 3494 949 3557 semper
971 3478 1207 3560 ignoraverunt:
1242 3484 1272 3538 et
1293 3477 1429 3538 adoratio
1452 3473 1659 3538 Eucharistiae

292 3575 371 3658 apud
394 3591 448 3636 eos
472 3574 537 3636 lieri
558 3573 647 3652 solet,
671 3592 731 3636 non
753 3583 823 3655 post
845 3578 1042 3655 pronunciata
1066 3575 1179 3639 Christi
1200 3575 1315 3654 verba,
1343 3572 1398 3637 sed
1422 3592 1488 3636 cum
1512 3573 1659 3637 inclama·
1752 3627 1753 3630 ,

291 3682 350 3748 tur,
372 3673 488 3736 Sancta
510 3672 641 3749 Sanctis,
664 3681 694 3735 et
717 3681 788 3734 tunc
810 3671 963 3737 invocatio
986 3675 1064 3737 dieta
1088 3682 1144 3738 est.

380 3771 418 3834 Ut
441 3770 519 3834 illam
542 3790 616 3835 vero
639 3771 826 3836 subtiliorem
850 3775 1070 3854 quaestionem,
1098 3776 1139 3837 ita
1166 3773 1301 3870 peliqnas
1329 3789 1434 3834 omnes
1457 3770 1658 3851 theologicas
1691 3787 1775 3842 Verba
1794 3789 1983 3853 simpliciterne

293 3871 331 3935 de
353 3871 554 3937 sacramentis
577 3873 732 3948 nesciunt3
756 3879 787 3935 ει
809 3875 962 3937 orationes
988 3871 1146 3936 Ecclesiae
1174 3873 1348 3952 simpliciter
1376 3870 1562 3952 intelligunt:
1587 3888 1688 3932 ere-a
1713 3874 1852 3940 maioribus
1878 3881 1984 3939 accept·

292 3970 398 4034 dentes
420 3969 520 4046 modo,
542 3987 603 4033 non
626 3988 716 4034 orare
739 3970 850 4034 trustra
872 3972 1050 4050 Ecclesiam,
1073 3980 1104 4034 et
1127 3991 1166 4035 ex
1184 3972 1295 4034 Christi
1317 3971 1466 4052 promisso
1480 3970 1565 4048 ellici,
1582 3988 1660 4051 quae
1673 3960 1827 4029 intelligunt.

293 4087 310 4131 a
332 4070 398 4132 Deo
420 4069 619 4150 postulantur,
642 4069 679 4132 ad
702 4073 962 4134 consecrationem
984 4072 1209 4135 elementorum.
1233 4071 1335 4134 Verba
1351 4069 1461 4133 Christi
1482 4069 1600 4132 Domini
1622 4068 1660 4132 ad

293 4187 359 4231 eam
386 4167 600 4248 perficiendam
628 4171 802 4232 necessaria
831 4171 1015 4250 existimant,
1051 4179 1082 4234 et
1110 4172 1259 4234 habentur
1287 4172 1317 4232 in
1351 4168 1487 4233 omnibus
1517 4168 1660 4251 Litargiis

293 4266 517 4343 Alexandrinis,
541 4264 664 4330 Graecis
688 4275 719 4331 et
742 4267 885 4349 Coptieis.
930 4269 976 4331 De
999 4269 1131 4350 Syriacis
1154 4271 1249 4332 trihus
1280 4270 1309 4332 in
1333 4267 1439 4349 quibus
1462 4268 1587 4346 desunt,
1612 4267 1660 4330 di-

292 4385 394 4430 cemus
417 4367 447 4428 in
469 4367 550 4428 notis
572 4367 608 4428 ad
631 4366 738 4431 Jacobl
759 4368 942 4451 liturgiam,
970 4386 1070 4450 neque
1093 4389 1134 4432 ex
1155 4370 1213 4432 illis
1236 4367 1409 4446 reformari,
1440 4376 1491 4429 aut
1513 4367 1659 4447 explicari

292 4464 403 4529 debent
426 4484 530 4529 omnes
552 4465 639 4542 aliae,
663 4485 730 4529 cum
753 4469 940 4529 recentiores
963 4469 1031 4547 sint,
1056 4476 1086 4531 et
1109 4469 1216 4551 culpae
1238 4469 1338 4549 potius
1360 4467 1550 4529 librariorum
1573 4485 1661 4547 quam

293 4572 378 4628 certo
402 4563 544 4640 consilio,
575 4563 735 4628 discrimen
762 4565 833 4628 illud
863 4566 982 4647 insigne
1012 4586 1029 4629 a
1057 4568 1181 4648 reliquis
1210 4567 1346 4629 omnibus
1376 4565 1518 4648 Liturgiis
1541 4565 1662 4627 adscri-

291 4663 422 4727 bendum
444 4661 590 4726 videatur.
634 4655 820 4728 lnvoc'ationi
842 4666 982 4727 virtutem
1011 4666 1169 4729 maximam
1191 4665 1342 4742 tribuunt;
1371 4672 1598 4742 verumtamen,
1621 4664 1661 4725 ita

292 4772 325 4825 ut
347 4780 447 4843 neque
470 4779 509 4823 ex
530 4761 692 4844 liturgicis
715 4762 834 4842 Officiis,
858 4782 958 4845 neque
981 4783 1021 4826 ex
1043 4764 1161 4827 illorum
1184 4763 1409 4846 expositoribus
1432 4763 1554 4844 probari
1582 4781 1661 4844 pos-

293 4863 341 4941 sit,
364 4879 421 4942 ρει
443 4879 508 4923 eam
530 4861 624 4923 solam
637 4863 915 4940 mutarielemcnta,
938 4871 998 4942 aut,
1021 4872 1180 4944 antequam
1195 4863 1391 4946 pronunciata
1406 4864 1456 4940 sit,
1468 4863 1661 4926 mutationem

292 4960 421 5023 nondum
445 4979 514 5024 esse
537 4961 655 5026 iactam.
699 4961 733 5024 ln
756 4963 842 5026 istius
865 4962 967 5025 Basilii
990 4962 1135 5044 Copticae
1158 4963 1312 5046 Litargiae
1339 4963 1444 5044 primis
1467 4963 1663 5038 orationibus,

294 5061 425 5122 occurrit
453 5077 511 5122 una
546 5063 576 5123 in
605 5080 663 5142 qua
698 5071 802 5125 oratur
831 5061 933 5140 Deus,
970 5068 1003 5123 ut
1033 5062 1207 5142 benedicat,
1239 5070 1410 5140 consecret,
1441 5061 1665 5142 nomsmtqac

346 5181 463 5228 rammi
1406 5165 1456 5238 45
