4760 6038
928 585 978 662 un
995 583 1137 662 uuam
1155 580 1327 658 corvum
1589 671 1590 676 q
1707 574 1814 649 cnm
1942 589 1946 596 ·

447 773 684 865 inscribuntur,
711 773 797 846 adeo
822 770 991 845 Arabibus
1017 773 1124 864 ignoti
1149 769 1301 859 luerunt,
1327 777 1363 840 ut
1387 791 1430 840 ne
1451 767 1581 864 quidem
1601 767 1715 840 literas
1737 787 1813 838 esse

448 894 653 966 intellexisse
679 887 862 963 videantur.
915 888 1003 980 Alii,
1031 887 1145 981 quales
1171 885 1262 956 multi
1288 895 1466 959 occurrunt
1497 887 1531 955 in
1560 883 1652 958 libris
1688 905 1814 956 recen-

448 1009 602 1099 tioribus,
641 1017 675 1079 et
706 1005 824 1102 quibus
859 1009 1042 1077 incantatus
1078 1001 1182 1076 luisse
1217 1001 1347 1074 videtur
1380 1001 1580 1092 Kircberus,
1621 1024 1667 1072 ex
1697 1022 1812 1072 eorum

448 1148 574 1220 genere
601 1133 677 1197 sunt
703 1125 759 1218 qui
783 1126 818 1194 in
843 1121 959 1214 liguris
985 1118 1216 1220 'l'alismanicis
1244 1117 1456 1208 adhibentur,
1481 1116 1585 1189 fictitii
1610 1116 1759 1212 plerique
1780 1124 1814 1186 et

447 1251 616 1330 recentes,
644 1261 718 1312 cum
745 1240 961 1333 antiquissimi
989 1237 1132 1307 omnium
1160 1236 1241 1323 sint,
1268 1238 1334 1328 qui'
1349 1235 1489 1326 gemmis
1522 1244 1577 1304 aut
1602 1231 1730 1303 laminis
1757 1233 1814 1300 in-

449 1357 651 1445 scribuntur,
679 1365 713 1426 et
737 1354 784 1426 illi
808 1362 844 1424 ut
869 1352 1043 1448 plurimum
1069 1372 1136 1422 non
1161 1359 1314 1422 veterum
1338 1352 1601 1444 Aegyptiorum,
1629 1347 1688 1420 sed
1709 1348 1813 1420 Basi-

448 1473 641 1545 lidianorum
659 1480 742 1544 sunt.
796 1472 832 1543 ln
859 1469 908 1542 his
925 1467 1121 1566 '‘sisipobae,
1148 1463 1228 1556 ἰάω,
1249 1467 1400 1562 paoem,
1427 1475 1462 1536 et
1489 1464 1553 1536 alia
1578 1467 1650 1557 ejus
1678 1449 1811 1557 generis

449 1587 590 1662 barbara
622 1589 771 1676 nomina,
806 1587 1072 1680 superstitionem
1105 1583 1292 1676 significant
1322 1583 1536 1678 Aegyptiace
1571 1583 1679 1654 veteri
1712 1581 1814 1672 longe

449 1707 678 1776 recentiorem.
731 1700 909 1775 Obeliscos
936 1721 978 1770 an
1009 1709 1103 1771 recte
1136 1698 1358 1795 explicaverit
1390 1696 1536 1792 Oedipus
1569 1698 1815 1792 Aegyptiacus,
1860 1713 1890 1764 n.
1907 1713 1948 1764 17.
1963 1731 1989 1782 p.
2008 1714 2066 1765 rer.
2085 1713 2135 1765 nr.

449 1824 667 1892 nesciremus
693 1816 835 1888 latemur
860 1819 1022 1908 ingenue,
1049 1817 1201 1910 quamvis
1229 1815 1402 1888 admodum
1430 1813 1560 1886 difficile
1587 1817 1758 1909 quisquam
1781 1817 1815 1884 in
1831 1799 1912 1850 Μ’*

450 1941 590 2008 animum
615 1933 767 2022 inducat,
795 1928 1058 2004 Constantiniani
1083 1934 1331 2026 inscriptionem
1361 1930 1478 2002 melius
1505 1928 1546 2000 ab
1565 1928 1726 2002 llirchero
1757 1933 1814 2000 in-

449 2058 661 2148 terpretatam
686 2047 810 2139 fuisse,
845 2071 942 2144 quam
970 2047 1012 2120 ab
1040 2046 1265 2142 Hermapione
1298 2047 1460 2142 quodam,
1495 2048 1589 2137 cujus
1622 2049 1814 2119 versionem

451 2166 579 2242 Graece
626 2165 786 2239 historiae
819 2185 900 2237 suae
932 2166 1069 2236 inseruit
1102 2165 1297 2237 Ammianus
1337 2161 1559 2235 Marcellinus.
1620 2161 1745 2234 Verum
1786 2166 1815 2236 si

448 2280 575 2355 felicius
607 2280 769 2358 Kircbero
806 2283 993 2368 successit,
1032 2301 1154 2372 magna
1188 2301 1328 2377 prorsus
1368 2283 1400 2352 ei
1443 2278 1515 2352 laus
1550 2275 1706 2369 debetur,
1749 2301 1815 2351 non

450 2397 610 2496 Copticae
636 2398 770 2491 liuguae
797 2405 853 2468 aut
877 2395 1034 2471 Arabicis
1061 2397 1297 2492 scriptoribus,
1324 2399 1357 2467 iu
1379 2394 1497 2491 quibus
1511 2393 1708 2490 praesidium
1725 2416 1816 2467 nan-

452 2519 531 2588 cisci
556 2514 680 2587 nullum
704 2516 826 2610 potuit,
854 2522 891 2585 ut
910 2535 992 2587 sane
1013 2511 1122 2586 nullos
1140 2513 1301 2609 appellat,
1328 2523 1463 2608 praeter
1479 2509 1676 2582 Barachiam
1695 2533 1816 2606 quem-

452 2631 523 2704 dam
537 2629 705 2721 Abeneii,
731 2631 914 2722 Judaeum,
940 2640 976 2702 ut
996 2630 1147 2718 videtur,
1175 2633 1438 2725 superstitiosum
1456 2639 1489 2700 et
1510 2627 1694 2716 indoctum,
1723 2629 1816 2720 cujus

454 2748 538 2846 apud
564 2747 686 2818 nullmn
713 2748 851 2839 alicujus
877 2749 1020 2819 nominis
1047 2756 1197 2818 autorem
1224 2751 1369 2820 occurrit
1394 2749 1564 2818 memoria.

552 2862 651 2948 Quod
678 2872 787 2935 autem
812 2863 910 2936 lsaac
926 2862 1070 2936 Vossius
1096 2865 1151 2934 vir
1177 2862 1407 2954 doctissimus,
1434 2886 1509 2934 cum
1536 2862 1577 2935 ab
1595 2861 1817 2936 Orientalibus
1864 2865 1948 2920 Vosm
1962 2864 2094 2932 juratum.

332 3021 343 3032 -
450 2981 552 3054 literis
578 2981 759 3076 imparatus
787 2989 893 3070 esset,
926 2979 968 3050 de
996 2975 1136 3075 Coptica
1171 2976 1283 3072 lingua
1306 2979 1464 3072 judicium
1490 2983 1686 3076 interposuit
1712 3002 1816 3067 suum,

450 3119 565 3194 parum
591 3094 701 3168 lamae
727 3117 810 3168 suae
836 3095 1008 3168 consuluit.
1036 3095 1121 3167 Nam
1150 3095 1238 3190 quod
1264 3119 1310 3168 ex
1328 3094 1608 3191 Liby-Arabum,
1635 3095 1817 3192 autLiby-

450 3215 696 3310 Aegyptiorum
723 3210 915 3286 colluvione
939 3222 1051 3285 natam
1077 3216 1122 3285 ait
1145 3211 1235 3284 illam
1261 3235 1358 3303 esse,
1386 3213 1427 3284 ab
1451 3213 1517 3316 alio
1539 3211 1639 3285 scribi
1659 3234 1726 3285 non
1747 3235 1817 3309 po-

450 3331 528 3417 tuit,
556 3351 654 3422 quam
681 3331 736 3423 qui
761 3330 996 3424 Aegyptiacae
1023 3338 1057 3400 et
1081 3327 1250 3403 Arabicae
1283 3351 1389 3423 aeque
1423 3333 1592 3424 imperitus
1629 3340 1729 3402 esset.
1781 3327 1819 3399 ln

449 3448 553 3540 prima
580 3445 667 3514 enim
700 3465 744 3514 ne
769 3443 929 3538 particula
964 3442 1111 3539 quidem,
1149 3456 1205 3516 aut
1231 3444 1298 3517 ulla
1323 3467 1396 3517 vox
1427 3446 1575 3519 Arabica
1606 3455 1718 3541 potest
1750 3445 1816 3516 de-

451 3558 627 3658 prehendi;
654 3558 740 3631 adeo
766 3570 802 3630 ut
828 3583 903 3632 cum
928 3563 960 3632 in
985 3561 1169 3654 Prodromo
1196 3560 1375 3634 Kircberus
1401 3583 1507 3634 voces
1534 3585 1581 3633 ex
1603 3563 1675 3636 aliis
1695 3562 1817 3655 linguis

451 3678 696 3773 quaesivisset,
721 3677 813 3770 quae
831 3677 1065 3773 Aegyptiacae
1092 3675 1235 3772 aliquam
1261 3678 1447 3750 allinitatem
1464 3679 1692 3774 praeferrent,
1718 3681 1816 3754 Ara-

451 3793 544 3866 bicas
563 3801 702 3888 quatuor
719 3791 892 3866 admodum
913 3796 1057 3888 reperit,
1085 3815 1221 3889 quarum
1243 3792 1332 3865 mdla
1350 3792 1497 3867 Arabica
1521 3805 1591 3886 est,
1619 3797 1678 3870 sed
1701 3818 1817 3869 omnes

453 3908 605 3981 Graecae
632 3908 675 3980 ab
702 3906 871 3984 Arabibus
898 3917 1085 4006 usurpatae.
1118 3907 1307 3983 Verborum
1334 3920 1368 3982 et
1393 3915 1561 3984 nominum
1579 3911 1713 3986 inflexio
1732 3914 1818 4011 apud

453 4022 601 4122 Coptitas
633 4033 806 4122 tantopere
833 4050 854 4098 a
881 4024 1013 4098 Graeca
1039 4026 1174 4099 diversa
1209 4037 1277 4117 est,
1316 4036 1353 4097 ut
1377 4026 1553 4100 Theotisca
1586 4027 1642 4102 vel
1678 4035 1817 4125 quaevis

453 4141 533 4233 aba,
559 4163 627 4214 nou
653 4144 760 4234 magis
787 4127 946 4214 differant.

553 4255 830 4356 Liby-Aegyptii
862 4257 909 4330 illi
942 4257 1128 4354 dequibus
1165 4270 1231 4332 tam
1266 4258 1468 4332 confidenter
1494 4261 1639 4337 Vossius
1661 4263 1816 4358 loquitur,
1856 4281 1992 4348 tropeum
2006 4277 2139 4332 suttune-

452 4373 529 4446 nulli
554 4396 697 4469 unquam
723 4374 863 4447 buerunt.
917 4376 1046 4471 Quippe
1081 4379 1191 4449 statim
1225 4375 1266 4448 ab
1300 4377 1460 4473 Aegypto
1495 4377 1651 4469 subacta,
1683 4379 1817 4452 Arabes
1830 4376 1896 4422 ‘¹¹¹¹‘

431 4489 681 4562 “Muhamedani
701 4513 806 4586 usque
827 4495 860 4562 in
882 4502 1051 4565 extremas
1066 4495 1258 4587 provincias
1272 4501 1548 4587 penetraverunt,
1565 4516 1674 4590 neque
1689 4496 1817 4593 Aegy-

452 4609 528 4700 ptiis
555 4606 741 4698 indigenis,
766 4608 823 4679 vel
848 4606 1006 4680 urbecula
1032 4613 1210 4700 remansit,
1238 4632 1323 4703 quae
1351 4614 1450 4682 armis
1473 4621 1635 4708 occupata
1649 4634 1717 4684 non
1736 4613 1818 4685 iue-

451 4724 516 4795 rit:
543 4722 634 4794 multi
661 4722 703 4794 ad
729 4722 1002 4796 Muhamedanam
1028 4727 1227 4820 impietatem
1255 4724 1464 4816 defecerunt,
1501 4737 1534 4799 et
1565 4731 1651 4798 inter
1682 4728 1817 4802 Arabes

453 4840 584 4910 censeri
612 4849 803 4935 coeperunt.
857 4839 930 4912 Soli
957 4837 1132 4913 Christiani
1157 4840 1302 4933 linguam
1328 4864 1401 4914 cum
1429 4845 1518 4915 avita
1546 4843 1710 4937 religione
1737 4866 1816 4920 ser-

454 4965 637 5045 vaverunt,
663 4959 837 5051 magisque
862 4959 896 5027 in
921 4956 1093 5029 Thebaide
1120 4956 1418 5053 remotioribusque
1444 4959 1599 5052 urbibuS,
1627 4973 1660 5033 et
1685 4967 1718 5033 in
1735 4960 1817 5033 Mo-

451 5073 607 5144 nasteriis
622 5071 721 5146 sedes
738 5074 982 5167 quaesiverunt.
1008 5073 1080 5147 lllic
1095 5095 1162 5146 uon
1178 5072 1219 5145 ab
1235 5076 1307 5147 istis
1321 5073 1615 5174 Liby-Aegyptiis
1628 5078 1816 5169 Vossianis,

483 5208 597 5253 ramnes.
1563 5193 1609 5265 15
