4670 6046
671 571 711 648 Ill
737 570 943 650 LlTURGhlll
969 569 1207 650 attactus.
1233 571 1378 648 Btstttt
1629 571 1702 646 317

338 755 478 837 exemplo
507 753 679 819 celebratur
710 755 854 819 memoria
883 757 988 818 mortis
1018 754 1144 818 Domini.
1190 755 1230 818 At
1257 753 1329 818 nihil
1358 754 1455 838 magis
1482 754 1634 820 diversum
1657 763 1704 820 est

338 854 375 918 ab
405 853 455 916 illa
483 855 601 917 actione
623 854 770 937 religiosa
791 871 846 917 seu
867 847 1002 941 λατρείᾳ
1024 851 1144 939 λογικῇ,
1174 872 1262 935 quam
1290 861 1333 916 tot
1360 853 1590 918 Protestantium
1620 852 1706 917 Coe-

337 971 412 1031 nae,
433 971 533 1035 neque
555 954 633 1016 inter
655 973 708 1034 se,
730 972 829 1036 neque
852 971 918 1017 cum
940 953 1054 1018 veteris
1074 953 1230 1018 Ecclesiae
1252 971 1338 1016 more
1361 955 1603 1020 consentientes:
1636 972 1703 1016 cum

340 1071 444 1117 omnes
466 1051 621 1135 Liturgiae
643 1052 814 1117 orientales
837 1061 868 1116 et
890 1052 1101 1116 Occidentales
1124 1061 1263 1117 constent
1284 1053 1426 1134 precihus
1449 1054 1574 1116 maxime
1598 1052 1705 1116 simili-

335 1155 412 1233 ·hus,
436 1154 467 1215 in
488 1169 635 1234 unamque
657 1153 837 1216 seutentiam
859 1153 1114 1233 conspirantibus:
1137 1153 1242 1216 ritihus
1265 1153 1315 1233 qui
1339 1151 1377 1216 ad
1398 1169 1486 1215 uuam
1507 1153 1704 1234 eamdemque

339 1267 457 1313 sacram
479 1251 629 1314 actionem
651 1251 840 1334 referuntur,
864 1256 975 1334 quique
1002 1253 1136 1335 exceptis
1163 1252 1238 1330 illis,
1271 1251 1322 1332 qui
1353 1251 1390 1314 ad
1420 1252 1564 1315 honorem
1593 1251 1706 1316 Sacra-

339 1351 430 1413 menti
460 1350 662 1433 decoremque
696 1352 801 1417 domus
833 1352 890 1416 Dei
917 1353 1085 1434 pertinent,
1118 1351 1208 1415 iidem
1238 1351 1358 1413 omnino
1396 1359 1480 1428 sunt,
1511 1352 1705 1433 eamdemque

340 1448 429 1512 fidem
452 1457 482 1512 et
503 1451 644 1532 pietatem
659 1449 834 1516 Christianis
856 1451 1017 1529 inculcant,
1040 1469 1177 1533 quosque
1192 1449 1306 1513 aboleri
1328 1468 1457 1513 necesse
1480 1449 1551 1531 tuit,
1575 1451 1625 1514 ubi
1648 1469 1706 1512 ve-

340 1555 389 1612 tus
412 1548 550 1612 doctrina
571 1550 662 1614 realis
683 1553 873 1632 praesentiae
888 1558 1061 1634 oppugnata
1081 1559 1111 1614 et
1132 1551 1246 1634 rejecta
1262 1557 1320 1629 est,
1341 1550 1410 1631 quia
1433 1549 1512 1612 illam
1530 1551 1705 1614 necessario

340 1639 546 1722 insinuabant(
1383 1653 1388 1662 '

426 1747 587 1812 Orationes
610 1748 686 1811 aliae
710 1749 747 1811 ad
770 1749 904 1813 osculnm
923 1738 1017 1832 ¹pacis
1046 1751 1239 1831 reperiuntur
1259 1749 1298 1832 ⁸in
1328 1745 1440 1812 Codice
1471 1747 1612 1830 Coptica:
1643 1755 1705 1810 tres

340 1864 415 1910 vero
438 1849 568 1929 quaein
592 1847 712 1911 Graeco
733 1857 817 1929 sunt,
840 1867 901 1912 non
924 1867 1028 1913 omnes
1051 1848 1110 1911 dici
1132 1849 1247 1928 solent,
1270 1847 1328 1910 nisi
1351 1847 1389 1909 ad
1411 1847 1525 1910 lihitum
1551 1847 1705 1915 Sacerdo-

339 1947 395 2026 tis,
418 1953 451 2008 ut
474 1947 512 2010 ad
534 1946 606 2010 alias
628 1947 778 2031 Liturgias
800 1956 934 2011 notatum
964 1957 1025 2024 est;
1058 1949 1240 2011 conveniunt
1266 1964 1358 2027 porro
1387 1963 1491 2009 omnes
1513 1947 1544 2009 in
1572 1947 1705 2010 eamdem

341 2047 534 2125 seutentiam,
557 2053 589 2109 ut
613 2045 773 2110 Christiani
796 2047 832 2110 ah
856 2050 935 2111 omni
963 2047 1048 2128 dolo,
1079 2055 1109 2110 et
1136 2039 1334 2131 μνησικακίᾳ
1363 2044 1578 2128 hypocrisique
1606 2046 1705 2124 liberi,

341 2145 494 2209 caritatem
516 2147 666 2208 sinceram
687 2146 719 2209 in
740 2147 926 2228 proximum,
950 2147 1054 2210 osculo
1077 2153 1183 2210 sancto
1205 2131 1363 2209 testentur.

778 2408 900 2480 Oratio
928 2409 1001 2479 atio
1027 2407 1135 2479 oscnti
1158 2409 1267 2502 pacis.

438 2613 553 2693 Exrnr
574 2626 625 2690 illa
647 2628 678 2690 in
701 2626 834 2710 Copticis
856 2647 976 2711 quoque
999 2629 1237 2710 exemplaribus,
1265 2627 1319 2690 sed
1342 2627 1383 2690 ita
1404 2645 1495 2690 versa
1525 2634 1571 2690 est
1600 2646 1616 2690 a
1639 2628 1708 2690 lila-

340 2728 439 2792 ronita
460 2728 646 2807 interprete,
668 2735 700 2789 ut
729 2729 789 2791 vim
811 2730 876 2810 ejus
899 2737 929 2791 ct
958 2725 1135 2792 sententiam
1165 2728 1286 2809 assequi
1316 2725 1432 2790 dillicile
1461 2727 1510 2790 sit.
1555 2726 1599 2788 lta
1629 2729 1708 2791 enim

340 2829 400 2891 illa.
444 2828 565 2891 Dedisti
584 2825 673 2888 achis
693 2827 888 2891 directionem
908 2829 979 2891 Filii
1000 2831 1045 2891 tati
1064 2830 1223 2908 crotperthi,
1251 2835 1281 2890 et
1306 2828 1479 2910 mysterium
1506 2827 1592 2908 huius
1620 2828 1709 2889 ohta»

341 2929 432 2991 aona
453 2926 676 2989 absconditam:
712 2944 789 3008 quae
818 2927 911 3010 longe
933 2927 1044 2990 adeum
1067 2947 1084 2990 a
1105 2945 1179 2990 vera
1200 2927 1287 2990 istius
1310 2926 1453 2990 orationis
1482 2925 1709 3010 significatione.

340 3026 492 3089 Laudatur
513 3025 635 3087 Densa
665 3026 889 3108 magnificentia
917 3025 1130 3091 beneficiorum
1160 3045 1280 3090 suorum
1309 3042 1384 3108 erga
1412 3042 1511 3107 genus
1538 3023 1708 3103 humanum,

342 3126 423 3208 quod
445 3145 481 3189 ea
505 3141 583 3207 quae
606 3126 717 3206 antiqui
739 3126 908 3208 Prophetae
931 3135 961 3190 et
982 3126 1084 3210 Reges
1105 3125 1210 3188 videre
1234 3126 1391 3206 cupierunt
1414 3131 1445 3186 et
1470 3141 1530 3186 non
1557 3124 1707 3204 viderunt,

340 3223 473 3307 parvulis
495 3241 556 3286 non
577 3223 666 3288 modo
681 3225 876 3303 revelaverit,
898 3225 952 3289 sed
968 3226 1122 3289 tractanda
1145 3233 1176 3288 et
1199 3224 1380 3289 celebranda
1402 3223 1566 3286 tradiderit.
1596 3221 1709 3304 Nempe

341 3326 465 3399 mahts,
487 3323 599 3403 inquit,
625 3323 713 3386 noto
735 3331 765 3386 et
785 3324 951 3387 cohibuisti
975 3325 1139 3388 satamrem
1160 3325 1306 3405 onipeniti
1325 3325 1396 3386 Filii
1416 3325 1448 3386 in
1470 3342 1563 3385 carae
1584 3324 1709 3404 dispen-

342 3425 498 3487 sationem,
543 3421 626 3486 llaec
649 3432 696 3486 est
718 3417 899 3504 οἷκονομία,·
919 3443 1006 3506 quam
1028 3443 1135 3488 vocem
1158 3423 1296 3506 Coptitae
1312 3424 1510 3486 retinuerunt.
1555 3420 1629 3484 lllud
1652 3441 1709 3485 so-

319 3553 321 3558 .
344 3522 402 3584 lum
426 3521 604 3585 discriminis
627 3524 874 3587 animadvertitur
895 3525 974 3586 inter
994 3523 1112 3587 illorum
1135 3532 1165 3587 et
1188 3523 1336 3586 Graecum
1359 3522 1509 3601 codicem,
1532 3518 1612 3602 quod
1635 3539 1710 3583 sen-

343 3621 465 3682 tentiam
488 3621 528 3682 ita
550 3621 748 3704 conjungunt,
772 3629 804 3684 ut
826 3621 1012 3704 intelligatur
1033 3621 1140 3685 iactam
1163 3641 1233 3686 esse
1250 3624 1327 3684 hanc
1338 3621 1565 3699 revelationem,
1588 3620 1707 3701 quando

344 3719 480 3782 Christus
502 3721 534 3782 iu
561 3722 650 3784 terris
672 3722 755 3784 visus
784 3730 831 3784 est
859 3729 889 3786 et
918 3740 985 3785 cum
1014 3722 1181 3785 hominihus
1211 3726 1407 3785 conversatus
1435 3728 1496 3783 est:
1529 3727 1600 3782 tunc
1630 3723 1709 3782 enim

347 3816 467 3880 dedisse
489 3819 575 3882 nohis
597 3821 684 3902 taujats
704 3823 852 3902 sacrificii
872 3823 1106 3906 otystapopicm:
1130 3840 1247 3884 sacrum
1258 3820 1374 3883 scilicet
1385 3819 1592 3882 Eucharistiae
1609 3821 1709 3881 sacri-

342 3917 440 3980 licium
470 3919 644 3984 instituisse.
696 3920 728 3983 ld
758 3919 882 4002 Coptica
912 3923 1030 4002 versio,
1065 3921 1180 3984 divisim
1210 3920 1343 3983 Graecus
1377 3927 1476 3983 textus
1507 3919 1592 3999 quasi
1621 3919 1708 3982 simul

342 4016 431 4096 dicta,
454 4019 694 4102 conjunctimque
707 4019 882 4101 accipienda
897 4020 1061 4104 significat:
1085 4019 1233 4083 sententia
1256 4019 1294 4082 ad
1316 4018 1394 4081 idem
1416 4018 1573 4081 redeunte.
1596 4017 1709 4104 Agno-

346 4125 435 4178 scunt
457 4117 550 4200 igitur
570 4137 628 4201 per
653 4120 731 4182 hanc
762 4121 927 4183 orationem
957 4120 1155 4183 Alexandrini
1189 4119 1405 4182 institutionem
1437 4117 1567 4180 dimnam
1596 4116 1708 4181 Sacra-

341 4216 433 4277 menti
461 4217 687 4299 Eucharistiae,
721 4226 753 4282 et
774 4227 935 4301 praeterea
958 4218 1089 4283 latentur
1115 4217 1194 4282 illam
1224 4237 1293 4281 esse
1317 4219 1511 4298 sacrificium,
1542 4235 1639 4298 neque
1669 4219 1708 4282 de

342 4314 548 4398 qualicumque
572 4318 720 4382 sacrificio
744 4319 774 4381 id
795 4326 954 4399 testantur,
978 4319 1033 4382 sed
1049 4318 1086 4381 de
1109 4319 1166 4381 ista
1190 4337 1276 4399 quarn
1293 4316 1460 4397 celebrant,
1481 4307 1706 4400 pvoroymyip;

340 4432 408 4476 nam
431 4433 498 4478 eam
519 4433 626 4479 vocem
648 4421 841 4483 retinuerunt·
860 4417 1008 4500 Coptitae.
1056 4419 1087 4483 Si
1110 4435 1288 4500 quaeramus
1311 4436 1389 4499 quae
1418 4418 1457 4480 sit
1480 4415 1528 4478 illa
1552 4415 1708 4498 Mystcpo-

340 4517 409 4595 pia,
432 4523 464 4578 et
485 4517 544 4596 ipsi
564 4517 785 4598 respondeant,
809 4536 868 4580 non
892 4518 972 4581 aliud
992 4518 1100 4600 procul
1123 4518 1214 4581 dubio
1237 4519 1344 4580 dicturi
1365 4525 1435 4580 sunt
1458 4535 1545 4598 quam
1567 4515 1597 4577 id
1628 4513 1708 4594 quod

341 4614 440 4678 multis
463 4616 563 4679 verbis
587 4618 740 4699 explicant
761 4617 879 4680 illorum
903 4619 1064 4702 Theologi:
1087 4637 1196 4699 nempe
1220 4616 1473 4700 esseLiturgiam
1504 4615 1600 4699 qualis
1629 4617 1707 4697 apud

342 4732 396 4776 eos
419 4715 601 4778 celebratur.
637 4715 771 4780 Credunt
793 4719 884 4801 igitur
906 4717 985 4780 illam
1009 4736 1078 4781 esse
1100 4718 1254 4800 proprium
1268 4735 1361 4781 verae
1374 4717 1452 4801 legis
1464 4716 1652 4796 sacrificium,
1675 4724 1707 4777 ut

340 4832 412 4876 mox
434 4815 602 4896 explicant,
625 4819 656 4878 in
678 4835 736 4898 qao
758 4820 824 4880 cais
846 4825 876 4879 et
895 4819 1061 4880 machaera
1082 4821 1255 4899 spirituales
1276 4825 1359 4896 sont,
1388 4819 1456 4900 quia
1479 4836 1574 4899 agnus
1596 4817 1656 4896 ille,
1679 4817 1705 4878 is

340 4912 407 4995 ipse
431 4918 482 4996 qui
504 4916 582 4979 tollit
603 4925 728 4999 peccata
751 4917 871 4996 mundi,
894 4918 963 4981 licet
985 4937 1078 4999 vere,
1101 4921 1230 5001 mystice
1252 4927 1352 4982 tamen
1373 4918 1556 4993 immolatur,
1577 4917 1636 4980 hoc
1660 4926 1707 4979 est

341 5014 372 5075 in
394 5016 597 5084 Sacramenta.
642 5020 673 5082 Si
696 5020 829 5103 Liturgia
837 5039 846 5097 3
869 5019 959 5082 llissa
983 5037 1103 5101 quoquc
1126 5019 1304 5083 sacrificium
1327 5027 1373 5083 est
1396 5038 1411 5080 a
1436 5017 1556 5081 Christo
1585 5017 1706 5079 institu-

1420 5133 1501 5209 56*
