4670 6046
388 1618 419 1672 P.
439 1617 482 1670 21.
500 1618 516 1670 l.
527 1619 571 1671 25.

379 1839 514 1895 Absolutio
527 1851 585 1895 ante
599 1861 671 1896 corn-

362 1928 518 1982 munionem.

684 572 761 648 242
1159 572 1564 652 COMMENTARIUS

684 758 836 822 Orationis
865 759 1038 823 Dominicae
1068 759 1292 840 expositiones,
1323 757 1434 820 similes
1461 755 1519 820 illis
1549 774 1625 838 quac
1657 765 1760 820 extant
1788 758 1819 819 in
1851 756 2043 824 Semonibus

684 857 859 940 Augustini:
882 859 1034 940 simplices
1057 859 1183 937 scilicet,
1208 865 1238 920 et
1261 859 1329 939 piae
1352 858 1451 937 potius
1473 874 1560 938 quam
1575 855 1787 940 Theologioae.
1834 857 1922 920 Tales
1940 865 2045 920 extant

684 957 716 1020 in
738 956 897 1038 Opusculis
920 959 1026 1022 Severi
1048 957 1327 1035 Ascbmcninensis,
1349 956 1428 1038 apud
1455 955 1667 1034 Ebnassslum,
1691 963 1721 1018 ct
1743 973 1910 1036 anonymae
1931 956 2045 1037 plures.

684 1055 733 1118 Ab
757 1075 792 1119 ca
815 1073 932 1118 omnem
960 1057 1126 1121 orationem
1156 1057 1268 1120 debera
1296 1057 1429 1119 inchoari
1459 1054 1549 1118 docet
1577 1054 1760 1118 Ebnassalus
1795 1055 1989 1137 Theologus,
2016 1056 2045 1116 in

686 1153 844 1234 Principiis
867 1155 936 1218 lidei
960 1175 1025 1237 cap.
1050 1155 1100 1220 13.
1144 1154 1178 1218 ln
1208 1156 1273 1236 ejus
1302 1154 1360 1217 line
1392 1154 1502 1216 addunt
1529 1153 1580 1216 illa
1608 1153 1700 1216 verba
1723 1153 1824 1216 ultima
1846 1171 1923 1235 quae
1945 1160 2046 1216 exunt

685 1253 717 1315 in
740 1253 923 1316 Graecorum
946 1254 1045 1334 libris,
1075 1257 1148 1336 puio
1173 1263 1254 1317 tuum
1276 1262 1321 1317 est
1341 1273 1473 1334 regnum,
1495 1260 1553 1315 etc.
1597 1252 1703 1334 Neque
1726 1252 1755 1315 id
1778 1253 1874 1316 solum
1896 1253 2045 1317 observa-

686 1359 736 1414 tur
758 1353 787 1414 in
811 1352 982 1416 Obiciorum
1003 1353 1296 1432 Ecclesiasticorum,
1318 1352 1373 1416 scd
1395 1354 1483 1415 etiarn
1506 1353 1535 1414 in
1557 1351 1791 1434 Evangelicrum
1814 1352 1975 1416 codicibus.

985 1614 1082 1686 Dicit
1106 1613 1281 1686 Sacerdos
1307 1615 1504 1686 Orationem
1528 1614 1757 1687 absolutionis.

780 1822 834 1902 En
858 1843 904 1898 est
926 1836 1032 1897 iterata
1055 1833 1250 1898 absolutionis
1273 1835 1427 1920 generalis
1456 1835 1600 1914 formula,
1634 1834 1751 1916 qualem
1780 1833 1864 1896 initio
1894 1832 2043 1915 liturgiae

680 1939 743 2019 jam
765 1935 1010 2012 observavimus,
1041 1952 1118 2015 quae
1146 1942 1177 1996 ut
1207 1935 1302 2014 prima
1333 1933 1370 1996 ad
1392 1935 1497 1997 Filium
1520 1935 1673 2016 dirigitur,
1704 1931 1744 1993 ita
1774 1932 1831 1994 ista
1860 1931 1897 1994 ad
1920 1929 2042 1994 Patrem.

683 2035 759 2098 Nam
781 2055 848 2100 cum
870 2050 973 2096 «omnes
997 2034 1150 2096 crationes
1172 2032 1268 2094 Latini
1283 2031 1415 2096 Carrenis
1439 2053 1479 2096 ex
1499 2032 1702 2096 vetustissima
1714 2029 1874 2094 traditione
1897 2029 1933 2092 ad
1953 2029 2044 2091 Deum

682 2135 801 2199 Patrem
823 2134 1000 2217 dirigantur,
1024 2132 1053 2194 in
1076 2130 1200 2194 Oriente
1222 2131 1324 2212 plures
1347 2131 1385 2194 ad
1407 2131 1530 2195 Filium:
1549 2150 1662 2213 »nempe
1682 2131 1752 2212 quia
1769 2133 1864 2215 magis
1879 2131 2045 2194 conflictata

683 2243 731 2298 est
753 2234 935 2297 Arianorum
965 2239 997 2293 et
1023 2230 1147 2293 aliomm
1178 2231 1228 2312 qui
1259 2229 1324 2311 ejus
1351 2231 1535 2294 divinitatem
1556 2231 1769 2322 impugnabant
1793 2230 2044 2306 contentionibus,

682 2333 847 2396 Orientalis
877 2351 965 2414 quani
992 2329 1194 2393 Occidentalis
1225 2328 1372 2393 Ecclesia.
1416 2329 1512 2393 l'orro
1542 2330 1616 2393 baec
1646 2329 1761 2408 oratic,
1790 2331 1868 2393 sicut
1897 2331 2043 2410 superior,

579 2511 583 2524 .
683 2433 852 2512 comparari
874 2439 959 2493 recte
981 2437 1082 2511 potest
1103 2427 1239 2490 formulis
1269 2427 1327 2490 illis
1350 2429 1380 2490 in
1402 2428 1566 2493 Occidente
1590 2430 1751 2510 usurpatis,
1775 2431 1905 2512 quaein
1928 2429 2045 2511 praeci-

682 2533 751 2613 puis
774 2529 1006 2594 solennitatibus
1027 2529 1206 2609 praesertim
1228 2529 1316 2590 Feria
1339 2528 1440 2608 quinta
1463 2530 1494 2591 in
1517 2529 1618 2593 Coena
1640 2530 1769 2608 Domini,
1791 2548 1884 2611 super
1904 2528 2045 2610 populum

681 2631 936 2711 pronunciantur,
967 2636 997 2692 et
1025 2627 1121 2691 adbuc
1150 2627 1181 2688 in
1209 2626 1327 2708 aldgeri
1357 2646 1497 2690 sermone
1532 2629 1740 2692 Absoluticnis
1768 2648 1877 2694 nomen
1907 2628 2043 2691 retinent.

682 2730 824 2803 Quamvis
849 2737 948 2794 nutem
977 2727 1190 2791 Absolutiones
1221 2727 1290 2789 illae
1318 2728 1394 2790 ritus
1423 2728 1621 2811 Aegyptiaci,
1653 2730 1893 2796 sacramentales
1925 2729 2045 2810 proprie

681 2828 832 2912 loquendo
855 2827 913 2889 dici
935 2826 1158 2908 nonpossint,
1180 2844 1280 2907 neque
1303 2825 1391 2889 talem
1420 2827 1457 2890 de
1485 2827 1601 2892 illarum
1629 2830 1760 2893 ellicacia
1790 2829 1961 2911 opinionem
1984 2825 2046 2890 Co·

681 2930 775 3010 ptitae
798 2927 974 3004 habuerint,
996 2927 1054 2988 nisi
1077 2925 1197 3006 quando
1220 2923 1335 2988 sublata
1365 2926 1445 2988 iuter
1474 2944 1528 2990 eos
1556 2927 1611 2991 fuit
1637 2930 1841 2993 Poenitentiae
1876 2926 2046 2990 Canonicae

683 3025 855 3107 disciplina,
879 3043 939 3088 non
962 3025 1059 3088 levem
1082 3032 1181 3088 tamen
1211 3015 1281 3088 esse
1309 3024 1424 3087 illarum
1451 3025 1579 3090 fructum
1610 3031 1789 3092 existimant.
1841 3025 1962 3108 Quippe
1990 3026 2046 3088 etsi

681 3145 743 3190 non
764 3127 883 3188 valeant
905 3125 943 3188 ad
967 3125 1094 3189 eluenda
1117 3133 1260 3206 peccata,
1284 3125 1322 3188 de
1346 3124 1454 3205 quibus
1476 3125 1628 3190 confessio
1651 3127 1731 3190 nulla
1760 3127 1838 3190 ia'ctn
1868 3134 1933 3204 est,
1965 3125 2045 3207 quod

682 3225 825 3289 volebant
845 3227 997 3305 loannes,
1021 3234 1051 3289 et
1072 3226 1192 3288 blarcus
1214 3226 1422 3302 Patriarcbae,
1445 3224 1483 3288 de
1506 3225 1613 3307 quibus
1644 3227 1713 3289 alibi
1741 3226 1851 3288 dictum
1875 3232 1941 3304 est;
1969 3228 2045 3290 sicut

683 3344 739 3388 nec
762 3325 800 3388 ad
823 3344 859 3388 ea
882 3344 959 3408 quae
983 3325 1123 3404 Conone,
1145 3325 1203 3389 bcc
1226 3332 1272 3388 cst
1302 3325 1441 3408 legitimis
1471 3327 1578 3405 poenis
1606 3328 1801 3408 praescriptis
1832 3324 2043 3406 expiabantur3

681 3433 782 3488 tamen
804 3425 907 3489 valere
930 3443 983 3488 cas
1006 3425 1198 3488 crediderunt
1228 3424 1266 3487 ad
1295 3423 1484 3488 obtinendam
1512 3425 1717 3489 remissionem
1740 3444 1861 3504 eorum,
1896 3442 1952 3506 pro
1975 3426 2043 3507 qui-

681 3523 737 3587 bus
761 3523 850 3586 ctiam
872 3523 972 3588 Sancti
995 3524 1128 3605 quotidie
1150 3531 1219 3586 ante
1250 3523 1354 3586 altaria
1376 3523 1494 3587 Domini
1523 3531 1627 3604 pectus
1655 3525 1781 3589 tundunt
1810 3525 1961 3603 dicentes,
1993 3525 2043 3586 dt·

682 3625 764 3686 mitte
791 3623 880 3684 nobis
908 3623 1010 3686 debita
1040 3631 1154 3686 ncsbu.
1185 3622 1289 3704 ltaque
1317 3623 1551 3705 pronunciatur,
1586 3627 1721 3706 quamvis
1751 3623 1965 3706 deprecando,
2005 3641 2044 3685 ex

682 3722 791 3785 fiducia
813 3723 979 3784 autoritatis
1001 3723 1089 3786 Petro
1112 3739 1294 3801 concessae,
1317 3723 1353 3786 ad
1376 3722 1527 3804 ligandum
1556 3732 1587 3786 ct
1613 3724 1806 3803 solvendum,
1835 3742 1913 3806 quae
1941 3730 2043 3785 tanto-

682 3841 758 3904 pere
780 3821 858 3902 apud
881 3841 935 3885 ecs
959 3840 976 3884 u
1000 3822 1181 3904 Tbeclcgis,
1204 3829 1235 3884 et
1258 3821 1412 3886 Canonum
1433 3823 1649 3904 interpretibus
1677 3823 1911 3888 commendatur.
1957 3823 2042 3886 Unde

684 3911 817 4002 ejusdem
841 3923 985 3985 orationis
1009 3921 1102 3984 verba
1124 3920 1291 3984 afferuntur
1317 3924 1347 3986 in
1377 3921 1530 4003 Opusculo
1558 3922 1663 3988 Severi
1691 3923 1834 4004 Episcopi
1862 3923 1900 3986 de
1931 3921 2043 3986 Officiis

686 4019 940 4100 Christianorum,
963 4023 1044 4084 etin
1068 4022 1209 4084 Tractatu
1230 4020 1443 4084 blonacborum
1459 4021 1715 4086 Antiochenomm
1737 4022 1775 4084 de
1797 4023 1929 4104 legitima
1950 4039 2044 4104 prae-

684 4119 842 4216 paratione
865 4119 901 4182 ad
924 4120 1145 4203 suscipiendam
1166 4120 1392 4184 Eucharistiam.
1416 4118 1449 4182 ln
1470 4119 1538 4183 llitu
1561 4121 1687 4201 Syriaco
1717 4120 1822 4185 Orutic
1843 4121 2045 4201 impositionis

684 4237 826 4281 munuum
847 4237 939 4300 snper
958 4219 1077 4299 sidetes,
1099 4226 1277 4282 recensetur
1306 4237 1323 4281 a
1348 4219 1463 4282 Jaccbo
1491 4218 1666 4300 Edesseno,
1697 4239 1773 4302 quae
1801 4219 1870 4282 huic
1899 4218 2045 4300 quodam-

685 4317 774 4380 modo
796 4319 974 4399 respondet,
998 4320 1054 4381 etsi
1077 4337 1137 4382 non
1160 4326 1207 4381 est
1230 4317 1319 4399 plane
1341 4318 1456 4384 cadem.
1494 4318 1620 4383 Omnino
1643 4320 1721 4383 enim
1743 4321 1867 4382 intentio
1889 4319 2044 4384 Ecclesiae

686 4417 848 4480 orientalis
871 4435 907 4480 ea
930 4425 994 4496 cst,
1017 4427 1050 4481 ut
1072 4435 1128 4498 per
1150 4420 1234 4482 istam
1258 4419 1424 4480 oraticnem
1446 4417 1548 4480 ultimo
1572 4419 1639 4482 loco
1661 4420 1758 4502 gratia
1780 4421 1961 4500 postuletur,
1987 4439 2044 4501 prc

685 4516 819 4598 illisqui
842 4519 1080 4582 communionem
1102 4519 1276 4599 percepturi
1298 4527 1375 4582 sunt.
1420 4517 1462 4582 lta
1485 4519 1515 4581 in
1537 4519 1643 4582 iacobi
1664 4518 1814 4603 liturgia,
1843 4519 1873 4580 in
1902 4536 1962 4600 qua
1988 4537 2045 4581 ro-

686 4623 776 4700 gatur
805 4617 905 4695 Deus,
935 4626 968 4680 ut
993 4619 1164 4697 samtificet
1190 4637 1293 4680 eorum
1323 4619 1443 4680 animes
1469 4627 1499 4680 et
1527 4638 1674 4698 corpora,
1709 4627 1738 4680 et
1763 4617 1934 4700 efficiorctur
1962 4620 2046 4699 digeri

686 4718 926 4780 communicandi
946 4721 1069 4797 corpori
1089 4725 1118 4780 et
1139 4719 1280 4798 sanguini
1300 4716 1422 4779 Domini
1441 4719 1540 4780 nostri
1558 4717 1633 4781 decu
1662 4717 1791 4782 Obristr':
1821 4727 1910 4799 etque
1939 4718 2046 4781 eadam

684 4816 802 4877 ratione
824 4823 927 4878 oratur
948 4817 978 4878 in
1001 4815 1206 4896 chrysostomi
1229 4823 1259 4878 et
1281 4815 1381 4878 Basilii
1402 4816 1555 4900 liturgiis.
1577 4817 1765 4882 Addiderunt
1786 4819 1879 4901 igitur
1899 4815 2045 4902 Aegyptii

685 4915 841 4978 lacebitae
862 4933 970 4978 novam
993 4915 1071 4978 illam
1094 4915 1290 4979 absolutionis
1319 4919 1502 4995 orationem,
1533 4925 1604 4979 tunc
1630 4919 1757 4981 maxime
1787 4935 1854 4981 cum
1884 4935 1976 4999 puros
2004 4917 2044 4980 ab

685 5015 765 5079 omni
800 5015 886 5077 etiam
915 5014 1025 5081 veniali
1052 5015 1143 5078 sorde
1174 5015 1359 5080 Christianos
1387 5033 1455 5080 esse
1483 5017 1658 5098 oportebat,
1690 5019 1909 5100 quamvisjam
1939 5016 2044 5082 similis
