4760 6038
718 703 771 776 20
1228 701 1594 780 LITURGlll

716 898 752 960 et
776 887 972 985 Seraphim,
999 901 1033 962 et
1059 893 1167 963 omnis
1193 890 1364 980 multitud)
1390 887 1640 962 innumerabilis
1661 897 1864 985 potestabrm
1880 890 2093 984 coelestium3

718 1007 774 1100 qui
805 1006 1019 1080 sanctificasti
1053 1005 1115 1078 bas
1149 1005 1336 1080 oblationes
1371 1009 1579 1103 propositas,
1615 1028 1677 1101 per
1710 1005 1865 1104 illapsum
1898 1029 1999 1104 super
2033 1031 2092 1082 eas

717 1123 860 1218 Spiritus
887 1125 994 1196 sancti
1020 1125 1084 1194 tui:
1112 1123 1234 1195 munda
1259 1145 1323 1196 nos
1350 1123 1493 1196 Domine
1520 1146 1541 1194 a
1567 1125 1714 1219 peccatis
1741 1126 1865 1198 uostris
1895 1124 2033 1196 occultis
2059 1134 2093 1197 et

718 1239 919 1328 manifestis,
953 1246 988 1310 et
1014 1238 1055 1310 ab
1084 1242 1174 1310 omni
1206 1242 1411 1332 cogitatione
1445 1261 1530 1334 quae
1565 1238 1705 1311 bonitati
1740 1248 1818 1312 tuae
1851 1261 1919 1311 non
1952 1240 2092 1336 placeat.

716 1355 812 1428 Deus
838 1352 1004 1425 bominum
1030 1365 1160 1426 amator
1185 1354 1284 1428 talem
1312 1378 1332 1427 a
1357 1354 1455 1428 nobis
1482 1354 1624 1451 repelle:
1651 1354 1788 1452 purifica
1805 1376 1950 1450 corpora
1968 1365 2003 1428 et
2015 1357 2093 1428 ani-

717 1492 791 1542 rnas
816 1481 970 1559 nostrus,
997 1470 1102 1543 corda
1128 1481 1244 1544 nostra
1271 1481 1305 1544 et
1331 1474 1554 1544 conscientias
1581 1482 1726 1562 nostras,
1752 1480 1877 1544 utcum
1891 1470 1994 1544 corde
2009 1493 2092 1566 puro

718 1595 753 1656 et
780 1589 888 1659 anima
922 1586 1048 1680 lucida,
1080 1586 1257 1660 inconfusa
1292 1586 1399 1676 facie,
1432 1590 1571 1659 caritate
1605 1587 1776 1683 perfecta,
1810 1596 1844 1659 et
1876 1609 1938 1682 spe
1964 1609 2093 1676 secura,

718 1701 900 1774 audeamus
925 1725 1001 1774 cunr
1035 1701 1176 1793 liducin,
1211 1712 1247 1774 et
1280 1701 1408 1797 absque
1435 1705 1554 1774 timore
1586 1725 1687 1775 orare
1723 1702 1766 1775 ad
1799 1713 1851 1790 te,
1880 1702 1975 1776 Deus
2000 1711 2094 1800 puter

718 1827 835 1890 sancte
861 1826 897 1890 et
921 1819 1080 1892 coelestis
1106 1828 1141 1891 et
1167 1819 1289 1890 dicere
1343 1818 1445 1891 Pater
1471 1828 1597 1894 noster.

1107 2077 1228 2147 Oratio
1255 2077 1454 2147 Froctc‘om's
1480 2075 1553 2145 ulto
1580 2075 1715 2147 Basilii.
1769 2045 1771 2050 Ι

430 2277 485 2328 ΝΜ·
501 2286 569 2329 ‘²¹⁰²
583 2279 705 2330 ΜΨ
822 2280 916 2354 Deus
932 2303 1055 2376 parens
1072 2282 1174 2369 lucis,
1200 2283 1290 2352 vitae
1305 2283 1520 2376 principium,
1547 2284 1710 2355 scientiae
1745 2282 1905 2374 largitor,
1935 2281 2093 2354 donorum

394 2361 455 2515 εἴ
471 2363 517 2415 ¹¹⁰⁶
527 2363 588 2426 '⁰⁶⁰'
601 2365 669 2432 ’ΜΡ
670 2371 708 2415 ⁰⁸³
719 2407 873 2487 creator,
899 2401 1051 2490 gratiose
1077 2396 1214 2493 opifex,
1242 2399 1424 2468 animamm
1451 2392 1640 2470 nostrarum
1673 2396 1889 2488 benefactor,
1922 2397 2094 2472 thesaurus
2178 2389 2183 2398 ’

720 2515 923 2607 sapientiae,
951 2512 1070 2585 doctor
1097 2521 1306 2603 sanctorum,
1332 2512 1487 2586 fundator
1513 2514 1745 2606 saeculorum,
1771 2537 1908 2611 precum
1940 2535 2094 2610 purarum

720 2635 913 2723 susceptor,
939 2631 979 2701 iis
1007 2631 1121 2723 quiin
1148 2651 1223 2700 curn
1250 2638 1320 2700 toto
1343 2629 1446 2701 corde
1464 2630 1631 2703 confidunt
1646 2631 1984 2721 donatormunerum,
2010 2651 2095 2724 quae

720 2742 911 2816 desiderant
936 2745 1061 2838 Angeli
1087 2748 1299 2842 prospicere:
1336 2748 1439 2840 quie
1471 2744 1637 2843 profundo
1670 2768 1735 2820 nos
1768 2745 1883 2819 eduxit
1915 2750 1950 2818 in
1975 2747 2094 2836 lucem,

719 2863 774 2954 qui
801 2859 890 2932 dedit
915 2860 1014 2934 nobis
1040 2863 1143 2933 vitam
1171 2884 1217 2933 ex
1242 2871 1366 2933 morte:
1401 2866 1455 2958 qui
1488 2867 1658 2936 concessit
1692 2861 1791 2936 nobis
1822 2861 2029 2954 libertatern,
2061 2870 2096 2934 et

718 2979 1009 3050 manumissionem
1036 3001 1056 3049 a
1083 2980 1258 3050 servitute:
1286 2979 1341 3072 qui
1367 2977 1523 3052 tenebras
1551 2981 1677 3054 erroris
1705 3001 1791 3074 quae
1817 2981 1850 3050 in
1876 2977 1976 3051 nobis
2002 2985 2097 3050 eraut

718 3090 913 3183 illustravit,
953 3115 1015 3188 per
1047 3095 1272 3188 praesentiam
1306 3096 1339 3163 in
1372 3116 1474 3167 carne
1505 3098 1669 3188 unigeniti
1701 3093 1777 3165 Filii
1811 3097 1871 3168 sui.
1925 3095 1978 3166 Tu
2012 3115 2095 3186 ergo

721 3210 897 3279 etiannum
914 3207 1056 3281 Domine
1072 3209 1199 3282 illustra
1220 3209 1337 3282 occulos
1365 3210 1477 3284 cordis
1503 3215 1629 3303 nostri,
1656 3221 1690 3284 et
1715 3209 1886 3306 perfectos
1911 3232 1976 3284 uos
2003 3209 2095 3281 eliice

720 3324 856 3415 animis,
883 3324 1099 3420 corporibus,
1134 3327 1369 3422 spiritibusque
1399 3331 1545 3418 nostris,
1580 3337 1617 3400 ut
1647 3322 1751 3402 corde
1784 3335 1901 3402 sancto
1933 3333 1968 3397 et
2000 3324 2095 3397 labiis

718 3441 812 3533 puris
840 3438 1020 3514 audeamus
1047 3463 1148 3514 orere
1174 3453 1221 3534 te,
1250 3441 1343 3516 Deus
1369 3454 1466 3539 pater
1493 3453 1609 3518 sancte
1636 3447 1756 3539 quies
1782 3442 1955 3533 inooelis,
1981 3441 2096 3514 etdi-

718 3575 843 3628 camus.
904 3617 906 3622 .

430 3821 460 3872 m
473 3820 708 3875 utramontani·
970 3803 1090 3874 Oratio
1117 3805 1316 3878 diaeticum
1342 3805 1415 3875 ulio
1439 3805 1586 3877 Joaoatr
1613 3803 1851 3896 Gbrysostomr'.

395 3905 542 3972 Bostrensr's,
557 3908 609 3958 siue
623 3907 707 3960 Baso-

394 4009 483 4044 '²”“⁸'
823 4022 954 4094 Dedisti
980 4021 1078 4096 nobis
1113 4025 1255 4114 gratiam
1288 4023 1496 4121 adoptionis,
1530 4045 1593 4118 per
1627 4022 1798 4096 lavacrum
1832 4021 2095 4115 regenerationis

721 4145 756 4209 et
780 4142 1010 4211 renovationis
1036 4137 1179 4235 Spiritus
1207 4143 1332 4229 sancti,
1358 4163 1446 4211 nunc
1480 4149 1590 4212 autem
1615 4139 1736 4230 dignos
1763 4137 1876 4228 ellioe,
1909 4148 1945 4209 ut
1971 4135 2096 4231 absque

721 4252 910 4349 hypocrisi,
937 4254 1041 4327 corde
1067 4275 1172 4351 puro,
1198 4258 1402 4328 couscientia
1428 4255 1569 4328 fiduciae
1595 4255 1711 4350 plena,
1747 4251 1911 4347 labiisque
1939 4249 1980 4324 ab
2009 4253 2096 4324 omni

722 4370 849 4442 oll'eusa
875 4368 1006 4460 liberis,
1035 4392 1170 4445 oremus
1196 4379 1231 4442 te
1256 4380 1370 4466 pater,
1404 4380 1441 4443 ut
1473 4393 1532 4442 eas
1558 4369 1729 4443 futilitates
1764 4369 1975 4464 respuendo,
2011 4387 2096 4463 quae

722 4489 869 4576 gentium
896 4486 1088 4582 multiloquii
1123 4496 1157 4558 et
1181 4486 1311 4558 ludoici
1347 4487 1514 4582 supercilii
1547 4495 1640 4576 sunt,
1674 4487 1842 4582 possimus
1878 4485 2000 4556 olierre
2039 4481 2096 4554 tibi

722 4623 842 4696 preces
876 4607 1148 4698 orationemque,
1171 4606 1270 4694 juxta
1296 4605 1533 4675 institutionem
1560 4601 1810 4675 saluberrimam
1836 4599 1912 4672 Filii
1947 4602 1994 4671 tui
2018 4601 2096 4670 uni-

723 4720 846 4807 geniti,
872 4739 961 4790 voce
987 4741 1089 4813 pura,
1118 4719 1222 4814 qualis
1250 4714 1456 4792 Christianos
1484 4718 1598 4810 decet,
1625 4728 1659 4791 et
1676 4717 1750 4789 cum
1765 4720 1940 4789 sanctitate
1957 4716 2097 4802 animae,

723 4836 875 4926 corporis
902 4843 936 4904 et
962 4837 1115 4928 spiritus,
1143 4834 1323 4907 audeamus
1351 4833 1478 4928 absque
1503 4837 1623 4906 timore
1650 4833 1795 4904 clamare
1822 4830 1864 4903 ad
1883 4842 1934 4920 te,
1961 4833 2097 4901 increa-

723 4956 809 5038 tum,
837 4947 966 5043 absque
991 4951 1105 5040 initio,
1131 4953 1332 5042 ingenitum,
1358 4961 1506 5024 nostrum
1534 4959 1569 5021 et
1594 4952 1739 5021 omnium
1765 4948 1961 5036 Dominum,
1990 4944 2099 5016 Deum

722 5073 854 5158 patrem
880 5073 1029 5136 sanctum
1057 5066 1112 5158 qui
1139 5087 1176 5140 es
1203 5069 1238 5136 in
1265 5067 1388 5157 coelis,
1416 5076 1450 5138 et
1476 5065 1635 5139 dicemus.
1687 5065 1790 5136 Pater
1821 5072 1936 5136 noster
1971 5061 2028 5155 qui
2061 5077 2099 5128 es

712 5181 756 5264 in
782 5177 908 5272 coelis,
935 5187 999 5253 etc.
